2019.11.08 04:00:00.336,1.10521,1.10523,0.19,1.69
2019.11.08 04:00:00.595,1.10521,1.10523,0.19,3
2019.11.08 04:00:05.032,1.10522,1.10523,0.19,0.75
2019.11.08 04:00:06.248,1.10523,1.10525,3.26,0.94
2019.11.08 04:00:07.467,1.10522,1.10524,0.75,0.75
2019.11.08 04:00:08.178,1.10522,1.10525,1.39,1.57
2019.11.08 04:00:08.280,1.10523,1.10525,1.31,0.1
2019.11.08 04:00:09.235,1.10522,1.10523,0.19,0.75
2019.11.08 04:00:09.336,1.10521,1.10523,0.19,3.19
2019.11.08 04:00:09.494,1.10522,1.10523,0.19,0.75
2019.11.08 04:00:09.677,1.10521,1.10523,0.19,3.19
2019.11.08 04:00:18.029,1.10522,1.10523,0.19,0.75
2019.11.08 04:00:20.993,1.10521,1.10523,0.94,1.69
2019.11.08 04:00:29.272,1.10522,1.10523,0.94,0.75
2019.11.08 04:00:32.277,1.10521,1.10523,0.94,0.94
2019.11.08 04:00:34.733,1.1052,1.10523,0.1,4.5
2019.11.08 04:00:35.066,1.1052,1.10521,0.94,1.5
2019.11.08 04:00:35.167,1.10519,1.10521,1.69,1.95
2019.11.08 04:00:37.997,1.10518,1.1052,1.57,0.75
2019.11.08 04:00:38.098,1.10517,1.1052,2.14,0.75
2019.11.08 04:00:39.056,1.10517,1.10519,0.19,0.75
2019.11.08 04:00:43.265,1.10518,1.10521,3.34,2.25
2019.11.08 04:00:43.367,1.10519,1.1052,0.37,0.75
2019.11.08 04:00:43.570,1.10519,1.10521,0.19,1.01
2019.11.08 04:00:44.087,1.10518,1.1052,0.19,3.52
2019.11.08 04:00:44.189,1.10518,1.10519,0.19,0.75
2019.11.08 04:00:44.339,1.10517,1.10519,0.19,2.44
2019.11.08 04:00:44.989,1.10517,1.1052,1.01,1.5
2019.11.08 04:00:45.191,1.10517,1.10519,0.37,3.15
2019.11.08 04:00:45.582,1.10516,1.10519,0.1,3.64
2019.11.08 04:00:50.031,1.10517,1.10519,0.82,0.75
2019.11.08 04:00:55.303,1.10518,1.1052,0.94,0.75
2019.11.08 04:00:55.353,1.10519,1.10521,3.45,0.75
2019.11.08 04:00:55.758,1.10519,1.10522,1.69,2.25
2019.11.08 04:00:56.114,1.10519,1.10521,0.19,0.75
2019.11.08 04:00:56.216,1.10517,1.10519,0.19,2.89
2019.11.08 04:00:56.784,1.10518,1.10519,0.19,0.75
2019.11.08 04:00:56.885,1.10517,1.10519,0.19,4.39
2019.11.08 04:01:00.617,1.10517,1.1052,1.5,4.57
2019.11.08 04:01:02.615,1.10518,1.1052,0.75,0.75
2019.11.08 04:01:02.754,1.10517,1.1052,0.75,3.07
2019.11.08 04:01:08.031,1.10517,1.10521,3.94,2.32
2019.11.08 04:01:08.595,1.10518,1.10521,4.84,0.75
2019.11.08 04:01:08.778,1.10517,1.10521,4.09,2.7
2019.11.08 04:01:08.879,1.10518,1.1052,0.26,0.75
2019.11.08 04:01:08.930,1.10516,1.1052,1.01,4.46
2019.11.08 04:01:09.081,1.10517,1.10519,0.75,0.82
2019.11.08 04:01:21.646,1.10516,1.10519,0.19,3.26
2019.11.08 04:01:29.952,1.10517,1.10519,0.19,0.75
2019.11.08 04:01:30.353,1.10516,1.10519,0.26,4.69
2019.11.08 04:01:41.607,1.10517,1.10519,0.19,3.07
2019.11.08 04:01:41.709,1.10517,1.1052,2.25,1.84
2019.11.08 04:01:41.824,1.10517,1.10519,0.1,0.9
2019.11.08 04:01:45.065,1.10517,1.1052,1.01,0.52
2019.11.08 04:01:45.167,1.10518,1.10519,0.1,0.75
2019.11.08 04:01:45.269,1.10519,1.1052,0.19,0.75
2019.11.08 04:01:45.372,1.10518,1.1052,1.12,4.12
2019.11.08 04:01:45.473,1.10518,1.10519,0.19,0.82
2019.11.08 04:01:45.574,1.10518,1.1052,1.84,0.75
2019.11.08 04:01:58.422,1.10518,1.10519,0.75,0.75
2019.11.08 04:01:58.524,1.10517,1.10519,0.9,0.75
2019.11.08 04:02:00.236,1.10518,1.1052,2.51,1.2
2019.11.08 04:02:07.253,1.10518,1.1052,1.76,0.75
2019.11.08 04:02:07.354,1.10517,1.1052,2.14,0.75
2019.11.08 04:02:07.455,1.10517,1.10518,0.1,1.5
2019.11.08 04:02:08.241,1.10517,1.1052,1.76,2.25
2019.11.08 04:02:08.347,1.10517,1.10519,0.75,0.1
2019.11.08 04:02:08.448,1.10516,1.10518,0.75,0.75
2019.11.08 04:02:08.963,1.10515,1.10518,0.75,6.34
2019.11.08 04:02:09.475,1.10516,1.10518,0.75,0.75
2019.11.08 04:02:09.623,1.10515,1.10518,0.75,6.34
2019.11.08 04:02:11.263,1.10516,1.10518,1.5,0.75
2019.11.08 04:02:17.031,1.10515,1.10519,1.57,3.64
2019.11.08 04:02:23.042,1.10516,1.10519,3.52,0.1
2019.11.08 04:02:23.143,1.10515,1.10518,0.75,0.94
2019.11.08 04:02:24.159,1.10515,1.10519,5.96,0.94
2019.11.08 04:02:30.024,1.10515,1.10518,0.75,1.31
2019.11.08 04:02:32.887,1.10514,1.10518,1.46,2.44
2019.11.08 04:02:33.190,1.10514,1.10517,0.75,2.44
2019.11.08 04:02:33.355,1.10515,1.10517,1.5,0.75
2019.11.08 04:02:34.142,1.10514,1.10516,1.01,1.5
2019.11.08 04:02:34.244,1.10513,1.10515,1.57,6.19
2019.11.08 04:02:34.296,1.10511,1.10515,2.32,5.59
2019.11.08 04:02:34.398,1.10512,1.10514,1.57,0.1
2019.11.08 04:02:34.500,1.10511,1.10514,1.57,1.5
2019.11.08 04:02:34.601,1.10511,1.10513,0.75,1.5
2019.11.08 04:02:34.774,1.10511,1.10514,1.57,1.5
2019.11.08 04:02:35.239,1.1051,1.10513,1.5,3
2019.11.08 04:02:38.007,1.1051,1.10512,0.75,4.24
2019.11.08 04:02:38.108,1.1051,1.10511,0.75,1.57
2019.11.08 04:02:38.209,1.1051,1.10512,0.75,0.75
2019.11.08 04:02:38.311,1.1051,1.10511,0.19,0.75
2019.11.08 04:02:58.205,1.10509,1.10511,0.19,1.5
2019.11.08 04:02:58.797,1.10509,1.10513,5.14,1.69
2019.11.08 04:02:59.419,1.10509,1.10511,0.19,1.5
2019.11.08 04:03:14.429,1.10511,1.10513,3.56,0.94
2019.11.08 04:03:14.480,1.10509,1.10512,0.19,1.95
2019.11.08 04:03:20.044,1.1051,1.10512,1.69,0.75
2019.11.08 04:03:22.372,1.10511,1.10512,0.94,0.1
2019.11.08 04:03:25.132,1.10509,1.10511,0.19,3
2019.11.08 04:03:30.185,1.1051,1.10511,0.19,0.37
2019.11.08 04:03:35.133,1.10509,1.10511,0.19,1.57
2019.11.08 04:03:35.829,1.10509,1.10512,0.75,2.44
2019.11.08 04:03:41.031,1.1051,1.10512,2.25,0.75
2019.11.08 04:03:45.374,1.10509,1.10512,0.75,2.51
2019.11.08 04:04:08.031,1.1051,1.10512,1.69,0.75
2019.11.08 04:04:11.030,1.10509,1.10512,0.94,2.25
2019.11.08 04:04:58.197,1.1051,1.10512,1.31,0.75
2019.11.08 04:05:18.190,1.10509,1.10513,2.62,1.57
2019.11.08 04:05:42.716,1.10509,1.10512,0.75,2.25
2019.11.08 04:05:52.260,1.10509,1.10511,0.75,2.25
2019.11.08 04:05:55.840,1.10509,1.10512,3,1.57
2019.11.08 04:05:57.416,1.1051,1.10512,2.62,0.1
2019.11.08 04:05:58.724,1.10509,1.10512,2.44,0.75
2019.11.08 04:06:00.026,1.10509,1.10511,0.1,0.75
2019.11.08 04:06:00.127,1.10508,1.10512,3.56,3.26
2019.11.08 04:06:02.328,1.10509,1.10512,2.51,0.45
2019.11.08 04:06:09.444,1.10508,1.10511,0.19,3.82
2019.11.08 04:06:09.546,1.10509,1.10511,0.94,0.19
2019.11.08 04:06:17.460,1.10509,1.10512,3.07,0.94
2019.11.08 04:06:19.245,1.10509,1.10511,0.75,0.26
2019.11.08 04:06:23.762,1.10509,1.10512,1.5,1.01
2019.11.08 04:06:27.193,1.1051,1.10512,1.5,0.75
2019.11.08 04:06:30.843,1.10509,1.10512,0.75,1.01
2019.11.08 04:06:39.184,1.1051,1.10512,1.5,0.75
2019.11.08 04:06:53.063,1.10509,1.10512,2.25,1.76
2019.11.08 04:06:54.670,1.1051,1.10512,3,0.75
2019.11.08 04:06:55.795,1.10509,1.10512,2.25,1.76
2019.11.08 04:07:06.037,1.1051,1.10512,0.75,0.37
2019.11.08 04:07:06.852,1.10509,1.1051,1.5,0.1
2019.11.08 04:07:06.954,1.10506,1.10508,2.25,1.57
2019.11.08 04:07:09.249,1.10507,1.10508,0.75,0.94
2019.11.08 04:07:09.300,1.10507,1.1051,7.2,3.19
2019.11.08 04:07:09.402,1.10509,1.10511,2.32,0.75
2019.11.08 04:07:09.503,1.10508,1.10511,0.1,4.69
2019.11.08 04:07:09.604,1.10509,1.10512,2.25,0.75
2019.11.08 04:07:23.208,1.10509,1.10513,2.89,1.5
2019.11.08 04:07:35.275,1.10509,1.10512,0.37,1.5
2019.11.08 04:07:41.718,1.10509,1.10513,1.69,1.95
2019.11.08 04:07:53.031,1.1051,1.10512,0.75,0.75
2019.11.08 04:07:54.274,1.1051,1.10514,4.76,1.69
2019.11.08 04:07:54.477,1.1051,1.10513,0.75,1.69
2019.11.08 04:08:15.319,1.10511,1.10514,4.01,0.45
2019.11.08 04:08:15.420,1.10513,1.10514,0.75,0.75
2019.11.08 04:08:15.522,1.10514,1.10516,0.1,0.37
2019.11.08 04:08:15.623,1.10513,1.10517,1.5,3.26
2019.11.08 04:08:15.725,1.10514,1.10518,3.26,1.2
2019.11.08 04:08:19.281,1.10515,1.10517,0.75,1.5
2019.11.08 04:08:21.336,1.10516,1.10517,0.75,0.45
2019.11.08 04:08:21.486,1.10515,1.10517,0.75,1.95
2019.11.08 04:08:23.031,1.10515,1.10518,1.01,1.2
2019.11.08 04:08:34.574,1.10515,1.10517,0.37,1.95
2019.11.08 04:08:34.676,1.10516,1.10517,0.37,0.45
2019.11.08 04:08:36.692,1.10515,1.10518,1.01,1.95
2019.11.08 04:08:41.678,1.10516,1.10518,1.01,0.45
2019.11.08 04:08:41.779,1.10515,1.10518,2.14,1.95
2019.11.08 04:08:42.125,1.10517,1.10518,1.87,0.45
2019.11.08 04:08:42.227,1.10515,1.10518,0.75,2.14
2019.11.08 04:08:42.431,1.10516,1.10518,0.75,0.45
2019.11.08 04:08:48.258,1.10518,1.10519,1.5,0.19
2019.11.08 04:08:48.359,1.10519,1.10522,3.07,1.12
2019.11.08 04:08:48.461,1.10521,1.10522,0.75,1.2
2019.11.08 04:08:48.563,1.10521,1.10524,2.14,1.2
2019.11.08 04:08:48.664,1.1052,1.10523,1.12,1.95
2019.11.08 04:08:49.545,1.1052,1.10524,3.19,1.95
2019.11.08 04:08:50.353,1.1052,1.10522,0.1,1.95
2019.11.08 04:09:11.055,1.1052,1.10523,1.46,1.95
2019.11.08 04:09:26.480,1.1052,1.10522,0.75,1.95
2019.11.08 04:09:41.751,1.10519,1.10521,1.01,0.75
2019.11.08 04:09:41.853,1.10516,1.10518,0.1,2.7
2019.11.08 04:09:42.005,1.10515,1.10518,0.64,1.95
2019.11.08 04:09:45.112,1.10515,1.10517,0.75,1.2
2019.11.08 04:09:45.850,1.10515,1.10518,3.64,0.1
2019.11.08 04:09:53.067,1.10515,1.10517,0.75,0.1
2019.11.08 04:09:53.576,1.10514,1.10517,0.75,2.89
2019.11.08 04:09:53.678,1.10515,1.10517,0.75,0.45
2019.11.08 04:09:59.032,1.10515,1.10518,2.89,0.45
2019.11.08 04:10:00.320,1.10515,1.10517,0.75,1.2
2019.11.08 04:10:00.422,1.10514,1.10516,1.76,1.2
2019.11.08 04:10:00.473,1.10513,1.10515,0.26,1.95
2019.11.08 04:10:00.575,1.10512,1.10515,0.26,5.14
2019.11.08 04:10:01.624,1.10513,1.10515,0.26,1.2
2019.11.08 04:10:01.878,1.10513,1.10514,0.1,0.45
2019.11.08 04:10:02.030,1.10513,1.10516,2.21,2.14
2019.11.08 04:10:02.131,1.10514,1.10516,2.14,0.1
2019.11.08 04:10:02.232,1.10513,1.10516,2.14,0.94
2019.11.08 04:10:02.976,1.10513,1.10514,0.1,0.45
2019.11.08 04:10:03.078,1.10512,1.10514,0.1,2.51
2019.11.08 04:10:03.129,1.10512,1.10516,1.76,4.01
2019.11.08 04:10:03.240,1.10513,1.10515,0.26,0.45
2019.11.08 04:10:03.342,1.10512,1.10515,0.26,1.95
2019.11.08 04:10:07.653,1.10514,1.10515,0.26,1.2
2019.11.08 04:10:07.754,1.10513,1.10515,0.26,0.45
2019.11.08 04:10:07.856,1.10514,1.10516,2.25,0.75
2019.11.08 04:10:08.008,1.10513,1.10515,0.26,1.2
2019.11.08 04:10:08.109,1.10512,1.10515,0.26,2.14
2019.11.08 04:10:08.210,1.10513,1.10516,3.26,1.2
2019.11.08 04:10:13.193,1.10513,1.10517,7.76,5.14
2019.11.08 04:10:13.295,1.10514,1.10517,4.76,0.75
2019.11.08 04:10:13.410,1.10513,1.10515,0.94,4.2
2019.11.08 04:10:13.889,1.10512,1.10515,1.01,2.7
2019.11.08 04:10:13.991,1.10513,1.10516,1.95,5.14
2019.11.08 04:10:14.092,1.10514,1.10516,0.1,0.75
2019.11.08 04:10:16.519,1.10515,1.10516,0.1,0.19
2019.11.08 04:10:16.621,1.10515,1.10517,0.94,1.01
2019.11.08 04:10:18.951,1.10515,1.10517,1.76,1.22
2019.11.08 04:10:19.053,1.10514,1.10516,1.01,1.2
2019.11.08 04:10:19.154,1.10515,1.10516,0.82,0.19
2019.11.08 04:10:19.256,1.10514,1.10517,3.45,0.19
2019.11.08 04:10:20.646,1.10515,1.10517,0.75,0.75
2019.11.08 04:10:20.747,1.10514,1.10517,0.75,5.14
2019.11.08 04:10:20.849,1.10514,1.10518,4.2,3.64
2019.11.08 04:10:20.951,1.10515,1.10518,4.76,0.75
2019.11.08 04:10:26.062,1.10515,1.10517,0.75,1.2
2019.11.08 04:10:31.656,1.10514,1.10516,0.19,4.2
2019.11.08 04:10:31.758,1.10513,1.10514,0.19,1.2
2019.11.08 04:10:31.859,1.10513,1.10514,0.19,1.2
2019.11.08 04:10:31.960,1.10512,1.10514,0.19,2.14
2019.11.08 04:10:42.035,1.10513,1.10515,0.26,0.19
2019.11.08 04:10:54.146,1.10512,1.10514,1.69,1.76
2019.11.08 04:10:54.671,1.10511,1.10512,0.1,0.75
2019.11.08 04:10:54.843,1.1051,1.10512,0.82,1.95
2019.11.08 04:11:32.492,1.10509,1.10511,1.01,4.57
2019.11.08 04:11:32.594,1.10509,1.1051,1.01,1.2
2019.11.08 04:11:32.690,1.10507,1.1051,1.01,3.45
2019.11.08 04:11:59.032,1.10507,1.10509,0.75,1.95
2019.11.08 04:12:03.305,1.10509,1.1051,0.82,0.37
2019.11.08 04:12:03.406,1.10509,1.10511,0.82,1.39
2019.11.08 04:12:03.507,1.10509,1.10512,0.82,2.14
2019.11.08 04:12:03.609,1.1051,1.10512,0.82,0.1
2019.11.08 04:12:04.874,1.10509,1.10512,0.1,1.39
2019.11.08 04:12:11.099,1.10509,1.10513,4.76,1.39
2019.11.08 04:12:16.916,1.1051,1.10513,4.01,0.1
2019.11.08 04:12:17.118,1.1051,1.10512,0.75,0.1
2019.11.08 04:12:17.808,1.1051,1.10513,4.76,0.1
2019.11.08 04:12:21.595,1.1051,1.10512,0.75,0.1
2019.11.08 04:12:39.268,1.10511,1.10512,0.75,0.1
2019.11.08 04:12:42.045,1.10509,1.10512,0.75,2.89
2019.11.08 04:13:00.270,1.1051,1.10512,2.32,0.1
2019.11.08 04:13:00.371,1.10509,1.10512,1.57,2.89
2019.11.08 04:13:15.397,1.10508,1.1051,0.29,2.7
2019.11.08 04:13:15.448,1.10507,1.10509,0.1,1.95
2019.11.08 04:13:21.640,1.10508,1.10509,0.1,1.2
2019.11.08 04:13:30.646,1.10507,1.10509,0.82,0.37
2019.11.08 04:13:32.625,1.10508,1.10509,1.5,1.2
2019.11.08 04:13:32.739,1.10507,1.10508,1.5,1.2
2019.11.08 04:13:32.791,1.10505,1.10507,0.75,4.57
2019.11.08 04:13:32.892,1.10506,1.10507,1.5,0.45
2019.11.08 04:13:32.993,1.10505,1.10507,0.75,2.14
2019.11.08 04:13:37.824,1.10505,1.10506,0.75,1.39
2019.11.08 04:13:38.005,1.10505,1.10507,1.57,1.39
2019.11.08 04:13:45.171,1.10505,1.10506,0.75,0.56
2019.11.08 04:13:45.421,1.10505,1.10507,1.57,0.56
2019.11.08 04:13:57.211,1.10505,1.10506,0.75,1.39
2019.11.08 04:13:58.725,1.10506,1.10507,0.82,2.89
2019.11.08 04:13:58.877,1.10506,1.10508,2.7,0.45
2019.11.08 04:13:58.978,1.10505,1.10507,0.75,2.14
2019.11.08 04:13:59.530,1.10505,1.10508,2.7,1.39
2019.11.08 04:13:59.631,1.10505,1.10507,0.45,1.12
2019.11.08 04:14:08.965,1.10504,1.10507,0.37,3.64
2019.11.08 04:14:21.990,1.10505,1.10507,0.19,1.39
2019.11.08 04:14:26.604,1.10506,1.10507,0.75,0.75
2019.11.08 04:14:26.710,1.10505,1.10508,2.25,3.64
2019.11.08 04:14:26.935,1.10506,1.10508,2.25,0.75
2019.11.08 04:14:27.263,1.10505,1.10508,2.25,3.26
2019.11.08 04:14:27.364,1.10506,1.10508,2.25,0.75
2019.11.08 04:14:27.628,1.10505,1.10508,2.25,3.26
2019.11.08 04:14:30.236,1.10507,1.10508,0.75,0.75
2019.11.08 04:14:30.287,1.10507,1.10509,1.87,0.19
2019.11.08 04:14:30.540,1.10507,1.10509,0.37,1.2
2019.11.08 04:14:30.742,1.10507,1.1051,5.06,1.2
2019.11.08 04:14:31.802,1.10507,1.10509,3.75,1.2
2019.11.08 04:14:43.513,1.10507,1.10508,0.45,0.37
2019.11.08 04:14:43.616,1.10506,1.10507,0.37,1.2
2019.11.08 04:14:43.717,1.10504,1.10506,0.75,2.14
2019.11.08 04:14:50.287,1.10505,1.10506,0.75,0.45
2019.11.08 04:14:50.439,1.10504,1.10506,0.75,1.39
2019.11.08 04:14:50.540,1.10505,1.10506,0.75,0.37
2019.11.08 04:14:54.658,1.10504,1.10506,0.75,2.14
2019.11.08 04:15:02.901,1.10503,1.10506,2.51,4.57
2019.11.08 04:15:03.103,1.10503,1.10504,0.1,3.82
2019.11.08 04:15:03.546,1.10502,1.10504,2.89,1.38
2019.11.08 04:15:03.648,1.10502,1.10503,0.75,0.19
2019.11.08 04:15:04.136,1.10503,1.10505,3.64,0.19
2019.11.08 04:15:04.398,1.10504,1.10505,1.57,1.2
2019.11.08 04:15:05.475,1.10504,1.10506,4.76,1.2
2019.11.08 04:15:05.576,1.10504,1.10505,0.75,1.2
2019.11.08 04:15:05.678,1.10504,1.10506,3.07,1.01
2019.11.08 04:15:05.880,1.10505,1.10506,0.75,1.2
2019.11.08 04:15:06.261,1.10505,1.10507,2.32,1.2
2019.11.08 04:15:50.890,1.10505,1.10507,1.12,1.2
2019.11.08 04:15:50.991,1.10504,1.10507,1.12,2.89
2019.11.08 04:15:51.092,1.10505,1.10507,0.75,0.19
2019.11.08 04:15:51.244,1.10506,1.10507,1.69,0.37
2019.11.08 04:15:53.121,1.10505,1.10508,4.01,0.45
2019.11.08 04:16:07.066,1.10506,1.10508,2.25,0.75
2019.11.08 04:16:07.218,1.10505,1.10507,0.45,1.2
2019.11.08 04:16:14.082,1.10505,1.10508,1.76,0.37
2019.11.08 04:16:14.889,1.10506,1.10508,1.5,0.45
2019.11.08 04:16:17.077,1.10506,1.10507,0.75,0.45
2019.11.08 04:16:19.203,1.10505,1.10507,0.75,2.14
2019.11.08 04:16:24.262,1.10507,1.10509,1.5,2.44
2019.11.08 04:16:29.031,1.10506,1.10509,0.19,4.39
2019.11.08 04:16:52.993,1.10508,1.10509,0.19,0.1
2019.11.08 04:16:53.097,1.10507,1.10509,0.19,0.1
2019.11.08 04:17:01.676,1.10508,1.10509,0.19,0.1
2019.11.08 04:17:02.436,1.10506,1.10509,2.89,2.14
2019.11.08 04:17:02.588,1.10506,1.10508,0.75,0.26
2019.11.08 04:17:02.710,1.10506,1.10509,4.76,1.39
2019.11.08 04:17:08.062,1.10507,1.10509,0.19,0.75
2019.11.08 04:17:08.163,1.10506,1.10509,0.19,2.89
2019.11.08 04:17:08.982,1.10506,1.10508,0.75,2.89
2019.11.08 04:17:09.216,1.10507,1.10508,0.75,0.45
2019.11.08 04:17:14.032,1.10507,1.10509,2.14,0.45
2019.11.08 04:17:26.046,1.10507,1.10508,0.75,0.45
2019.11.08 04:17:29.556,1.10506,1.10508,1.12,0.1
2019.11.08 04:17:31.640,1.10505,1.10508,1.12,3.45
2019.11.08 04:17:38.410,1.10506,1.10508,2.62,0.75
2019.11.08 04:17:41.031,1.10505,1.10508,1.12,2.7
2019.11.08 04:17:45.297,1.10506,1.10507,0.37,0.75
2019.11.08 04:17:45.399,1.10504,1.10505,0.75,1.95
2019.11.08 04:17:45.451,1.10503,1.10504,0.19,0.1
2019.11.08 04:17:45.502,1.10501,1.10504,2.06,6.26
2019.11.08 04:17:45.605,1.10502,1.10504,3.56,0.1
2019.11.08 04:17:45.656,1.10501,1.10503,0.75,1.39
2019.11.08 04:17:45.758,1.10501,1.10502,0.75,0.64
2019.11.08 04:17:48.220,1.10501,1.10503,2.62,0.26
2019.11.08 04:17:48.322,1.10501,1.10502,0.45,0.1
2019.11.08 04:17:48.423,1.105,1.10502,1.2,0.75
2019.11.08 04:17:48.525,1.10499,1.10502,1.2,1.95
2019.11.08 04:17:48.626,1.105,1.10503,3.19,0.64
2019.11.08 04:17:48.727,1.105,1.10502,0.19,2.14
2019.11.08 04:17:48.830,1.105,1.10503,2.25,2.14
2019.11.08 04:17:50.785,1.10502,1.10503,1.5,1.5
2019.11.08 04:17:50.887,1.10502,1.10504,1.87,2.25
2019.11.08 04:18:00.356,1.10502,1.10503,0.19,1.2
2019.11.08 04:18:00.457,1.10501,1.10503,0.19,0.64
2019.11.08 04:18:10.111,1.10502,1.10505,3.19,0.1
2019.11.08 04:18:10.314,1.10503,1.10505,2.06,1.2
2019.11.08 04:18:16.396,1.10504,1.10506,1.69,0.82
2019.11.08 04:18:21.481,1.10505,1.10507,0.75,0.26
2019.11.08 04:18:38.998,1.10506,1.10507,0.75,1.2
2019.11.08 04:18:50.904,1.10505,1.10507,0.75,1.01
2019.11.08 04:19:06.120,1.10504,1.10505,0.19,1.39
2019.11.08 04:19:06.221,1.10504,1.10506,2.17,0.19
2019.11.08 04:19:06.373,1.10504,1.10507,1.12,2.14
2019.11.08 04:19:06.474,1.10504,1.10506,0.75,1.01
2019.11.08 04:19:06.736,1.10504,1.10507,1.12,1.01
2019.11.08 04:19:16.358,1.10503,1.10505,0.94,3.45
2019.11.08 04:19:16.561,1.10502,1.10504,0.56,5.7
2019.11.08 04:19:17.816,1.10501,1.10503,0.94,2.14
2019.11.08 04:19:17.917,1.10501,1.10502,0.19,0.94
2019.11.08 04:19:32.310,1.10502,1.10503,0.19,0.1
2019.11.08 04:19:45.709,1.10501,1.10503,0.19,1.39
2019.11.08 04:20:05.270,1.10502,1.10503,0.26,0.45
2019.11.08 04:20:05.371,1.10501,1.10502,0.19,1.84
2019.11.08 04:20:10.803,1.10501,1.10503,0.75,1.84
2019.11.08 04:20:10.904,1.10503,1.10504,1.12,0.45
2019.11.08 04:20:10.955,1.10501,1.10504,1.12,5.51
2019.11.08 04:20:14.766,1.10502,1.10503,0.75,0.75
2019.11.08 04:20:14.867,1.10502,1.10504,1.31,0.75
2019.11.08 04:20:14.968,1.10502,1.10504,1.69,3.07
2019.11.08 04:20:35.758,1.10501,1.10504,0.19,3.45
2019.11.08 04:20:35.916,1.10502,1.10504,0.19,0.75
2019.11.08 04:20:36.057,1.10501,1.10504,0.94,2.7
2019.11.08 04:20:53.032,1.10501,1.10503,0.75,3.45
2019.11.08 04:20:55.399,1.10502,1.10503,0.75,0.75
2019.11.08 04:20:56.031,1.10502,1.10504,1.69,0.75
2019.11.08 04:21:03.518,1.10501,1.10504,2.51,1.5
2019.11.08 04:21:03.671,1.10501,1.10503,0.45,1.57
2019.11.08 04:21:03.823,1.10502,1.10503,0.75,0.75
2019.11.08 04:21:08.223,1.10501,1.10503,0.75,3.07
2019.11.08 04:21:18.783,1.10502,1.10503,0.75,0.75
2019.11.08 04:21:22.036,1.10502,1.10504,1.95,0.75
2019.11.08 04:21:26.030,1.10502,1.10503,0.75,0.75
2019.11.08 04:21:27.246,1.10502,1.10504,2.7,0.75
2019.11.08 04:21:27.393,1.10501,1.10504,2.7,1.5
2019.11.08 04:21:28.307,1.10502,1.10504,2.7,0.75
2019.11.08 04:21:29.789,1.10502,1.10503,0.75,0.75
2019.11.08 04:21:29.999,1.10501,1.10503,0.75,3
2019.11.08 04:21:34.387,1.10501,1.10504,2.25,2.7
2019.11.08 04:21:35.031,1.10501,1.10503,0.75,3.45
2019.11.08 04:21:38.032,1.10501,1.10504,3,1.95
2019.11.08 04:21:43.034,1.10503,1.10504,0.94,0.45
2019.11.08 04:21:43.135,1.10501,1.10504,0.19,5.14
2019.11.08 04:21:53.065,1.10501,1.10503,0.75,3.64
2019.11.08 04:21:59.032,1.10501,1.10504,1.01,2.14
2019.11.08 04:21:59.909,1.10501,1.10503,0.19,1.2
2019.11.08 04:22:00.389,1.105,1.10503,0.19,3.64
2019.11.08 04:22:03.004,1.10501,1.10503,0.19,0.75
2019.11.08 04:22:07.262,1.105,1.10503,0.19,3.64
2019.11.08 04:22:11.198,1.10501,1.10503,0.26,0.75
2019.11.08 04:22:11.299,1.105,1.10503,0.26,2.89
2019.11.08 04:22:23.025,1.10501,1.10503,0.94,0.75
2019.11.08 04:22:23.249,1.105,1.10503,0.94,1.76
2019.11.08 04:22:41.031,1.10501,1.10503,1.69,0.75
2019.11.08 04:22:48.265,1.10502,1.10503,0.75,0.82
2019.11.08 04:22:48.403,1.10501,1.10503,0.75,1.46
2019.11.08 04:23:19.364,1.10501,1.10504,1.76,0.19
2019.11.08 04:23:25.933,1.10501,1.10503,0.75,0.19
2019.11.08 04:23:33.432,1.10501,1.10504,3.19,1.95
2019.11.08 04:23:48.862,1.10501,1.10503,0.1,0.64
2019.11.08 04:24:00.116,1.105,1.10503,0.1,3.15
2019.11.08 04:24:01.186,1.10501,1.10503,0.19,0.1
2019.11.08 04:24:01.458,1.105,1.10503,0.19,4.65
2019.11.08 04:24:01.575,1.10501,1.10503,0.19,0.45
2019.11.08 04:24:09.117,1.105,1.10503,0.19,5.4
2019.11.08 04:24:09.827,1.10501,1.10503,0.94,0.75
2019.11.08 04:24:14.737,1.105,1.10503,0.19,5.77
2019.11.08 04:24:14.838,1.10501,1.10503,0.94,0.75
2019.11.08 04:24:15.175,1.105,1.10503,0.19,5.77
2019.11.08 04:24:18.537,1.10501,1.10503,0.19,0.75
2019.11.08 04:24:18.639,1.105,1.10503,0.19,5.4
2019.11.08 04:24:18.895,1.10501,1.10503,0.19,0.75
2019.11.08 04:24:43.260,1.105,1.10503,0.19,6.15
2019.11.08 04:24:43.915,1.10501,1.10503,0.19,0.75
2019.11.08 04:24:45.117,1.105,1.10503,0.19,5.4
2019.11.08 04:24:45.269,1.10501,1.10503,0.19,0.75
2019.11.08 04:24:45.396,1.105,1.10503,0.19,5.4
2019.11.08 04:24:47.483,1.10503,1.10505,0.94,0.75
2019.11.08 04:24:49.708,1.10504,1.10506,0.75,0.94
2019.11.08 04:24:49.809,1.10504,1.10507,2.25,0.94
2019.11.08 04:24:50.102,1.10505,1.10507,2.25,0.82
2019.11.08 04:25:01.101,1.10504,1.10507,1.5,1.69
2019.11.08 04:25:08.032,1.10505,1.10507,2.25,0.75
2019.11.08 04:25:11.031,1.10504,1.10507,0.75,1.69
2019.11.08 04:25:20.065,1.10505,1.10507,1.5,0.75
2019.11.08 04:25:23.031,1.10504,1.10507,0.75,1.69
2019.11.08 04:25:24.123,1.10505,1.10507,0.75,0.1
2019.11.08 04:25:30.525,1.10504,1.10507,1.5,4.01
2019.11.08 04:25:35.384,1.10505,1.10507,0.75,0.37
2019.11.08 04:25:36.503,1.10504,1.10507,1.12,4.87
2019.11.08 04:25:38.031,1.10505,1.10507,1.87,0.75
2019.11.08 04:25:41.947,1.10504,1.10508,2.44,3.37
2019.11.08 04:25:50.082,1.10504,1.10507,0.75,3.19
2019.11.08 04:25:52.793,1.10505,1.10507,0.75,0.75
2019.11.08 04:25:53.761,1.10504,1.10507,0.75,2.44
2019.11.08 04:25:54.449,1.10505,1.10507,0.75,0.1
2019.11.08 04:25:54.702,1.10505,1.10508,3.75,1.2
2019.11.08 04:25:55.647,1.10505,1.10507,0.75,1.2
2019.11.08 04:25:55.748,1.10505,1.10508,3,1.95
2019.11.08 04:25:59.546,1.10505,1.10507,0.75,1.2
2019.11.08 04:26:02.678,1.10505,1.10508,3,0.82
2019.11.08 04:26:03.002,1.10505,1.10507,0.75,0.1
2019.11.08 04:26:06.684,1.10505,1.10508,3,1.2
2019.11.08 04:26:06.836,1.10506,1.10508,1.5,0.1
2019.11.08 04:26:06.987,1.10505,1.10508,1.5,1.39
2019.11.08 04:26:08.346,1.10506,1.10508,1.69,0.1
2019.11.08 04:26:10.017,1.10504,1.10508,1.69,2.06
2019.11.08 04:26:10.118,1.10504,1.10507,0.37,2.44
2019.11.08 04:26:12.293,1.10504,1.10508,1.69,1.69
2019.11.08 04:26:13.851,1.10505,1.10508,1.69,0.75
2019.11.08 04:26:15.386,1.10504,1.10508,1.69,2.81
2019.11.08 04:26:15.499,1.10505,1.10508,1.69,0.75
2019.11.08 04:26:17.287,1.10504,1.10508,1.69,2.44
2019.11.08 04:26:23.341,1.10504,1.10506,0.75,2.44
2019.11.08 04:26:26.048,1.10504,1.10508,1.69,2.06
2019.11.08 04:26:26.431,1.10504,1.10507,0.75,1.76
2019.11.08 04:26:32.933,1.10504,1.10508,1.76,2.51
2019.11.08 04:26:44.490,1.10505,1.10508,2.51,0.75
2019.11.08 04:26:47.953,1.10505,1.10507,0.75,0.75
2019.11.08 04:26:48.707,1.10505,1.10508,3.19,1.2
2019.11.08 04:27:02.185,1.10505,1.10507,0.75,0.75
2019.11.08 04:27:04.489,1.10504,1.10507,0.75,2.89
2019.11.08 04:27:07.210,1.10505,1.10508,1.5,0.45
2019.11.08 04:27:08.597,1.10506,1.10508,2.25,1.2
2019.11.08 04:27:14.032,1.10506,1.10507,0.75,1.2
2019.11.08 04:27:18.258,1.10506,1.10508,1.5,1.95
2019.11.08 04:27:21.569,1.10506,1.10507,0.94,1.2
2019.11.08 04:27:48.714,1.10505,1.10507,0.26,0.64
2019.11.08 04:28:09.813,1.10507,1.10509,2.89,0.19
2019.11.08 04:28:09.864,1.10505,1.10509,3.64,1.84
2019.11.08 04:28:09.966,1.10506,1.10508,1.31,1.5
2019.11.08 04:28:10.219,1.10505,1.10507,0.75,1.01
2019.11.08 04:28:24.066,1.10504,1.10507,0.75,2.14
2019.11.08 04:28:26.031,1.10505,1.10507,0.75,0.75
2019.11.08 04:28:30.108,1.10506,1.10507,0.75,0.75
2019.11.08 04:28:30.765,1.10505,1.10507,0.75,1.84
2019.11.08 04:28:38.863,1.10504,1.10507,0.75,2.59
2019.11.08 04:28:38.965,1.10505,1.10507,0.75,0.1
2019.11.08 04:29:11.031,1.10505,1.10508,1.5,0.82
2019.11.08 04:29:31.141,1.10506,1.10509,5.32,0.75
2019.11.08 04:29:31.302,1.10505,1.10509,3.64,2.59
2019.11.08 04:29:31.404,1.10505,1.10508,0.75,1.95
2019.11.08 04:29:31.505,1.10506,1.10508,1.2,0.1
2019.11.08 04:29:39.505,1.10507,1.10508,1.95,0.75
2019.11.08 04:30:01.387,1.10506,1.10507,0.37,0.75
2019.11.08 04:30:18.371,1.10505,1.10507,0.75,1.76
2019.11.08 04:30:22.569,1.10505,1.10508,1.69,0.26
2019.11.08 04:30:50.703,1.10506,1.10508,2.44,0.19
2019.11.08 04:30:50.855,1.10504,1.10508,1.5,2.44
2019.11.08 04:30:50.957,1.10505,1.10508,1.69,0.94
2019.11.08 04:30:58.543,1.10506,1.10508,0.75,0.75
2019.11.08 04:31:03.725,1.10505,1.10508,0.75,2.51
2019.11.08 04:31:26.054,1.10505,1.10509,2.51,4.95
2019.11.08 04:31:26.155,1.10506,1.10509,1.69,4.87
2019.11.08 04:31:26.658,1.10507,1.10509,2.44,0.75
2019.11.08 04:31:26.759,1.10506,1.10509,2.44,4.12
2019.11.08 04:31:29.187,1.10506,1.10508,0.19,0.75
2019.11.08 04:31:29.503,1.10505,1.10508,0.94,1.76
2019.11.08 04:31:52.012,1.10506,1.10508,0.94,0.1
2019.11.08 04:32:13.459,1.10505,1.10508,1.01,1.01
2019.11.08 04:32:16.450,1.10505,1.10507,0.75,1.76
2019.11.08 04:32:16.652,1.10506,1.10507,0.75,0.1
2019.11.08 04:32:19.092,1.10505,1.10507,0.75,1.76
2019.11.08 04:32:22.682,1.10506,1.10507,0.75,0.1
2019.11.08 04:32:23.934,1.10506,1.10508,0.19,0.82
2019.11.08 04:32:27.565,1.10505,1.10508,0.19,1.76
2019.11.08 04:32:27.774,1.10506,1.10508,0.19,0.19
2019.11.08 04:32:27.876,1.10506,1.10507,0.75,0.19
2019.11.08 04:32:27.977,1.10505,1.10507,0.75,1.84
2019.11.08 04:32:28.179,1.10506,1.10508,1.01,0.1
2019.11.08 04:32:28.280,1.10505,1.10508,1.5,0.19
2019.11.08 04:32:28.432,1.10506,1.10508,1.69,0.75
2019.11.08 04:32:32.032,1.10505,1.10508,0.94,1.09
2019.11.08 04:32:36.858,1.10506,1.10508,1.69,0.75
2019.11.08 04:32:37.861,1.10505,1.10508,0.94,0.34
2019.11.08 04:32:38.279,1.10505,1.10507,0.19,0.19
2019.11.08 04:32:38.688,1.10505,1.10508,1.69,0.94
2019.11.08 04:32:38.793,1.10506,1.10508,0.94,0.75
2019.11.08 04:32:39.758,1.10505,1.10508,0.94,1.01
2019.11.08 04:32:57.611,1.10507,1.10508,0.94,0.19
2019.11.08 04:32:57.713,1.10507,1.1051,0.1,4.01
2019.11.08 04:32:57.814,1.10508,1.10512,3.94,4.01
2019.11.08 04:32:57.865,1.1051,1.10512,1.69,0.19
2019.11.08 04:32:58.280,1.10508,1.10509,0.75,0.75
2019.11.08 04:32:58.381,1.10507,1.10509,1.5,0.45
2019.11.08 04:32:58.482,1.10506,1.10509,2.44,1.65
2019.11.08 04:32:59.272,1.10506,1.10508,0.75,1.65
2019.11.08 04:33:14.698,1.10507,1.10509,1.5,0.26
2019.11.08 04:33:14.800,1.10508,1.1051,1.5,0.19
2019.11.08 04:33:20.304,1.10508,1.10511,1.39,1.2
2019.11.08 04:33:22.595,1.10509,1.10511,0.64,0.75
2019.11.08 04:33:50.640,1.1051,1.10511,0.82,0.75
2019.11.08 04:33:55.831,1.1051,1.10512,1.69,0.75
2019.11.08 04:34:02.318,1.10508,1.1051,0.75,2.25
2019.11.08 04:34:02.419,1.10507,1.10509,0.94,3
2019.11.08 04:34:05.485,1.10507,1.10508,0.19,0.75
2019.11.08 04:34:05.586,1.10506,1.10508,0.19,3
2019.11.08 04:34:11.891,1.10503,1.10504,1.76,1.12
2019.11.08 04:34:12.089,1.10501,1.10503,2.14,0.19
2019.11.08 04:35:05.077,1.10502,1.10503,0.19,0.75
2019.11.08 04:35:06.786,1.10501,1.10503,0.19,2.44
2019.11.08 04:35:06.888,1.10504,1.10505,0.17,0.82
2019.11.08 04:35:06.989,1.10506,1.10508,3.71,0.56
2019.11.08 04:35:07.091,1.10505,1.10508,0.75,1.39
2019.11.08 04:35:07.486,1.10506,1.10508,1.01,0.26
2019.11.08 04:35:33.846,1.10505,1.10507,0.1,2.96
2019.11.08 04:35:34.048,1.10504,1.10505,0.75,0.37
2019.11.08 04:35:34.250,1.10503,1.10505,0.75,0.75
2019.11.08 04:35:35.225,1.10502,1.10504,0.19,1.39
2019.11.08 04:35:35.326,1.10502,1.10503,0.19,0.37
2019.11.08 04:35:48.839,1.10502,1.10504,1.5,1.39
2019.11.08 04:35:48.941,1.10503,1.10505,0.75,0.75
2019.11.08 04:35:49.858,1.10504,1.10505,0.75,0.19
2019.11.08 04:35:53.031,1.10504,1.10506,2.04,0.19
2019.11.08 04:35:56.995,1.10504,1.10505,0.17,0.19
2019.11.08 04:35:57.306,1.10504,1.10506,0.75,1.39
2019.11.08 04:35:57.457,1.10503,1.10505,0.75,2.14
2019.11.08 04:35:57.559,1.10502,1.10505,3,0.26
2019.11.08 04:35:57.660,1.10502,1.10504,0.19,0.75
2019.11.08 04:35:57.846,1.10501,1.10504,0.94,3.52
2019.11.08 04:36:11.258,1.10501,1.10503,0.75,1.5
2019.11.08 04:36:23.032,1.10502,1.10503,0.75,0.75
2019.11.08 04:36:28.132,1.10501,1.10503,1.5,1.57
2019.11.08 04:36:44.011,1.10502,1.10503,0.75,0.1
2019.11.08 04:36:50.019,1.10501,1.10503,0.75,0.75
2019.11.08 04:36:51.261,1.10501,1.10504,2.06,0.37
2019.11.08 04:37:01.941,1.10501,1.10503,0.75,1.12
2019.11.08 04:37:22.617,1.105,1.10504,1.5,2.62
2019.11.08 04:37:22.895,1.10501,1.10504,3.92,0.75
2019.11.08 04:37:22.996,1.105,1.10504,1.5,2.62
2019.11.08 04:37:28.499,1.10502,1.10504,0.75,0.1
2019.11.08 04:37:33.347,1.10501,1.10504,1.5,1.2
2019.11.08 04:37:36.647,1.10502,1.10504,3,1.2
2019.11.08 04:37:37.516,1.10501,1.10504,3,1.2
2019.11.08 04:37:39.001,1.10502,1.10504,3,0.45
2019.11.08 04:37:51.610,1.105,1.10504,0.75,4.95
2019.11.08 04:37:58.168,1.10502,1.10504,1.5,0.75
2019.11.08 04:38:00.519,1.10501,1.10504,0.75,0.75
2019.11.08 04:38:03.259,1.10502,1.10504,1.5,0.75
2019.11.08 04:38:05.717,1.10501,1.10504,1.5,1.2
2019.11.08 04:38:08.952,1.105,1.10504,1.5,7.57
2019.11.08 04:38:09.104,1.10501,1.10504,0.75,0.75
2019.11.08 04:38:19.409,1.105,1.10504,1.5,4.95
2019.11.08 04:38:19.927,1.10501,1.10504,1.5,0.45
2019.11.08 04:38:29.033,1.10502,1.10504,2.25,0.75
2019.11.08 04:38:30.058,1.10501,1.10504,2.25,0.45
2019.11.08 04:38:35.032,1.10501,1.10503,0.75,1.2
2019.11.08 04:38:38.062,1.105,1.10504,2.25,4.2
2019.11.08 04:38:44.166,1.10501,1.10504,1.5,1.2
2019.11.08 04:38:50.098,1.10502,1.10505,6.99,0.82
2019.11.08 04:38:50.199,1.10502,1.10504,0.56,1.95
2019.11.08 04:38:50.301,1.10502,1.10505,0.82,5.51
2019.11.08 04:38:50.402,1.10504,1.10506,1.5,0.75
2019.11.08 04:38:50.506,1.10505,1.10506,0.75,0.45
2019.11.08 04:38:50.608,1.10505,1.10507,1.12,0.37
2019.11.08 04:38:53.873,1.10504,1.10507,1.12,1.39
2019.11.08 04:39:14.420,1.10505,1.10508,2.06,0.37
2019.11.08 04:39:14.722,1.10504,1.10508,2.06,3.64
2019.11.08 04:39:23.326,1.10504,1.10507,4.01,1.12
2019.11.08 04:39:23.427,1.10503,1.10506,2.25,3.64
2019.11.08 04:39:25.045,1.10504,1.10507,3.62,1.39
2019.11.08 04:39:27.357,1.10504,1.10506,0.75,2.06
2019.11.08 04:39:27.515,1.10504,1.10507,2.32,1.31
2019.11.08 04:39:32.032,1.10504,1.10506,0.75,2.89
2019.11.08 04:39:38.670,1.10504,1.10507,4.74,2.14
2019.11.08 04:39:44.032,1.10504,1.10506,0.75,2.89
2019.11.08 04:39:47.033,1.10504,1.10507,4.74,2.14
2019.11.08 04:39:52.031,1.10504,1.10506,0.1,2.21
2019.11.08 04:39:58.054,1.10505,1.10507,1.5,0.75
2019.11.08 04:40:01.202,1.10504,1.10505,3.19,1.2
2019.11.08 04:40:01.253,1.10501,1.10505,3.26,4.84
2019.11.08 04:40:01.355,1.10502,1.10504,2.44,0.45
2019.11.08 04:40:04.190,1.10502,1.10503,1.5,1.2
2019.11.08 04:40:04.493,1.10503,1.10505,6.73,0.75
2019.11.08 04:40:04.595,1.10503,1.10505,0.75,1.5
2019.11.08 04:40:04.848,1.10502,1.10506,5.14,2.3
2019.11.08 04:40:04.949,1.10502,1.10505,0.75,3.8
2019.11.08 04:40:05.050,1.10502,1.10506,2.51,3.05
2019.11.08 04:40:05.316,1.10503,1.10506,2.51,0.75
2019.11.08 04:40:07.621,1.10503,1.10505,0.75,0.75
2019.11.08 04:40:07.723,1.10503,1.10506,2.44,0.75
2019.11.08 04:40:07.947,1.10502,1.10504,1.5,2.41
2019.11.08 04:40:13.930,1.10502,1.10505,1.69,1.27
2019.11.08 04:40:14.262,1.10502,1.10504,0.75,2.21
2019.11.08 04:40:14.363,1.10502,1.10505,0.92,4.46
2019.11.08 04:40:14.590,1.10502,1.10504,1.5,4.46
2019.11.08 04:40:18.774,1.10502,1.10503,0.19,0.45
2019.11.08 04:40:18.875,1.10501,1.10503,0.19,2.96
2019.11.08 04:40:29.032,1.10502,1.10503,0.19,0.75
2019.11.08 04:40:32.035,1.10501,1.10503,0.19,1.76
2019.11.08 04:40:35.061,1.10502,1.10503,0.19,0.75
2019.11.08 04:40:38.064,1.10501,1.10503,0.19,0.94
2019.11.08 04:41:38.064,1.10502,1.10503,1.69,1.2
2019.11.08 04:41:38.165,1.10501,1.10503,1.69,2.21
2019.11.08 04:41:44.032,1.105,1.10503,1.5,6.45
2019.11.08 04:41:45.379,1.10501,1.10503,0.75,0.75
2019.11.08 04:41:45.554,1.105,1.10503,0.75,3.45
2019.11.08 04:41:45.656,1.10501,1.10503,0.75,0.75
2019.11.08 04:41:45.794,1.105,1.10503,0.75,3.45
2019.11.08 04:41:46.360,1.10501,1.10503,0.94,0.34
2019.11.08 04:41:46.484,1.10502,1.10503,0.75,0.19
2019.11.08 04:41:46.586,1.10501,1.10504,1.11,3.45
2019.11.08 04:42:05.929,1.10504,1.10505,0.19,0.75
2019.11.08 04:42:06.031,1.10506,1.10507,6.36,0.94
2019.11.08 04:42:06.132,1.10506,1.10507,0.56,0.94
2019.11.08 04:42:14.125,1.10506,1.10508,1.69,0.75
2019.11.08 04:42:14.278,1.10506,1.10509,1.31,0.82
2019.11.08 04:42:18.601,1.10505,1.10508,0.45,2.96
2019.11.08 04:42:21.689,1.10506,1.10508,1.2,0.75
2019.11.08 04:42:27.929,1.10505,1.10508,0.45,3.26
2019.11.08 04:42:28.030,1.10505,1.10507,0.94,0.75
2019.11.08 04:42:28.132,1.10503,1.10505,1.31,1.5
2019.11.08 04:42:28.233,1.10502,1.10505,1.76,1.95
2019.11.08 04:42:28.736,1.10501,1.10504,0.94,4.27
2019.11.08 04:42:31.861,1.10501,1.10503,0.75,1.27
2019.11.08 04:42:33.576,1.10501,1.10504,1.69,0.52
2019.11.08 04:42:33.678,1.10501,1.10503,0.75,0.1
2019.11.08 04:42:41.580,1.105,1.10504,1.76,3.71
2019.11.08 04:42:41.682,1.10501,1.10504,0.94,0.1
2019.11.08 04:42:55.432,1.10501,1.10503,0.1,0.1
2019.11.08 04:43:35.210,1.105,1.10504,1.27,3.07
2019.11.08 04:43:54.949,1.10501,1.10504,1.65,0.75
2019.11.08 04:44:03.820,1.10502,1.10504,0.92,0.94
2019.11.08 04:44:03.921,1.10504,1.10506,1.2,0.75
2019.11.08 04:44:04.023,1.10504,1.10507,9.26,0.75
2019.11.08 04:44:09.422,1.10504,1.10506,1.5,2.25
2019.11.08 04:44:09.523,1.10504,1.10507,0.19,0.75
2019.11.08 04:44:09.625,1.10504,1.10508,5.89,0.94
2019.11.08 04:44:09.879,1.10504,1.10507,0.82,1.69
2019.11.08 04:44:13.342,1.10504,1.10508,6.19,2.51
2019.11.08 04:44:24.786,1.10504,1.10508,4.06,3.94
2019.11.08 04:44:26.032,1.10505,1.10507,0.78,0.75
2019.11.08 04:44:32.033,1.10504,1.10507,0.78,4.69
2019.11.08 04:45:00.075,1.10504,1.10508,3.26,0.94
2019.11.08 04:45:00.976,1.10504,1.10507,0.75,0.94
2019.11.08 04:45:05.034,1.10505,1.10507,1.5,0.75
2019.11.08 04:45:11.032,1.10504,1.10507,1.5,1.87
2019.11.08 04:45:20.944,1.10503,1.10505,2.32,0.82
2019.11.08 04:45:21.046,1.10501,1.10504,0.19,4.95
2019.11.08 04:45:33.720,1.105,1.10503,0.19,4.09
2019.11.08 04:45:41.033,1.10501,1.10503,0.94,0.75
2019.11.08 04:45:43.617,1.105,1.10503,1.01,3.71
2019.11.08 04:45:55.864,1.10501,1.10503,0.19,0.75
2019.11.08 04:45:56.855,1.105,1.10503,0.19,4.09
2019.11.08 04:46:00.487,1.10501,1.10503,0.19,0.75
2019.11.08 04:46:02.942,1.105,1.10503,0.19,3.34
2019.11.08 04:46:06.500,1.10501,1.10503,0.19,0.75
2019.11.08 04:46:11.847,1.105,1.10503,0.19,3.34
2019.11.08 04:46:13.688,1.10501,1.10503,0.19,0.75
2019.11.08 04:46:13.821,1.105,1.10503,0.19,3.34
2019.11.08 04:46:24.497,1.10501,1.10503,0.94,0.1
2019.11.08 04:46:25.809,1.105,1.10503,0.94,2.44
2019.11.08 04:46:30.075,1.10501,1.10503,0.94,0.75
2019.11.08 04:46:33.308,1.105,1.10503,0.94,2.44
2019.11.08 04:46:43.459,1.10501,1.10503,0.75,0.75
2019.11.08 04:46:43.625,1.105,1.10503,0.75,2.32
2019.11.08 04:46:53.880,1.105,1.10504,3.15,3.82
2019.11.08 04:47:00.877,1.10501,1.10504,3.9,0.75
2019.11.08 04:47:00.980,1.105,1.10504,3.15,3.82
2019.11.08 04:47:09.167,1.10501,1.10504,3.9,0.75
2019.11.08 04:47:09.277,1.105,1.10504,3.15,3.82
2019.11.08 04:47:12.056,1.10501,1.10504,3.15,0.75
2019.11.08 04:47:13.438,1.105,1.10504,2.4,3.82
2019.11.08 04:47:21.928,1.10501,1.10504,3.15,0.75
2019.11.08 04:47:24.246,1.105,1.10504,2.4,3.82
2019.11.08 04:47:24.437,1.10501,1.10504,3.15,0.75
2019.11.08 04:47:26.033,1.10501,1.10503,0.75,1.5
2019.11.08 04:47:33.348,1.105,1.10503,0.19,4.09
2019.11.08 04:47:38.948,1.10501,1.10503,0.19,0.75
2019.11.08 04:47:39.216,1.105,1.10503,0.19,4.46
2019.11.08 04:47:44.033,1.10501,1.10503,0.94,0.75
2019.11.08 04:48:28.178,1.10501,1.10504,3.07,0.1
2019.11.08 04:48:29.033,1.10501,1.10503,0.75,0.82
2019.11.08 04:48:32.033,1.10501,1.10504,3.07,0.1
2019.11.08 04:48:32.379,1.105,1.10504,3.07,2.32
2019.11.08 04:48:35.367,1.10501,1.10504,3.82,0.75
2019.11.08 04:48:36.150,1.105,1.10504,3.07,2.32
2019.11.08 04:48:38.957,1.10501,1.10504,3.75,0.75
2019.11.08 04:48:40.147,1.105,1.10504,3,2.4
2019.11.08 04:48:43.307,1.10501,1.10504,3.75,0.75
2019.11.08 04:48:45.942,1.105,1.10504,3,2.4
2019.11.08 04:48:47.041,1.10501,1.10503,0.75,0.75
2019.11.08 04:48:50.048,1.105,1.10504,3,2.4
2019.11.08 04:48:53.033,1.10501,1.10503,0.75,0.75
2019.11.08 04:48:59.033,1.105,1.10504,3,2.77
2019.11.08 04:49:01.486,1.10501,1.10504,3.75,0.75
2019.11.08 04:49:06.787,1.105,1.10504,2.25,3.52
2019.11.08 04:49:07.924,1.10501,1.10504,3,0.75
2019.11.08 04:49:09.245,1.105,1.10504,2.25,3.9
2019.11.08 04:49:09.368,1.10501,1.10504,2.25,1.5
2019.11.08 04:49:09.728,1.105,1.10504,3,6.86
2019.11.08 04:49:11.439,1.105,1.10502,0.75,2.4
2019.11.08 04:49:11.541,1.10499,1.10502,0.75,2.06
2019.11.08 04:49:11.744,1.10499,1.10503,6.34,1.69
2019.11.08 04:49:12.164,1.10499,1.10501,2.14,0.75
2019.11.08 04:49:12.215,1.10497,1.10498,0.75,3.45
2019.11.08 04:49:12.317,1.10497,1.10498,3.82,2.25
2019.11.08 04:49:12.419,1.10495,1.10498,2.21,0.1
2019.11.08 04:49:12.520,1.10494,1.10498,1.84,2.81
2019.11.08 04:49:12.622,1.10495,1.10498,2.32,0.1
2019.11.08 04:49:27.572,1.10496,1.10499,2.14,1.09
2019.11.08 04:49:27.673,1.10497,1.10499,0.19,0.1
2019.11.08 04:49:28.809,1.10496,1.10499,0.19,2.44
2019.11.08 04:49:28.961,1.10496,1.10498,0.75,0.82
2019.11.08 04:49:32.033,1.10495,1.10498,1.5,0.75
2019.11.08 04:49:35.083,1.10496,1.10498,2.25,0.75
2019.11.08 04:49:38.032,1.10495,1.10498,3,1.5
2019.11.08 04:49:41.701,1.10494,1.10498,1.87,3.34
2019.11.08 04:49:41.802,1.10494,1.10497,0.1,5.96
2019.11.08 04:49:43.956,1.10495,1.10498,3,0.75
2019.11.08 04:49:51.480,1.10495,1.10497,0.75,0.75
2019.11.08 04:49:59.076,1.10494,1.10497,0.75,0.94
2019.11.08 04:50:11.480,1.10494,1.10496,0.75,1.01
2019.11.08 04:50:14.032,1.10495,1.10496,0.75,0.75
2019.11.08 04:50:17.032,1.10494,1.10496,0.75,1.01
2019.11.08 04:50:18.502,1.10495,1.10496,0.75,0.19
2019.11.08 04:50:26.263,1.10494,1.10496,0.75,1.09
2019.11.08 04:50:31.481,1.10494,1.10497,0.82,1.84
2019.11.08 04:50:36.896,1.10495,1.10497,0.82,0.1
2019.11.08 04:50:38.131,1.10494,1.10497,0.82,1.01
2019.11.08 04:50:46.865,1.10495,1.10497,4.57,0.75
2019.11.08 04:50:50.033,1.10494,1.10497,3.82,0.94
2019.11.08 04:50:50.207,1.10495,1.10497,4.57,0.75
2019.11.08 04:50:50.313,1.10495,1.10496,0.75,0.75
2019.11.08 04:50:51.726,1.10495,1.10497,4.5,0.75
2019.11.08 04:51:04.972,1.10494,1.10497,0.75,1.69
2019.11.08 04:51:06.224,1.10495,1.10497,1.12,0.75
2019.11.08 04:51:08.737,1.10495,1.10496,0.75,0.75
2019.11.08 04:51:08.852,1.10494,1.10496,0.75,1.69
2019.11.08 04:51:28.738,1.10494,1.10497,1.87,1.69
2019.11.08 04:51:33.140,1.10495,1.10497,1.5,0.19
2019.11.08 04:51:41.033,1.10496,1.10497,1.5,0.75
2019.11.08 04:51:44.983,1.10495,1.10497,0.75,0.94
2019.11.08 04:51:45.084,1.10494,1.10497,0.82,1.84
2019.11.08 04:51:48.168,1.10495,1.10497,1.57,0.75
2019.11.08 04:51:53.060,1.10494,1.10497,0.82,1.01
2019.11.08 04:52:09.855,1.10496,1.10497,0.75,0.19
2019.11.08 04:52:26.423,1.10495,1.10497,0.75,0.94
2019.11.08 04:52:47.033,1.10494,1.10497,0.82,1.2
2019.11.08 04:52:47.889,1.10495,1.10497,0.75,0.19
2019.11.08 04:52:55.239,1.10494,1.10497,1.5,1.69
2019.11.08 04:53:05.062,1.10495,1.10497,1.57,0.75
2019.11.08 04:53:09.157,1.10494,1.10497,1.87,1.5
2019.11.08 04:53:09.810,1.10494,1.10496,0.26,0.75
2019.11.08 04:53:09.862,1.10492,1.10493,1.5,1.2
2019.11.08 04:53:09.913,1.10491,1.10493,1.5,0.75
2019.11.08 04:53:14.033,1.1049,1.10493,0.75,1.76
2019.11.08 04:53:18.655,1.1049,1.10492,0.75,1.76
2019.11.08 04:53:18.808,1.1049,1.10493,2.32,2.77
2019.11.08 04:53:33.162,1.10492,1.10495,1.2,2.51
2019.11.08 04:53:33.272,1.10492,1.10493,0.75,0.94
2019.11.08 04:53:33.373,1.10491,1.10493,0.94,1.69
2019.11.08 04:54:13.307,1.10491,1.10492,0.75,1.69
2019.11.08 04:54:24.977,1.10492,1.10495,0.75,0.19
2019.11.08 04:54:25.179,1.10492,1.10496,2.62,1.84
2019.11.08 04:54:25.344,1.10493,1.10496,4.2,0.75
2019.11.08 04:54:27.062,1.10493,1.10495,0.75,0.75
2019.11.08 04:54:27.862,1.10493,1.10496,1.57,1.5
2019.11.08 04:54:47.608,1.10495,1.10497,3.82,0.94
2019.11.08 04:54:47.659,1.10494,1.10496,0.75,0.94
2019.11.08 04:55:00.076,1.10493,1.10495,0.94,1.5
2019.11.08 04:55:00.177,1.10492,1.10494,1.5,0.1
2019.11.08 04:55:00.279,1.10491,1.10493,0.75,0.75
2019.11.08 04:55:00.381,1.1049,1.10493,0.94,3.26
2019.11.08 04:55:13.483,1.1049,1.10492,0.75,0.94
2019.11.08 04:55:13.585,1.1049,1.10493,0.94,0.94
2019.11.08 04:55:29.077,1.10489,1.10493,0.94,2.51
2019.11.08 04:55:30.131,1.1049,1.10493,0.94,1.5
2019.11.08 04:55:37.513,1.1049,1.10492,0.75,0.75
2019.11.08 04:55:37.564,1.10486,1.10488,0.94,2.4
2019.11.08 04:55:37.666,1.10485,1.10488,0.75,3.71
2019.11.08 04:55:37.767,1.10486,1.10488,1.01,0.1
2019.11.08 04:55:37.869,1.10485,1.10488,1.57,1.31
2019.11.08 04:55:37.972,1.10486,1.10488,1.57,0.75
2019.11.08 04:55:38.079,1.10485,1.10486,0.75,0.19
2019.11.08 04:55:38.181,1.10485,1.10487,0.94,0.19
2019.11.08 04:55:38.337,1.10483,1.10485,0.75,3
2019.11.08 04:55:38.540,1.10482,1.10485,0.75,3.94
2019.11.08 04:55:38.642,1.10483,1.10485,2.25,1.5
2019.11.08 04:55:38.806,1.10482,1.10485,0.75,6.19
2019.11.08 04:55:38.908,1.10484,1.10486,3.64,0.75
2019.11.08 04:55:39.141,1.10482,1.10486,3.64,4.69
2019.11.08 04:55:39.257,1.10483,1.10486,3.64,0.75
2019.11.08 04:55:39.435,1.10482,1.10486,3.64,4.69
2019.11.08 04:55:41.248,1.10482,1.10485,0.75,6.94
2019.11.08 04:55:41.457,1.10482,1.10486,3.26,4.69
2019.11.08 04:55:44.608,1.10483,1.10486,2.51,0.75
2019.11.08 04:55:44.909,1.10482,1.10486,1.76,4.69
2019.11.08 04:55:45.116,1.10483,1.10486,1.76,0.75
2019.11.08 04:55:45.268,1.10482,1.10486,1.76,4.69
2019.11.08 04:55:46.158,1.10482,1.10484,0.75,4.01
2019.11.08 04:55:46.339,1.10483,1.10484,0.75,0.75
2019.11.08 04:55:46.490,1.10482,1.10484,0.75,4.01
2019.11.08 04:55:48.517,1.10483,1.10484,0.75,0.75
2019.11.08 04:55:49.647,1.10482,1.10484,0.75,4.69
2019.11.08 04:55:49.854,1.10483,1.10485,0.75,0.75
2019.11.08 04:55:50.069,1.10482,1.10485,1.5,3.94
2019.11.08 04:55:50.221,1.10483,1.10485,1.5,0.75
2019.11.08 04:55:50.576,1.10482,1.10485,1.5,3.94
2019.11.08 04:55:55.634,1.10483,1.10485,0.75,0.75
2019.11.08 04:55:55.735,1.10482,1.10485,0.75,4.69
2019.11.08 04:55:57.421,1.10483,1.10485,0.75,0.75
2019.11.08 04:55:58.346,1.10482,1.10485,0.75,4.01
2019.11.08 04:55:58.924,1.10483,1.10485,0.75,1.5
2019.11.08 04:55:59.196,1.10483,1.10484,0.19,1.5
2019.11.08 04:55:59.310,1.10482,1.10483,0.75,0.19
2019.11.08 04:55:59.412,1.10482,1.10484,1.69,0.19
2019.11.08 04:56:11.032,1.10482,1.10483,0.75,0.19
2019.11.08 04:56:12.000,1.10482,1.10484,0.19,0.19
2019.11.08 04:56:15.843,1.10482,1.10483,0.1,0.19
2019.11.08 04:56:22.077,1.1048,1.10483,0.1,0.19
2019.11.08 04:56:22.917,1.1048,1.10484,4.69,0.19
2019.11.08 04:56:27.283,1.1048,1.10483,0.1,0.64
2019.11.08 04:56:31.114,1.1048,1.10484,3.94,1.01
2019.11.08 04:56:36.046,1.10481,1.10484,6.26,0.75
2019.11.08 04:56:41.033,1.10481,1.10483,0.75,1.5
2019.11.08 04:56:45.720,1.1048,1.10484,3.26,2.44
2019.11.08 04:56:46.059,1.1048,1.10483,0.1,0.94
2019.11.08 04:56:47.955,1.1048,1.10484,5.96,1.01
2019.11.08 04:56:48.056,1.1048,1.10483,0.1,1.46
2019.11.08 04:57:00.058,1.10481,1.10483,0.82,0.75
2019.11.08 04:57:01.557,1.1048,1.10484,4.46,1.01
2019.11.08 04:57:01.658,1.1048,1.10483,2.4,0.94
2019.11.08 04:57:14.240,1.10479,1.10482,1.5,1.69
2019.11.08 04:57:14.341,1.1048,1.10482,2.25,0.75
2019.11.08 04:57:14.445,1.10479,1.1048,0.82,1.5
2019.11.08 04:57:14.597,1.10478,1.1048,0.82,2.25
2019.11.08 04:57:15.517,1.10479,1.1048,1.57,0.75
2019.11.08 04:57:15.669,1.10477,1.10478,0.75,0.75
2019.11.08 04:57:15.771,1.10475,1.10477,1.5,1.39
2019.11.08 04:57:16.149,1.10474,1.10476,1.76,1.2
2019.11.08 04:57:17.070,1.10472,1.10476,2.51,4.39
2019.11.08 04:57:17.173,1.10473,1.10476,2.51,1.5
2019.11.08 04:57:17.313,1.10472,1.10476,2.51,5.89
2019.11.08 04:57:17.567,1.10473,1.10476,1.76,0.75
2019.11.08 04:57:17.820,1.10472,1.10475,0.75,4.39
2019.11.08 04:57:17.921,1.10473,1.10476,1.76,0.75
2019.11.08 04:57:18.744,1.10473,1.10475,0.75,0.75
2019.11.08 04:57:20.229,1.10472,1.10476,4.76,5.14
2019.11.08 04:57:20.621,1.10473,1.10475,0.75,0.75
2019.11.08 04:57:37.561,1.10474,1.10475,0.75,0.37
2019.11.08 04:57:37.761,1.10473,1.10475,0.75,1.2
2019.11.08 04:57:44.357,1.10473,1.10476,3.19,0.45
2019.11.08 04:57:46.418,1.10473,1.10475,0.94,2.25
2019.11.08 04:57:46.520,1.10472,1.10474,0.75,2.14
2019.11.08 04:57:47.717,1.10473,1.10474,0.75,0.1
2019.11.08 04:57:47.819,1.10473,1.10475,0.75,0.45
2019.11.08 04:57:53.383,1.10473,1.10474,0.75,0.37
2019.11.08 04:57:53.485,1.10473,1.10475,2.25,1.12
2019.11.08 04:57:53.587,1.10472,1.10475,2.25,4.95
2019.11.08 04:57:57.616,1.10473,1.10475,2.25,0.75
2019.11.08 04:58:02.121,1.10473,1.10474,0.75,1.2
2019.11.08 04:58:02.222,1.10472,1.10474,0.75,1.2
2019.11.08 04:58:03.003,1.10472,1.10475,3,1.39
2019.11.08 04:58:03.155,1.10472,1.10474,1.5,1.95
2019.11.08 04:58:07.325,1.10471,1.10474,1.5,1.39
2019.11.08 04:58:12.828,1.10472,1.10475,2.32,4.31
2019.11.08 04:58:12.929,1.10473,1.10475,4.01,1.2
2019.11.08 04:58:12.981,1.10471,1.10474,2.25,2.14
2019.11.08 04:58:14.479,1.10471,1.10473,0.75,2.14
2019.11.08 04:58:16.249,1.10471,1.10472,0.75,0.19
2019.11.08 04:58:17.794,1.10471,1.10473,2.25,0.19
2019.11.08 04:58:21.213,1.1047,1.10473,2.25,1.2
2019.11.08 04:58:24.222,1.10471,1.10473,3,0.45
2019.11.08 04:58:27.317,1.1047,1.10473,2.25,2.14
2019.11.08 04:58:27.717,1.10471,1.10473,2.25,0.75
2019.11.08 04:58:27.768,1.10472,1.10475,2.44,1.31
2019.11.08 04:58:27.869,1.10473,1.10475,0.75,1.2
2019.11.08 04:58:28.573,1.10474,1.10475,0.75,0.45
2019.11.08 04:58:28.693,1.10473,1.10475,0.75,0.45
2019.11.08 04:58:30.078,1.10473,1.10475,2.51,1.2
2019.11.08 04:58:30.180,1.10471,1.10473,0.75,2.14
2019.11.08 04:58:32.885,1.10471,1.10474,3.07,0.64
2019.11.08 04:58:32.987,1.10471,1.10473,1.57,0.1
2019.11.08 04:58:33.089,1.1047,1.10473,1.57,2.14
2019.11.08 04:58:38.438,1.10471,1.10474,3.75,0.45
2019.11.08 04:58:39.858,1.10471,1.10473,0.82,0.45
2019.11.08 04:58:39.959,1.1047,1.10472,0.75,0.45
2019.11.08 04:58:40.060,1.10469,1.10472,0.75,2.51
2019.11.08 04:58:40.177,1.10471,1.10472,0.75,0.19
2019.11.08 04:58:40.344,1.10471,1.10473,2.32,0.19
2019.11.08 04:58:42.182,1.1047,1.10473,2.32,1.2
2019.11.08 04:58:45.692,1.10471,1.10473,3.07,0.19
2019.11.08 04:58:47.517,1.10472,1.10474,2.25,2.7
2019.11.08 04:58:47.618,1.10472,1.10474,2.32,1.2
2019.11.08 04:58:47.720,1.10471,1.10473,0.75,1.39
2019.11.08 04:58:48.442,1.1047,1.10473,1.5,3.45
2019.11.08 04:58:53.978,1.1047,1.10472,0.75,3.64
2019.11.08 04:58:59.033,1.1047,1.10473,1.5,2.14
2019.11.08 04:59:00.871,1.10471,1.10473,1.5,0.45
2019.11.08 04:59:02.100,1.1047,1.10473,1.5,1.95
2019.11.08 04:59:03.057,1.1047,1.10471,2.25,1.39
2019.11.08 04:59:03.108,1.10468,1.10469,0.75,0.94
2019.11.08 04:59:03.210,1.10468,1.1047,0.82,1.81
2019.11.08 04:59:05.948,1.10469,1.1047,1.5,0.61
2019.11.08 04:59:08.816,1.10468,1.1047,1.5,0.61
2019.11.08 04:59:09.526,1.10469,1.1047,1.5,0.61
2019.11.08 04:59:09.698,1.1047,1.10472,2.32,0.75
2019.11.08 04:59:09.799,1.10469,1.10471,1.01,3.45
2019.11.08 04:59:09.901,1.1047,1.10471,1.76,0.45
2019.11.08 04:59:10.170,1.10469,1.10471,1.76,1.95
2019.11.08 04:59:10.374,1.10469,1.10473,3.26,1.95
2019.11.08 04:59:13.480,1.1047,1.10473,3.19,0.45
2019.11.08 04:59:16.148,1.1047,1.10472,0.19,1.39
2019.11.08 04:59:20.590,1.10469,1.10471,0.19,0.45
2019.11.08 04:59:22.928,1.10469,1.1047,0.75,1.2
2019.11.08 04:59:23.029,1.10469,1.10471,1.69,1.2
2019.11.08 04:59:24.270,1.10471,1.10472,2.25,0.75
2019.11.08 04:59:24.321,1.10472,1.10473,0.82,0.75
2019.11.08 04:59:24.422,1.10473,1.10475,0.82,2.7
2019.11.08 04:59:26.697,1.10474,1.10475,0.82,0.75
2019.11.08 04:59:31.067,1.10475,1.10476,0.75,0.75
2019.11.08 04:59:32.765,1.10474,1.10476,0.75,3.07
2019.11.08 04:59:34.741,1.10475,1.10476,0.75,0.19
2019.11.08 04:59:35.349,1.10474,1.10476,0.94,1.5
2019.11.08 04:59:35.450,1.10473,1.10476,1.01,4.57
2019.11.08 04:59:35.793,1.10474,1.10476,1.01,0.75
2019.11.08 04:59:35.957,1.10473,1.10476,1.01,4.2
2019.11.08 04:59:36.164,1.10474,1.10476,1.76,0.45
2019.11.08 04:59:38.413,1.10474,1.10475,0.75,0.45
2019.11.08 04:59:39.136,1.10473,1.10475,0.75,3.07
2019.11.08 04:59:42.161,1.10475,1.10476,0.94,0.45
2019.11.08 04:59:42.263,1.10474,1.10477,0.75,2.14
2019.11.08 04:59:49.737,1.10475,1.10477,7.01,0.45
2019.11.08 04:59:49.841,1.10474,1.10476,0.75,2.89
2019.11.08 04:59:49.942,1.10475,1.10476,0.75,0.45
2019.11.08 04:59:51.535,1.10475,1.10477,0.94,1.2
