2019.02.20 12:00:00.882,1.13356,1.13358,1,1.31
2019.02.20 12:00:00.984,1.13356,1.13357,1,1.12
2019.02.20 12:00:01.293,1.13355,1.13356,1.25,1.87
2019.02.20 12:00:01.395,1.13353,1.13354,1,2.25
2019.02.20 12:00:01.553,1.13352,1.13354,1,4.87
2019.02.20 12:00:01.707,1.13351,1.13354,1.69,9.22
2019.02.20 12:00:01.912,1.13351,1.13353,1,4.12
2019.02.20 12:00:03.072,1.13351,1.13353,1.57,1.62
2019.02.20 12:00:03.226,1.13351,1.13352,1.25,1.87
2019.02.20 12:00:03.339,1.1335,1.13351,1.69,3
2019.02.20 12:00:03.442,1.1335,1.13352,1.69,3.37
2019.02.20 12:00:03.849,1.13349,1.13351,1,6.75
2019.02.20 12:00:03.957,1.13349,1.1335,3.56,2.25
2019.02.20 12:00:04.059,1.13345,1.13348,2.25,2.44
2019.02.20 12:00:04.162,1.13345,1.13347,2.81,1.12
2019.02.20 12:00:04.264,1.13343,1.13346,1,5.94
2019.02.20 12:00:04.366,1.13343,1.13346,1,4.31
2019.02.20 12:00:04.514,1.13344,1.13346,1.5,1.25
2019.02.20 12:00:06.388,1.13342,1.13344,3.19,4.25
2019.02.20 12:00:06.491,1.13342,1.13343,1.5,1
2019.02.20 12:00:06.594,1.13341,1.13343,1,1
2019.02.20 12:00:06.696,1.1334,1.13343,1,3
2019.02.20 12:00:07.419,1.1334,1.13343,1.39,1.75
2019.02.20 12:00:08.174,1.1334,1.13343,1.1,1.69
2019.02.20 12:00:08.885,1.1334,1.13342,1,4.12
2019.02.20 12:00:09.089,1.13341,1.13342,1,3.75
2019.02.20 12:00:10.235,1.1334,1.13341,1,5.62
2019.02.20 12:00:10.337,1.1334,1.13342,10.01,3.75
2019.02.20 12:00:10.389,1.13337,1.13338,2.06,7.95
2019.02.20 12:00:10.491,1.13336,1.13337,1.54,3.75
2019.02.20 12:00:10.543,1.13335,1.13336,1.5,1.12
2019.02.20 12:00:10.680,1.13334,1.13336,1,4.69
2019.02.20 12:00:10.822,1.13335,1.13336,1,1.5
2019.02.20 12:00:11.076,1.13334,1.13336,1.25,3.75
2019.02.20 12:00:11.178,1.13334,1.13335,1,1
2019.02.20 12:00:11.230,1.13332,1.13333,1,2.62
2019.02.20 12:00:11.332,1.13333,1.13335,1.2,5.31
2019.02.20 12:00:11.435,1.13334,1.13336,1,1.25
2019.02.20 12:00:12.871,1.13335,1.13336,1,1
2019.02.20 12:00:13.258,1.13334,1.13337,2.47,1.25
2019.02.20 12:00:13.361,1.13334,1.13337,1.5,1.25
2019.02.20 12:00:13.668,1.13333,1.13337,2.51,3.56
2019.02.20 12:00:13.772,1.13333,1.13337,3.04,3.64
2019.02.20 12:00:14.157,1.13334,1.13336,1.2,1
2019.02.20 12:00:14.259,1.13333,1.13337,2.51,3.75
2019.02.20 12:00:14.609,1.13334,1.13336,1,1
2019.02.20 12:00:14.988,1.13333,1.13337,1.69,3.37
2019.02.20 12:00:15.094,1.13334,1.13337,3.94,1
2019.02.20 12:00:15.195,1.13333,1.13337,1.69,3.37
2019.02.20 12:00:15.831,1.13333,1.13336,5.12,4.69
2019.02.20 12:00:15.933,1.13332,1.13336,8.57,3.94
2019.02.20 12:00:16.139,1.13333,1.13335,1.69,1
2019.02.20 12:00:16.834,1.13334,1.13336,2.91,1
2019.02.20 12:00:16.936,1.13334,1.13338,5.95,1.12
2019.02.20 12:00:17.038,1.13334,1.13338,5.2,1.12
2019.02.20 12:00:21.054,1.13335,1.13338,7.07,3.75
2019.02.20 12:00:22.075,1.13334,1.13337,1.25,2.62
2019.02.20 12:00:22.293,1.13335,1.13337,1.25,1
2019.02.20 12:00:23.585,1.13335,1.13338,1.95,1.25
2019.02.20 12:00:23.839,1.13335,1.13337,1,1.69
2019.02.20 12:00:23.941,1.13335,1.13339,12.99,1.25
2019.02.20 12:00:24.888,1.13335,1.13339,12.3,2.12
2019.02.20 12:00:26.185,1.13338,1.1334,11.59,2.31
2019.02.20 12:00:26.288,1.1334,1.13343,7.7,1.31
2019.02.20 12:00:28.061,1.13341,1.13344,5.56,2.44
2019.02.20 12:00:28.164,1.13342,1.13344,4.62,1
2019.02.20 12:00:28.267,1.13342,1.13345,4.69,2.25
2019.02.20 12:00:28.973,1.13342,1.13344,1,1
2019.02.20 12:00:29.519,1.13341,1.13344,1.69,2.25
2019.02.20 12:00:31.105,1.1334,1.13343,1,5.14
2019.02.20 12:00:31.644,1.1334,1.13343,1,6.39
2019.02.20 12:00:37.284,1.13343,1.13344,2.25,3.75
2019.02.20 12:00:37.946,1.13342,1.13344,4.87,3.75
2019.02.20 12:00:38.355,1.13342,1.13343,1,3.75
2019.02.20 12:00:38.965,1.13342,1.13344,4.69,2.25
2019.02.20 12:00:39.067,1.13341,1.13344,4.69,1.12
2019.02.20 12:00:39.199,1.1334,1.13343,1.5,10.39
2019.02.20 12:00:39.306,1.13341,1.13343,1,1
2019.02.20 12:00:39.461,1.1334,1.13344,4.69,4.39
2019.02.20 12:00:39.878,1.1334,1.13343,1.5,8.14
2019.02.20 12:00:40.820,1.13341,1.13343,2.25,1
2019.02.20 12:00:40.922,1.13341,1.13344,5.44,1
2019.02.20 12:00:41.024,1.13341,1.13343,1.87,1
2019.02.20 12:00:41.126,1.13341,1.13342,1,1
2019.02.20 12:00:41.339,1.13341,1.13343,1.87,1
2019.02.20 12:00:41.441,1.13341,1.13344,3.19,1
2019.02.20 12:00:42.055,1.13341,1.13344,6.81,1
2019.02.20 12:00:42.272,1.1334,1.13344,7.5,2.89
2019.02.20 12:00:42.425,1.1334,1.13344,9.81,3.82
2019.02.20 12:00:42.593,1.1334,1.13344,7.5,2.51
2019.02.20 12:00:42.869,1.1334,1.13343,1.12,3.56
2019.02.20 12:00:43.131,1.1334,1.13344,7.5,2.06
2019.02.20 12:00:45.354,1.13341,1.13344,10.87,1
2019.02.20 12:00:45.456,1.13341,1.13343,1.5,1
2019.02.20 12:00:45.645,1.1334,1.13343,1.5,7.5
2019.02.20 12:00:45.747,1.1334,1.13344,8.62,2.44
2019.02.20 12:00:45.848,1.1334,1.13343,3.75,2.44
2019.02.20 12:00:46.349,1.13341,1.13343,4.5,1
2019.02.20 12:00:47.413,1.13342,1.13343,3.75,3
2019.02.20 12:00:47.579,1.13341,1.13343,3.75,5.44
2019.02.20 12:00:47.783,1.13342,1.13343,3.75,3.19
2019.02.20 12:00:48.119,1.13341,1.13343,3.75,3.75
2019.02.20 12:00:48.221,1.13342,1.13343,4.87,1.25
2019.02.20 12:00:50.281,1.13342,1.13344,5.62,2.5
2019.02.20 12:00:50.384,1.13344,1.13345,1,1.25
2019.02.20 12:00:50.486,1.13344,1.13347,1.5,2.5
2019.02.20 12:00:51.693,1.13345,1.13348,2.25,1.25
2019.02.20 12:00:52.241,1.13345,1.13348,2.25,4.95
2019.02.20 12:00:54.047,1.13346,1.13348,1,1.69
2019.02.20 12:00:55.247,1.13345,1.13349,3.64,8.14
2019.02.20 12:00:55.697,1.13346,1.13349,10.8,1.12
2019.02.20 12:00:57.190,1.13347,1.13349,3.64,2.5
2019.02.20 12:00:57.315,1.13347,1.13349,2.25,2.5
2019.02.20 12:00:57.418,1.1335,1.13352,3.2,2.44
2019.02.20 12:00:57.521,1.1335,1.13353,4.56,1.25
2019.02.20 12:00:57.677,1.13349,1.13352,7.67,1
2019.02.20 12:00:57.779,1.1335,1.13351,1,1.12
2019.02.20 12:00:58.034,1.1335,1.13352,1.12,1.25
2019.02.20 12:00:59.763,1.1335,1.13353,2.62,1.69
2019.02.20 12:01:00.687,1.1335,1.13352,1,3.19
2019.02.20 12:01:01.253,1.1335,1.13353,4.12,1.69
2019.02.20 12:01:01.593,1.13352,1.13353,1,1
2019.02.20 12:01:01.704,1.13351,1.13355,11.47,2.62
2019.02.20 12:01:01.806,1.1335,1.13355,12.55,5.32
2019.02.20 12:01:01.908,1.13351,1.13354,3.75,1.2
2019.02.20 12:01:02.214,1.1335,1.13355,9.37,12.82
2019.02.20 12:01:02.559,1.13351,1.13354,3.37,1.5
2019.02.20 12:01:02.662,1.1335,1.13354,1.25,9.64
2019.02.20 12:01:04.068,1.13351,1.13354,6.56,1
2019.02.20 12:01:04.397,1.13351,1.13353,1.12,1.69
2019.02.20 12:01:04.500,1.13351,1.13354,3.37,5.89
2019.02.20 12:01:04.835,1.13352,1.13353,1.12,1
2019.02.20 12:01:05.001,1.13352,1.13354,3.37,3
2019.02.20 12:01:05.388,1.13351,1.13355,8.06,5.89
2019.02.20 12:01:05.595,1.13351,1.13355,8.56,6.26
2019.02.20 12:01:06.104,1.13352,1.13354,1.12,3.75
2019.02.20 12:01:06.358,1.13351,1.13355,4.44,9.45
2019.02.20 12:01:06.460,1.13351,1.13355,3.94,7.76
2019.02.20 12:01:06.618,1.13351,1.13354,1.12,13.39
2019.02.20 12:01:07.177,1.13352,1.13355,3.37,4.94
2019.02.20 12:01:10.209,1.13352,1.13355,1.69,2.62
2019.02.20 12:01:10.311,1.13351,1.13353,1,11.89
2019.02.20 12:01:10.491,1.13351,1.13355,2.81,3.94
2019.02.20 12:01:11.213,1.13352,1.13355,1.5,1.5
2019.02.20 12:01:11.348,1.13352,1.13354,2.06,1.5
2019.02.20 12:01:11.757,1.13351,1.13354,2.44,7.2
2019.02.20 12:01:11.911,1.1335,1.13355,7.76,11.14
2019.02.20 12:01:12.241,1.1335,1.13354,1.25,11.83
2019.02.20 12:01:12.594,1.13351,1.13353,1.87,1
2019.02.20 12:01:12.696,1.1335,1.13353,1.87,3.19
2019.02.20 12:01:12.945,1.1335,1.13352,1,6.37
2019.02.20 12:01:13.057,1.1335,1.13353,2.25,3.19
2019.02.20 12:01:13.175,1.13351,1.13353,2.25,1
2019.02.20 12:01:13.310,1.1335,1.13353,2.57,1.95
2019.02.20 12:01:13.412,1.13351,1.13353,2.25,1
2019.02.20 12:01:13.515,1.13351,1.13353,2.62,4
2019.02.20 12:01:13.652,1.13351,1.13353,1.12,1
2019.02.20 12:01:14.649,1.13351,1.13353,2.37,1.87
2019.02.20 12:01:16.355,1.1335,1.13351,1.5,6.38
2019.02.20 12:01:16.407,1.13349,1.13351,6.37,1.12
2019.02.20 12:01:16.458,1.13348,1.13349,1,1
2019.02.20 12:01:16.561,1.13347,1.13349,1.5,1.5
2019.02.20 12:01:18.337,1.13347,1.13348,1,1.87
2019.02.20 12:01:18.497,1.13346,1.13348,1,2.81
2019.02.20 12:01:19.121,1.13346,1.13347,1.69,1.87
2019.02.20 12:01:19.282,1.13346,1.13348,2.29,1.87
2019.02.20 12:01:19.811,1.13345,1.13347,3.37,1.25
2019.02.20 12:01:19.913,1.13345,1.13347,1.12,1.94
2019.02.20 12:01:20.504,1.13345,1.13347,1,2.06
2019.02.20 12:01:21.036,1.13345,1.13347,1,1.25
2019.02.20 12:01:21.928,1.13344,1.13347,1.87,1.25
2019.02.20 12:01:22.031,1.13344,1.13346,1,1.25
2019.02.20 12:01:22.163,1.13343,1.13347,2.25,8.69
2019.02.20 12:01:22.367,1.13344,1.13346,1,4.12
2019.02.20 12:01:22.469,1.13344,1.13347,1,1.25
2019.02.20 12:01:22.571,1.13344,1.13346,1,5.06
2019.02.20 12:01:22.794,1.13344,1.13347,1.69,2.62
2019.02.20 12:01:22.896,1.13344,1.13346,1,6.75
2019.02.20 12:01:22.998,1.13344,1.13347,1,1.69
2019.02.20 12:01:23.822,1.13344,1.13346,2.32,5.44
2019.02.20 12:01:23.975,1.13344,1.13347,2.32,1.69
2019.02.20 12:01:25.639,1.13344,1.13347,2.45,2.06
2019.02.20 12:01:27.154,1.13344,1.13347,5.32,2.44
2019.02.20 12:01:27.273,1.13344,1.13347,5.82,2.44
2019.02.20 12:01:29.221,1.13344,1.13347,3.75,3.94
2019.02.20 12:01:29.374,1.13344,1.13346,1,3.19
2019.02.20 12:01:29.476,1.13344,1.13347,2.32,1.69
2019.02.20 12:01:31.666,1.13344,1.13346,1,3.75
2019.02.20 12:01:31.769,1.13344,1.13347,2.14,1
2019.02.20 12:01:31.997,1.13344,1.13346,1,1.5
2019.02.20 12:01:32.191,1.13344,1.13347,2.89,1.5
2019.02.20 12:01:33.749,1.13344,1.13346,1,3.75
2019.02.20 12:01:34.031,1.13344,1.13347,3.56,1.5
2019.02.20 12:01:34.342,1.13344,1.13346,1,3
2019.02.20 12:01:35.439,1.13344,1.13347,1.69,1.5
2019.02.20 12:01:36.134,1.13344,1.13346,1,3
2019.02.20 12:01:36.825,1.13344,1.13347,1.69,1.5
2019.02.20 12:01:37.316,1.13344,1.13347,2.56,1.5
2019.02.20 12:01:38.046,1.13345,1.13347,3.31,1
2019.02.20 12:01:39.387,1.13345,1.13347,1.69,1
2019.02.20 12:01:40.969,1.13344,1.13347,1.25,1
2019.02.20 12:01:42.388,1.13343,1.13347,1.31,6.56
2019.02.20 12:01:42.644,1.13344,1.13347,2.06,1
2019.02.20 12:01:43.600,1.13344,1.13346,1,6.94
2019.02.20 12:01:44.549,1.13343,1.13345,1.25,1.2
2019.02.20 12:01:44.652,1.13342,1.13344,3.57,1.25
2019.02.20 12:01:44.754,1.13341,1.13343,1.1,3.94
2019.02.20 12:01:45.051,1.13342,1.13343,2.32,1
2019.02.20 12:01:45.394,1.13341,1.13343,2.32,5.25
2019.02.20 12:01:56.677,1.13341,1.13344,8.55,2.37
2019.02.20 12:01:57.712,1.13341,1.13344,8.42,1.87
2019.02.20 12:01:57.915,1.13341,1.13344,4.39,6.37
2019.02.20 12:01:58.060,1.13343,1.13345,1.95,6.31
2019.02.20 12:01:58.164,1.13346,1.13348,2.06,1.31
2019.02.20 12:01:58.369,1.13346,1.13348,9.55,2.06
2019.02.20 12:01:58.618,1.13346,1.13348,7.24,2.06
2019.02.20 12:01:58.904,1.13346,1.13347,1.12,2.06
2019.02.20 12:01:59.210,1.13346,1.13348,3,1.25
2019.02.20 12:01:59.832,1.13345,1.13347,1.12,3.37
2019.02.20 12:01:59.944,1.13345,1.13346,1.5,3
2019.02.20 12:02:00.047,1.13345,1.13347,2.25,1
2019.02.20 12:02:00.250,1.13345,1.13346,1.5,1.5
2019.02.20 12:02:00.403,1.13345,1.13347,1.5,1
2019.02.20 12:02:01.052,1.13344,1.13347,1.87,4.5
2019.02.20 12:02:01.153,1.13345,1.13347,3.19,1.25
2019.02.20 12:02:01.308,1.13344,1.13347,2.62,4.5
2019.02.20 12:02:01.480,1.13345,1.13347,2.81,1.25
2019.02.20 12:02:01.582,1.13344,1.13347,2.62,3.75
2019.02.20 12:02:02.208,1.13345,1.13346,1,1
2019.02.20 12:02:02.335,1.13344,1.13347,2.25,3
2019.02.20 12:02:02.621,1.13343,1.13345,1.75,2.51
2019.02.20 12:02:02.724,1.13342,1.13345,6.45,1.25
2019.02.20 12:02:02.835,1.13342,1.13345,3.56,1.5
2019.02.20 12:02:02.937,1.13342,1.13345,3.37,5.5
2019.02.20 12:02:03.142,1.13342,1.13344,1,2.5
2019.02.20 12:02:03.347,1.13342,1.13345,1.12,2.87
2019.02.20 12:02:03.961,1.13342,1.13344,1,2.12
2019.02.20 12:02:04.142,1.13342,1.13345,1,2.12
2019.02.20 12:02:04.910,1.13344,1.13346,3.57,3.56
2019.02.20 12:02:05.048,1.13345,1.13346,1.5,2.25
2019.02.20 12:02:05.341,1.13344,1.13347,2.62,4
2019.02.20 12:02:05.494,1.13345,1.13346,1,2.44
2019.02.20 12:02:05.650,1.13344,1.13347,1.87,4.75
2019.02.20 12:02:06.310,1.13344,1.13346,1,6.25
2019.02.20 12:02:06.658,1.13344,1.13347,1.5,4.75
2019.02.20 12:02:06.761,1.13344,1.13346,1,6.25
2019.02.20 12:02:07.025,1.13344,1.13347,1.5,4.75
2019.02.20 12:02:07.490,1.13344,1.13346,1,6.25
2019.02.20 12:02:07.592,1.13344,1.13347,1.5,4.75
2019.02.20 12:02:08.122,1.13345,1.13347,1,2.5
2019.02.20 12:02:08.224,1.13345,1.13348,1.5,1.25
2019.02.20 12:02:08.377,1.13346,1.13348,1,2.5
2019.02.20 12:02:08.479,1.13346,1.13349,4.5,3.25
2019.02.20 12:02:08.621,1.13348,1.1335,2.37,3.94
2019.02.20 12:02:08.672,1.13349,1.13351,1.87,1
2019.02.20 12:02:08.774,1.13349,1.13352,1.3,6
2019.02.20 12:02:09.132,1.13351,1.13353,3,1.25
2019.02.20 12:02:10.303,1.13351,1.13354,5.29,1.25
2019.02.20 12:02:10.406,1.13351,1.13354,2.44,1.25
2019.02.20 12:02:10.662,1.13351,1.13353,1,1.25
2019.02.20 12:02:11.303,1.13351,1.13354,4.2,1.25
2019.02.20 12:02:12.277,1.13353,1.13355,1.1,6.32
2019.02.20 12:02:12.431,1.13354,1.13358,5.85,2.5
2019.02.20 12:02:12.762,1.13354,1.13358,5.7,2.5
2019.02.20 12:02:13.970,1.13354,1.13357,1,6.62
2019.02.20 12:02:14.072,1.13354,1.13358,4.76,2.5
2019.02.20 12:02:15.688,1.13354,1.13358,6.14,1.75
2019.02.20 12:02:16.454,1.13354,1.13355,1,8.81
2019.02.20 12:02:16.604,1.13353,1.13355,8.26,1.12
2019.02.20 12:02:17.063,1.13352,1.13353,1,1
2019.02.20 12:02:17.199,1.13351,1.13353,1.1,5.94
2019.02.20 12:02:17.857,1.13351,1.13354,11.51,1.5
2019.02.20 12:02:17.959,1.13351,1.13353,2.7,2
2019.02.20 12:02:18.171,1.1335,1.13354,13.35,3.31
2019.02.20 12:02:18.275,1.1335,1.13352,3.94,3
2019.02.20 12:02:18.410,1.13349,1.13352,2.89,3
2019.02.20 12:02:19.379,1.13349,1.13352,1.35,1.75
2019.02.20 12:02:19.695,1.13349,1.13351,1,7
2019.02.20 12:02:19.797,1.1335,1.13352,1,1
2019.02.20 12:02:22.390,1.13351,1.13353,1.2,1
2019.02.20 12:02:22.543,1.13351,1.13354,8.51,1
2019.02.20 12:02:22.693,1.1335,1.13354,9.47,6
2019.02.20 12:02:23.073,1.13351,1.13353,8.14,1.12
2019.02.20 12:02:23.176,1.13349,1.13352,3,8.56
2019.02.20 12:02:23.571,1.13349,1.13353,4.76,6.31
2019.02.20 12:02:24.081,1.13349,1.13353,4.2,5.44
2019.02.20 12:02:24.571,1.13349,1.13353,2.39,4
2019.02.20 12:02:27.276,1.1335,1.13353,4.91,1.25
2019.02.20 12:02:27.734,1.1335,1.13352,1,3.56
2019.02.20 12:02:27.837,1.1335,1.13352,1,5.37
2019.02.20 12:02:27.939,1.1335,1.13353,3.6,1.31
2019.02.20 12:02:30.749,1.1335,1.13352,1,3.12
2019.02.20 12:02:31.422,1.1335,1.13353,3.6,1.31
2019.02.20 12:02:32.282,1.13351,1.13354,5.89,2.25
2019.02.20 12:02:32.384,1.13352,1.13353,1,2.44
2019.02.20 12:02:32.487,1.13354,1.13356,4.42,2.44
2019.02.20 12:02:32.589,1.13354,1.13356,1,3.25
2019.02.20 12:02:32.743,1.13355,1.13357,2.7,1.25
2019.02.20 12:02:33.049,1.13355,1.13356,1.2,1.25
2019.02.20 12:02:33.204,1.13353,1.13357,8.32,4.84
2019.02.20 12:02:33.425,1.13353,1.13356,1,4.84
2019.02.20 12:02:33.527,1.13352,1.13355,2.44,3.37
2019.02.20 12:02:33.629,1.13352,1.13354,1.12,5.96
2019.02.20 12:02:33.828,1.13351,1.13353,1,3.87
2019.02.20 12:02:33.930,1.13351,1.13354,4.39,1.62
2019.02.20 12:02:34.617,1.13351,1.13353,1,2.15
2019.02.20 12:02:34.721,1.1335,1.13354,4.39,7.96
2019.02.20 12:02:38.040,1.13351,1.13353,1.5,1.12
2019.02.20 12:02:38.195,1.1335,1.13354,6.64,2.81
2019.02.20 12:02:38.781,1.13351,1.13354,6.66,1
2019.02.20 12:02:38.893,1.13351,1.13354,6.64,1
2019.02.20 12:02:39.315,1.13351,1.13354,9.01,1.12
2019.02.20 12:02:41.571,1.1335,1.13351,1,1.46
2019.02.20 12:02:41.699,1.13348,1.13351,1,9
2019.02.20 12:02:41.802,1.13349,1.13351,2.62,2.25
2019.02.20 12:02:42.148,1.13348,1.1335,1.25,3
2019.02.20 12:02:42.300,1.13347,1.13349,2.32,4.12
2019.02.20 12:02:43.535,1.13346,1.13348,1,12.46
2019.02.20 12:02:43.653,1.13346,1.13349,3.56,10.21
2019.02.20 12:02:43.985,1.13346,1.13349,2.51,8.59
2019.02.20 12:02:44.139,1.13346,1.13348,1,10.84
2019.02.20 12:02:44.304,1.13346,1.13349,1.01,1.5
2019.02.20 12:02:46.302,1.13346,1.1335,7.76,1.69
2019.02.20 12:02:47.296,1.13346,1.1335,8.26,1.31
2019.02.20 12:02:47.840,1.13346,1.1335,10.95,1.25
2019.02.20 12:02:47.942,1.13345,1.13347,1,3
2019.02.20 12:02:48.197,1.13343,1.13346,3,5.87
2019.02.20 12:02:48.343,1.13344,1.13347,3.6,2.69
2019.02.20 12:02:48.445,1.13344,1.13346,1,6.25
2019.02.20 12:02:48.827,1.13344,1.13347,3.6,2.69
2019.02.20 12:02:49.343,1.13344,1.13346,1,1
2019.02.20 12:02:49.496,1.13343,1.13346,3,1.25
2019.02.20 12:02:49.803,1.13343,1.13346,11.01,1.12
2019.02.20 12:02:49.905,1.13341,1.13345,5.56,3.01
2019.02.20 12:02:50.008,1.13341,1.13344,1.37,2.56
2019.02.20 12:02:50.937,1.13341,1.13344,3.62,1.25
2019.02.20 12:02:51.694,1.1334,1.13342,1,3.62
2019.02.20 12:02:51.849,1.1334,1.13344,1.31,9.07
2019.02.20 12:02:51.901,1.13342,1.13344,3.19,1
2019.02.20 12:02:52.821,1.13341,1.13344,1.25,2.06
2019.02.20 12:02:52.923,1.1334,1.13344,1.25,5.89
2019.02.20 12:02:53.076,1.13341,1.13343,1.5,3.37
2019.02.20 12:02:53.489,1.1334,1.13344,2.44,5.89
2019.02.20 12:02:53.693,1.13341,1.13343,1,3.37
2019.02.20 12:02:53.795,1.1334,1.13344,2.44,7.39
2019.02.20 12:02:54.902,1.13341,1.13343,1,1
2019.02.20 12:02:55.004,1.1334,1.13344,3.19,3.64
2019.02.20 12:02:55.119,1.13341,1.13344,1,4.19
2019.02.20 12:02:55.222,1.13344,1.13346,1.57,2.5
2019.02.20 12:02:55.350,1.13344,1.13347,9.82,1.25
2019.02.20 12:02:55.710,1.13345,1.13346,1,1
2019.02.20 12:02:56.431,1.13344,1.13348,4.5,2.5
2019.02.20 12:02:56.582,1.13345,1.13348,2.37,1.37
2019.02.20 12:02:57.953,1.13344,1.13348,5.44,5.87
2019.02.20 12:02:58.157,1.13345,1.13348,12.29,1.25
2019.02.20 12:02:58.304,1.13345,1.13347,1.5,1
2019.02.20 12:02:59.086,1.13345,1.13346,1.87,1
2019.02.20 12:03:00.133,1.13343,1.13347,3.75,6.75
2019.02.20 12:03:00.235,1.13343,1.13346,5.47,4.12
2019.02.20 12:03:00.376,1.13341,1.13344,1.25,1.87
2019.02.20 12:03:01.547,1.13341,1.13343,1.5,3
2019.02.20 12:03:01.752,1.13341,1.13342,1.25,1
2019.02.20 12:03:01.854,1.13339,1.13341,4.04,8.25
2019.02.20 12:03:01.985,1.13333,1.13335,5.81,1
2019.02.20 12:03:02.088,1.13333,1.13334,1.69,1
2019.02.20 12:03:02.139,1.13332,1.13335,11.91,1
2019.02.20 12:03:02.606,1.13331,1.13334,2.62,1.12
2019.02.20 12:03:02.841,1.1333,1.13333,2.25,6.01
2019.02.20 12:03:03.097,1.1333,1.13333,3.75,3.56
2019.02.20 12:03:03.199,1.13331,1.13332,1,1.5
2019.02.20 12:03:03.497,1.1333,1.13333,1.5,5.81
2019.02.20 12:03:03.651,1.1333,1.13334,2.89,2.81
2019.02.20 12:03:03.905,1.13331,1.13334,6.82,1
2019.02.20 12:03:04.137,1.1333,1.13334,2.51,2.44
2019.02.20 12:03:04.341,1.13331,1.13334,9.45,1.5
2019.02.20 12:03:04.465,1.1333,1.13334,4.76,4.69
2019.02.20 12:03:04.852,1.13331,1.13334,4.39,1
2019.02.20 12:03:04.996,1.1333,1.13334,3.64,5.44
2019.02.20 12:03:05.104,1.13331,1.13334,8.14,1.5
2019.02.20 12:03:05.207,1.1333,1.13334,3.64,5.44
2019.02.20 12:03:05.551,1.13331,1.13334,5.14,1
2019.02.20 12:03:06.005,1.1333,1.13334,3.64,5.44
2019.02.20 12:03:07.109,1.13331,1.13334,5.14,3.75
2019.02.20 12:03:07.250,1.13333,1.13335,17.33,1.05
2019.02.20 12:03:07.356,1.13335,1.13336,2.81,1
2019.02.20 12:03:07.459,1.13334,1.13336,3.87,1.69
2019.02.20 12:03:07.561,1.13334,1.13336,1.12,1.75
2019.02.20 12:03:07.664,1.13334,1.13336,1.87,3.37
2019.02.20 12:03:08.553,1.13333,1.13336,3.37,1.87
2019.02.20 12:03:08.799,1.13333,1.13337,6.82,1.31
2019.02.20 12:03:08.901,1.13333,1.13336,1,2.06
2019.02.20 12:03:09.221,1.13332,1.13337,6.26,6.82
2019.02.20 12:03:09.272,1.13332,1.13336,1.5,6.57
2019.02.20 12:03:09.375,1.13332,1.13334,2.06,1.5
2019.02.20 12:03:09.477,1.13332,1.13335,6.82,1
2019.02.20 12:03:09.682,1.13332,1.13334,1,1
2019.02.20 12:03:09.784,1.13331,1.13333,1,1.31
2019.02.20 12:03:09.886,1.1333,1.13334,1.76,9.19
2019.02.20 12:03:09.988,1.1333,1.13334,1.89,9.64
2019.02.20 12:03:10.259,1.1333,1.13334,1.12,7.87
2019.02.20 12:03:13.902,1.13331,1.13333,1,1.31
2019.02.20 12:03:15.449,1.1333,1.13333,1,2.81
2019.02.20 12:03:17.379,1.1333,1.13332,1.5,1
2019.02.20 12:03:17.533,1.1333,1.13331,1,2.25
2019.02.20 12:03:17.681,1.13329,1.13332,4.5,3.79
2019.02.20 12:03:17.784,1.13328,1.13331,4.5,1.12
2019.02.20 12:03:17.887,1.13326,1.13329,1.25,1
2019.02.20 12:03:17.989,1.13325,1.13328,1,1.88
2019.02.20 12:03:18.287,1.13326,1.13328,1.12,1.25
2019.02.20 12:03:18.389,1.13324,1.13328,1.25,9.51
2019.02.20 12:03:19.218,1.13324,1.13328,1,9.26
2019.02.20 12:03:19.320,1.13324,1.13329,5.89,8.51
2019.02.20 12:03:19.908,1.13324,1.13329,8.12,8.45
2019.02.20 12:03:20.057,1.13324,1.13329,6.56,9.26
2019.02.20 12:03:20.595,1.13325,1.13328,1,4.5
2019.02.20 12:03:20.837,1.13324,1.13329,7.39,13.76
2019.02.20 12:03:21.006,1.13325,1.13328,1,4.5
2019.02.20 12:03:21.370,1.13324,1.13328,3.41,7.63
2019.02.20 12:03:21.480,1.13324,1.13328,1.39,8.08
2019.02.20 12:03:21.633,1.13324,1.13327,1,10.33
2019.02.20 12:03:21.875,1.13325,1.13327,1,2.25
2019.02.20 12:03:21.977,1.13323,1.13327,8.51,3.56
2019.02.20 12:03:22.079,1.13324,1.13326,1.69,1.25
2019.02.20 12:03:22.182,1.13324,1.13327,5.92,3.25
2019.02.20 12:03:22.284,1.13324,1.13326,2.25,5.5
2019.02.20 12:03:22.386,1.13324,1.13327,2.14,3.25
2019.02.20 12:03:22.529,1.13323,1.13326,1,8.81
2019.02.20 12:03:22.632,1.13323,1.13327,5.14,2.06
2019.02.20 12:03:22.764,1.13323,1.13326,2.25,2.81
2019.02.20 12:03:22.866,1.13324,1.13326,1.5,1.25
2019.02.20 12:03:23.020,1.13325,1.13327,1.57,1
2019.02.20 12:03:24.125,1.13323,1.13327,3.37,11.06
2019.02.20 12:03:26.589,1.13325,1.13327,1.12,1
2019.02.20 12:03:28.391,1.13323,1.13326,1,2.19
2019.02.20 12:03:28.618,1.13324,1.13327,3.26,1.37
2019.02.20 12:03:28.720,1.13324,1.13326,1.5,2.12
2019.02.20 12:03:29.349,1.13323,1.13327,2.89,7.69
2019.02.20 12:03:29.452,1.13322,1.13323,2.29,6.37
2019.02.20 12:03:29.557,1.1332,1.13322,1,3.19
2019.02.20 12:03:30.082,1.13318,1.1332,6.32,4.12
2019.02.20 12:03:30.183,1.13316,1.13319,3.11,1
2019.02.20 12:03:30.235,1.13315,1.13317,1,2.06
2019.02.20 12:03:30.287,1.13315,1.13319,8.74,2.06
2019.02.20 12:03:30.391,1.13315,1.13318,1,2.06
2019.02.20 12:03:30.630,1.13315,1.13319,6.11,1.31
2019.02.20 12:03:31.116,1.13315,1.13318,1,6.19
2019.02.20 12:03:31.218,1.13315,1.13319,6.86,1.69
2019.02.20 12:03:31.377,1.13315,1.13318,3.64,5.44
2019.02.20 12:03:31.479,1.13315,1.13318,2.16,1.5
2019.02.20 12:03:31.581,1.13315,1.13318,1.25,1.87
2019.02.20 12:03:31.904,1.13316,1.13318,1.69,1
2019.02.20 12:03:32.063,1.13315,1.13318,5.86,1
2019.02.20 12:03:32.114,1.13313,1.13317,3.64,15.45
2019.02.20 12:03:32.471,1.13313,1.13316,1,13.88
2019.02.20 12:03:32.573,1.13313,1.13317,2.14,10.13
2019.02.20 12:03:32.908,1.13313,1.13317,1.76,6.44
2019.02.20 12:03:33.112,1.13313,1.13316,2.5,3
2019.02.20 12:03:33.265,1.13311,1.13314,2.51,1.12
2019.02.20 12:03:33.469,1.13311,1.13313,1,4.31
2019.02.20 12:03:33.730,1.13311,1.13314,3.45,1
2019.02.20 12:03:33.832,1.13311,1.13313,1.25,1
2019.02.20 12:03:33.934,1.13311,1.13314,4.2,1
2019.02.20 12:03:35.115,1.13311,1.13313,2.89,4.12
2019.02.20 12:03:36.730,1.13312,1.13313,1.95,1
2019.02.20 12:03:36.956,1.13311,1.13314,4.72,1.5
2019.02.20 12:03:37.412,1.13314,1.13316,7.57,1
2019.02.20 12:03:37.516,1.13315,1.13318,3.01,4.19
2019.02.20 12:03:37.666,1.13316,1.13319,10.26,3.38
2019.02.20 12:03:37.770,1.13315,1.13319,3.66,3.94
2019.02.20 12:03:37.873,1.13316,1.13319,6.29,1.87
2019.02.20 12:03:37.975,1.13315,1.13319,3.66,3.94
2019.02.20 12:03:38.372,1.13316,1.13318,3.64,1.12
2019.02.20 12:03:38.505,1.13315,1.13319,7.72,3.19
2019.02.20 12:03:38.608,1.13315,1.13318,1.1,4.44
2019.02.20 12:03:41.197,1.13315,1.13318,2.2,2.19
2019.02.20 12:03:41.299,1.13314,1.13317,2.81,4.12
2019.02.20 12:03:41.412,1.13314,1.13317,2.16,1
2019.02.20 12:03:41.565,1.13313,1.13317,1.39,7.69
2019.02.20 12:03:41.667,1.13314,1.13317,1.39,1
2019.02.20 12:03:41.820,1.13313,1.13317,1.39,7.87
2019.02.20 12:03:42.418,1.13313,1.13316,1,9.56
2019.02.20 12:03:42.471,1.13312,1.13313,1.25,5.43
2019.02.20 12:03:42.576,1.13311,1.13313,3.07,1.12
2019.02.20 12:03:45.292,1.13313,1.13314,2.51,1.69
2019.02.20 12:03:45.408,1.13316,1.13317,1.95,1.25
2019.02.20 12:03:45.511,1.13316,1.13319,3.57,1.31
2019.02.20 12:03:45.869,1.13316,1.13318,1.6,1
2019.02.20 12:03:45.971,1.13316,1.13318,1.2,1
2019.02.20 12:03:46.226,1.13317,1.13318,1.1,1
2019.02.20 12:03:46.359,1.13317,1.1332,7.8,1.25
2019.02.20 12:03:46.461,1.13316,1.1332,7.07,3.37
2019.02.20 12:03:46.565,1.13316,1.13318,1.25,3.75
2019.02.20 12:03:46.877,1.13315,1.13318,3.19,5.62
2019.02.20 12:03:47.301,1.13316,1.13318,1.69,1
2019.02.20 12:03:47.403,1.13315,1.13318,1.25,3
2019.02.20 12:03:47.705,1.13316,1.13318,1.25,1
2019.02.20 12:03:47.867,1.13315,1.13319,6.7,4.12
2019.02.20 12:03:48.561,1.13316,1.13318,1.25,1
2019.02.20 12:03:48.663,1.13315,1.13319,7.45,3.37
2019.02.20 12:03:49.110,1.13316,1.13318,2.44,1
2019.02.20 12:03:49.212,1.13315,1.13319,8.95,2.62
2019.02.20 12:03:49.315,1.13316,1.13318,2.44,1
2019.02.20 12:03:49.417,1.13315,1.13319,8.2,2.62
2019.02.20 12:03:49.674,1.13316,1.13318,2.44,1
2019.02.20 12:03:49.776,1.13315,1.13319,8.2,2.62
2019.02.20 12:03:50.461,1.13316,1.13318,2.44,1
2019.02.20 12:03:50.648,1.13315,1.13319,8.01,2.62
2019.02.20 12:03:50.801,1.13316,1.13318,2.44,1
2019.02.20 12:03:51.251,1.13315,1.13319,12.14,2.62
2019.02.20 12:03:51.490,1.13316,1.13318,2.44,1
2019.02.20 12:03:51.592,1.13315,1.13319,13.26,2.62
2019.02.20 12:03:52.093,1.13316,1.13318,3.19,1
2019.02.20 12:03:52.924,1.13315,1.13318,1.25,3.37
2019.02.20 12:03:53.622,1.13315,1.13316,3.6,1.12
2019.02.20 12:03:53.857,1.13316,1.13317,3,1
2019.02.20 12:03:53.959,1.13313,1.13317,2.44,12.19
2019.02.20 12:03:54.011,1.13315,1.13317,3,3.18
2019.02.20 12:03:54.164,1.13314,1.13317,1.69,3.75
2019.02.20 12:03:54.314,1.13314,1.13317,6.41,3.37
2019.02.20 12:03:54.416,1.13314,1.13317,10.61,1
2019.02.20 12:03:54.620,1.13315,1.13316,1,1
2019.02.20 12:03:54.722,1.13315,1.13317,4.5,1
2019.02.20 12:03:54.899,1.13315,1.13316,1,3
2019.02.20 12:03:55.001,1.13314,1.13317,1.87,3.19
2019.02.20 12:03:55.162,1.13315,1.13316,1,2.25
2019.02.20 12:03:55.279,1.13314,1.13317,1.87,3.19
2019.02.20 12:03:55.618,1.13315,1.13316,1,2.25
2019.02.20 12:03:55.720,1.13314,1.13317,1.5,3.19
2019.02.20 12:03:57.220,1.13314,1.13318,5.66,3.19
2019.02.20 12:03:57.374,1.13314,1.13318,4.72,6.25
2019.02.20 12:03:57.578,1.13316,1.13318,1.5,1.25
2019.02.20 12:03:59.070,1.13317,1.13318,1.5,3.75
2019.02.20 12:04:00.217,1.13317,1.13319,2.62,4.87
2019.02.20 12:04:01.062,1.13316,1.13319,4.41,3.75
2019.02.20 12:04:01.553,1.13316,1.13318,1,4.5
2019.02.20 12:04:03.619,1.13317,1.13319,3.12,1
2019.02.20 12:04:03.842,1.13316,1.13319,3.87,8.89
2019.02.20 12:04:04.420,1.13316,1.13319,2.44,3.75
2019.02.20 12:04:04.522,1.13317,1.13318,1,3.75
2019.02.20 12:04:04.626,1.13317,1.13319,2.44,3.75
2019.02.20 12:04:05.502,1.13317,1.13318,1,3.75
2019.02.20 12:04:05.676,1.13317,1.13319,4.99,3.75
2019.02.20 12:04:07.757,1.13317,1.13319,5.75,3.75
2019.02.20 12:04:08.892,1.13317,1.13319,6,3.75
2019.02.20 12:04:09.091,1.13316,1.13319,5.06,1
2019.02.20 12:04:09.193,1.13316,1.13318,1,1.5
2019.02.20 12:04:10.694,1.13316,1.13319,1.12,3.94
2019.02.20 12:04:11.088,1.13316,1.13318,1,8.81
2019.02.20 12:04:11.244,1.13319,1.13321,15.92,4.22
2019.02.20 12:04:11.393,1.13321,1.13322,4.97,3.37
2019.02.20 12:04:11.444,1.13322,1.13324,1,1
2019.02.20 12:04:12.074,1.13323,1.13324,1,1
2019.02.20 12:04:12.389,1.13324,1.13326,5.7,7.25
2019.02.20 12:04:12.498,1.13325,1.13327,2.62,2.25
2019.02.20 12:04:12.601,1.13326,1.13328,1.31,1.25
2019.02.20 12:04:13.040,1.13325,1.13328,3.56,6.9
2019.02.20 12:04:13.346,1.13326,1.13328,1.87,1
2019.02.20 12:04:16.610,1.13326,1.13329,4.95,1
2019.02.20 12:04:16.712,1.13326,1.13328,7.5,1
2019.02.20 12:04:16.815,1.13325,1.13328,3.19,5.25
2019.02.20 12:04:19.374,1.13325,1.13328,8.56,3.75
2019.02.20 12:04:19.781,1.13324,1.13328,12.56,2.06
2019.02.20 12:04:19.981,1.13323,1.13327,2.44,5.13
2019.02.20 12:04:20.032,1.13322,1.13325,6.75,2.32
2019.02.20 12:04:20.440,1.13321,1.13324,2.25,1.25
2019.02.20 12:04:21.454,1.13319,1.13324,15.22,8.32
2019.02.20 12:04:21.506,1.13321,1.13324,16.53,1
2019.02.20 12:04:21.608,1.1332,1.13324,8.13,3
2019.02.20 12:04:22.220,1.13321,1.13324,13.12,2.25
2019.02.20 12:04:22.333,1.1332,1.13324,9.18,2.25
2019.02.20 12:04:22.435,1.13319,1.13324,12.82,10.76
2019.02.20 12:04:22.690,1.1332,1.13324,15,2.44
2019.02.20 12:04:22.793,1.13319,1.13324,9.18,9.07
2019.02.20 12:04:22.922,1.1332,1.13324,11.62,1
2019.02.20 12:04:23.025,1.13319,1.13324,10.31,9.07
2019.02.20 12:04:23.178,1.1332,1.13324,15.37,2.44
2019.02.20 12:04:23.331,1.13319,1.13324,8.81,7.2
2019.02.20 12:04:23.592,1.1332,1.13324,14.25,2.44
2019.02.20 12:04:23.840,1.13319,1.13323,1.31,7.95
2019.02.20 12:04:24.029,1.1332,1.13323,2.06,2.44
2019.02.20 12:04:24.133,1.13318,1.1332,3.56,4.62
2019.02.20 12:04:24.185,1.13317,1.13319,1,3
2019.02.20 12:04:25.179,1.13316,1.13319,3.26,5.7
2019.02.20 12:04:25.741,1.13315,1.13318,5.66,4.5
2019.02.20 12:04:25.822,1.13314,1.13316,1,8.14
2019.02.20 12:04:25.924,1.13312,1.13314,1.25,6.75
2019.02.20 12:04:26.437,1.13313,1.13314,1.69,1.12
2019.02.20 12:04:26.540,1.13312,1.13314,6.79,1
2019.02.20 12:04:26.693,1.13311,1.13314,3.19,2.25
2019.02.20 12:04:26.797,1.13311,1.13313,1,3.37
2019.02.20 12:04:26.900,1.13311,1.13314,2.14,3.45
2019.02.20 12:04:27.981,1.13312,1.13313,1,1.12
2019.02.20 12:04:28.083,1.13312,1.13314,3.56,1.12
2019.02.20 12:04:28.197,1.13311,1.13314,2.81,5.62
2019.02.20 12:04:29.014,1.13311,1.13314,5.56,8
2019.02.20 12:04:30.068,1.13311,1.13314,2.95,1
2019.02.20 12:04:31.078,1.13311,1.13313,1.19,3
2019.02.20 12:04:31.281,1.13311,1.13314,7.45,1
2019.02.20 12:04:31.797,1.13311,1.13313,1.64,1
2019.02.20 12:04:31.899,1.13311,1.13314,7.45,1
2019.02.20 12:04:34.413,1.13311,1.13313,2.4,2.25
2019.02.20 12:04:36.647,1.13311,1.13314,3.71,1.12
2019.02.20 12:04:37.283,1.13311,1.13313,1.65,1.12
2019.02.20 12:04:38.127,1.13311,1.13314,2.96,1
2019.02.20 12:04:38.738,1.13311,1.13313,1.2,1
2019.02.20 12:04:38.840,1.1331,1.13314,2.96,3.56
2019.02.20 12:04:39.047,1.13309,1.13311,4,8.14
2019.02.20 12:04:39.150,1.13308,1.13309,1,1.5
2019.02.20 12:04:39.297,1.13306,1.13309,1,4.69
2019.02.20 12:04:39.399,1.13307,1.1331,7.44,1.12
2019.02.20 12:04:39.604,1.13306,1.1331,5.94,4.31
2019.02.20 12:04:40.105,1.13307,1.13309,2.25,1
2019.02.20 12:04:40.271,1.13306,1.13309,1,2.06
2019.02.20 12:04:41.125,1.13307,1.13309,1.87,1
2019.02.20 12:04:41.643,1.13308,1.13311,4.57,5.72
2019.02.20 12:04:41.746,1.13311,1.13313,3.6,1
2019.02.20 12:04:41.848,1.13312,1.13313,1.12,1
2019.02.20 12:04:41.950,1.13311,1.13314,1.81,1.12
2019.02.20 12:04:42.837,1.13311,1.13314,1.31,1
2019.02.20 12:04:43.208,1.13311,1.13313,1.25,1
2019.02.20 12:04:43.311,1.13311,1.13314,2.25,1
2019.02.20 12:04:43.471,1.13312,1.13314,6.19,1
2019.02.20 12:04:43.572,1.13311,1.13314,2.25,1
2019.02.20 12:04:44.004,1.13312,1.13314,2.25,1
2019.02.20 12:04:44.105,1.13311,1.13313,1,4.87
2019.02.20 12:04:44.246,1.13312,1.13313,1,1
2019.02.20 12:04:44.547,1.13311,1.13313,1,5.62
2019.02.20 12:04:44.689,1.13311,1.13314,2.25,3.19
2019.02.20 12:04:44.943,1.13311,1.13313,1,5.44
2019.02.20 12:04:46.257,1.13312,1.13313,1,2.25
2019.02.20 12:04:46.461,1.13311,1.13314,3.7,1.25
2019.02.20 12:04:49.136,1.1331,1.13311,1.25,1
2019.02.20 12:04:49.247,1.13308,1.13309,2.25,1.69
2019.02.20 12:04:49.299,1.13307,1.1331,4.69,3
2019.02.20 12:04:49.351,1.13309,1.1331,1,1
2019.02.20 12:04:49.454,1.1331,1.13311,1,1
2019.02.20 12:04:49.885,1.1331,1.13312,1,3.94
2019.02.20 12:04:50.141,1.1331,1.13313,4.35,1.69
2019.02.20 12:04:50.452,1.1331,1.13312,1,1.69
2019.02.20 12:04:50.911,1.13309,1.13313,7.35,3.62
2019.02.20 12:04:51.094,1.13309,1.13312,2.44,2.06
2019.02.20 12:04:51.198,1.13308,1.13309,1,1.12
2019.02.20 12:04:51.301,1.13307,1.13309,3.62,1
2019.02.20 12:04:51.645,1.13306,1.13309,2.5,1.5
2019.02.20 12:04:52.388,1.13306,1.13309,3.19,1.69
2019.02.20 12:04:52.595,1.13306,1.13309,4.75,1.69
2019.02.20 12:04:52.699,1.13304,1.13305,2.85,1.5
2019.02.20 12:04:52.801,1.13296,1.13297,1.12,1.5
2019.02.20 12:04:52.866,1.13295,1.13296,1,1
2019.02.20 12:04:52.922,1.13288,1.13291,1,4.12
2019.02.20 12:04:53.025,1.13286,1.13287,1,2.06
2019.02.20 12:04:53.144,1.13286,1.13288,2.95,1.05
2019.02.20 12:04:53.262,1.13286,1.13289,1.95,1.25
2019.02.20 12:04:53.314,1.13285,1.13287,1,4.31
2019.02.20 12:04:53.365,1.13286,1.13289,3.7,1.25
2019.02.20 12:04:53.786,1.13287,1.13288,1.25,1.12
2019.02.20 12:04:53.889,1.13289,1.1329,2.32,1.25
2019.02.20 12:04:53.940,1.13289,1.13291,1.5,1.25
2019.02.20 12:04:54.050,1.13289,1.1329,2.62,1
2019.02.20 12:04:54.154,1.13286,1.13289,2.94,2.25
2019.02.20 12:04:54.360,1.13287,1.13289,3.2,1
2019.02.20 12:04:54.508,1.13286,1.13288,1.57,3
2019.02.20 12:04:54.713,1.13286,1.13288,1.62,1.5
2019.02.20 12:04:54.866,1.13288,1.13289,1.33,1.25
2019.02.20 12:04:54.969,1.13289,1.13291,3.08,1
2019.02.20 12:04:55.124,1.13291,1.13293,1,3
2019.02.20 12:04:55.226,1.13291,1.13294,3.07,3
2019.02.20 12:04:55.481,1.13292,1.13294,2.81,1.25
2019.02.20 12:04:55.982,1.13292,1.13293,1,1
2019.02.20 12:04:56.085,1.13292,1.13295,5.7,1
2019.02.20 12:04:56.187,1.13291,1.13294,2.44,1.12
2019.02.20 12:04:56.437,1.13292,1.13294,4.06,1
2019.02.20 12:04:56.539,1.13291,1.13294,1.31,1.5
2019.02.20 12:04:56.833,1.13292,1.13294,3.31,1
2019.02.20 12:04:56.935,1.13291,1.13294,1.31,1.5
2019.02.20 12:04:57.216,1.13291,1.13294,2.56,4.12
2019.02.20 12:04:58.310,1.13292,1.13293,1,1
2019.02.20 12:04:58.452,1.13291,1.13293,1,2.81
2019.02.20 12:05:00.458,1.13291,1.13293,2.92,1
2019.02.20 12:05:00.562,1.1329,1.13293,9.92,2.81
2019.02.20 12:05:00.668,1.1329,1.13293,2.02,6.01
2019.02.20 12:05:00.803,1.1329,1.13293,1,8.81
2019.02.20 12:05:00.908,1.13291,1.13293,1.87,1
2019.02.20 12:05:01.011,1.13291,1.13294,7.31,3.75
2019.02.20 12:05:01.265,1.1329,1.13293,5.06,1.12
2019.02.20 12:05:01.368,1.13289,1.13292,4.54,1.25
2019.02.20 12:05:01.419,1.13288,1.13291,10.68,2.81
2019.02.20 12:05:01.523,1.13291,1.13292,1.1,1.5
2019.02.20 12:05:01.648,1.13291,1.13293,1.2,1
2019.02.20 12:05:01.751,1.13292,1.13294,1.01,1
2019.02.20 12:05:02.212,1.13291,1.13294,4.37,2.06
2019.02.20 12:05:04.302,1.13291,1.13294,5.45,1.31
2019.02.20 12:05:04.405,1.13291,1.13294,6.08,1.31
2019.02.20 12:05:04.536,1.13292,1.13294,4.01,1
2019.02.20 12:05:04.587,1.13291,1.13294,3.07,1.31
2019.02.20 12:05:05.211,1.13292,1.13295,8.32,1.25
2019.02.20 12:05:05.314,1.13292,1.13294,3.07,1
2019.02.20 12:05:05.417,1.13292,1.13293,1.5,1.5
2019.02.20 12:05:05.519,1.13292,1.13294,2.32,1
2019.02.20 12:05:05.825,1.13292,1.13293,1,1.5
2019.02.20 12:05:05.927,1.13292,1.13294,3,1
2019.02.20 12:05:06.782,1.13292,1.13293,1,1.5
2019.02.20 12:05:06.927,1.13292,1.13294,1.5,1
2019.02.20 12:05:07.119,1.13293,1.13294,1.12,1
2019.02.20 12:05:07.746,1.13294,1.13296,1,5.44
2019.02.20 12:05:07.849,1.13294,1.13295,1,6.56
2019.02.20 12:05:07.900,1.13296,1.13298,2.62,1.25
2019.02.20 12:05:08.112,1.13297,1.13299,1.76,1.87
2019.02.20 12:05:08.583,1.13297,1.13298,1,1.87
2019.02.20 12:05:08.927,1.13296,1.13298,1,5.81
2019.02.20 12:05:09.029,1.13297,1.13299,1.25,1.87
2019.02.20 12:05:18.964,1.13298,1.13299,1,1
2019.02.20 12:05:19.666,1.13297,1.133,4.81,2.62
2019.02.20 12:05:19.819,1.13298,1.133,11.82,1
2019.02.20 12:05:21.218,1.13296,1.13298,1,4.76
2019.02.20 12:05:21.574,1.13296,1.13299,7.76,2.06
2019.02.20 12:05:21.690,1.13295,1.13298,1.87,1.31
2019.02.20 12:05:21.794,1.13295,1.13298,3.62,2.25
2019.02.20 12:05:21.896,1.13295,1.13298,2.62,2.06
2019.02.20 12:05:22.323,1.13295,1.13299,4.14,6.81
2019.02.20 12:05:22.598,1.13297,1.13298,1,1
2019.02.20 12:05:23.408,1.13296,1.13297,1,4.31
2019.02.20 12:05:23.510,1.13297,1.13298,1.87,1
2019.02.20 12:05:23.615,1.13294,1.13295,1.31,4.01
2019.02.20 12:05:23.718,1.13291,1.13293,1.87,4.69
2019.02.20 12:05:23.880,1.13292,1.13293,6.6,1
2019.02.20 12:05:23.932,1.1329,1.13291,2.25,1.39
2019.02.20 12:05:23.984,1.13289,1.1329,2.25,1.12
2019.02.20 12:05:24.087,1.13288,1.13289,3.75,1
2019.02.20 12:05:24.298,1.13287,1.13288,1,3
2019.02.20 12:05:24.400,1.13287,1.13289,9.86,3.25
2019.02.20 12:05:24.706,1.13286,1.13289,5.36,1.75
2019.02.20 12:05:25.461,1.13286,1.13288,1.12,4
2019.02.20 12:05:25.617,1.13286,1.13289,6.41,1.75
2019.02.20 12:05:25.668,1.13284,1.13285,2.25,3.37
2019.02.20 12:05:25.771,1.1328,1.13281,1.69,4.5
2019.02.20 12:05:25.929,1.13278,1.13281,4.57,4.12
2019.02.20 12:05:26.031,1.13281,1.13282,2.25,1.25
2019.02.20 12:05:26.083,1.13281,1.13283,4.01,1.25
2019.02.20 12:05:26.134,1.13282,1.13284,2.7,1
2019.02.20 12:05:26.285,1.13282,1.13284,1.5,1.31
2019.02.20 12:05:26.388,1.13282,1.13285,4.54,1.31
2019.02.20 12:05:26.694,1.13282,1.13284,1.69,1
2019.02.20 12:05:26.811,1.13281,1.13284,1.75,2.44
2019.02.20 12:05:26.914,1.13285,1.13287,6.9,2.69
2019.02.20 12:05:27.019,1.13285,1.13289,3.2,3.87
2019.02.20 12:05:27.177,1.13287,1.13289,1.87,1
2019.02.20 12:05:27.279,1.13286,1.13288,1,3.25
2019.02.20 12:05:27.330,1.13286,1.1329,12.11,1.5
2019.02.20 12:05:27.432,1.13286,1.13289,2.47,1.94
2019.02.20 12:05:27.633,1.13286,1.1329,16.99,1.94
2019.02.20 12:05:27.735,1.13286,1.13289,2.32,4.94
2019.02.20 12:05:28.040,1.13286,1.1329,10.99,1.94
2019.02.20 12:05:28.143,1.13287,1.1329,7.76,1.94
2019.02.20 12:05:28.285,1.13291,1.13292,1.87,2.62
2019.02.20 12:05:28.336,1.13292,1.13294,5.35,1.12
2019.02.20 12:05:28.439,1.13292,1.13295,4.99,1.32
2019.02.20 12:05:28.541,1.13292,1.13294,1.5,1.32
2019.02.20 12:05:29.311,1.13293,1.13294,1,1
2019.02.20 12:05:29.418,1.13297,1.13298,5.44,1
2019.02.20 12:05:29.520,1.13297,1.13299,7.12,1
2019.02.20 12:05:29.572,1.13298,1.133,1.69,3.19
2019.02.20 12:05:29.624,1.13299,1.13301,7.48,2.12
2019.02.20 12:05:29.814,1.13301,1.13302,3,1.69
2019.02.20 12:05:29.917,1.13302,1.13303,3.75,1
2019.02.20 12:05:30.070,1.13302,1.13303,3.75,2.07
2019.02.20 12:05:30.190,1.13301,1.13303,4,3.57
2019.02.20 12:05:30.293,1.13299,1.13301,6.67,1.37
2019.02.20 12:05:30.395,1.13301,1.13302,7.5,2.25
2019.02.20 12:05:30.498,1.13302,1.13303,3.75,1.5
2019.02.20 12:05:30.699,1.13301,1.13303,1,7.5
2019.02.20 12:05:30.802,1.133,1.13302,6.2,1.25
2019.02.20 12:05:30.853,1.13299,1.133,8.25,1
2019.02.20 12:05:30.905,1.13297,1.13299,1.69,1.69
2019.02.20 12:05:31.051,1.13297,1.13299,3.9,1.5
2019.02.20 12:05:31.155,1.13296,1.13299,1.25,6.44
2019.02.20 12:05:31.812,1.13296,1.13297,1,2.25
2019.02.20 12:05:31.915,1.13294,1.13295,1.5,1
2019.02.20 12:05:32.017,1.13295,1.13296,2.14,1.69
2019.02.20 12:05:32.120,1.13293,1.13296,3.04,6.94
2019.02.20 12:05:32.223,1.13295,1.13296,2.05,1
2019.02.20 12:05:32.326,1.13294,1.13296,1,3
2019.02.20 12:05:32.465,1.13295,1.13299,6.56,3.37
2019.02.20 12:05:32.517,1.13297,1.13299,3.19,1
2019.02.20 12:05:32.672,1.13296,1.13299,1.25,1
2019.02.20 12:05:32.774,1.13297,1.13299,1.25,1
2019.02.20 12:05:33.416,1.13297,1.13298,1.2,1
2019.02.20 12:05:33.845,1.13296,1.13298,1,1
2019.02.20 12:05:33.947,1.13295,1.13298,3,4.69
2019.02.20 12:05:34.151,1.13295,1.13298,1,7.44
2019.02.20 12:05:34.253,1.13295,1.13298,1,5.44
2019.02.20 12:05:34.452,1.13295,1.13298,1,5.56
2019.02.20 12:05:34.767,1.13296,1.13298,1,4.12
2019.02.20 12:05:35.025,1.13296,1.13299,1.25,3.81
2019.02.20 12:05:35.211,1.13296,1.13299,3.19,4.87
2019.02.20 12:05:35.313,1.13295,1.13298,3.19,2.44
2019.02.20 12:05:35.415,1.13294,1.13296,1.5,1.5
2019.02.20 12:05:35.519,1.13293,1.13294,1,1.5
2019.02.20 12:05:36.141,1.13293,1.13295,2.44,1
2019.02.20 12:05:36.540,1.13293,1.13295,1,3.44
2019.02.20 12:05:36.695,1.13293,1.13296,1,13.6
2019.02.20 12:05:36.746,1.13295,1.13297,1.5,3.86
2019.02.20 12:05:36.889,1.13295,1.13299,4.69,7.5
2019.02.20 12:05:37.554,1.13295,1.13298,1,16.75
2019.02.20 12:05:37.682,1.13295,1.13299,3,9.56
2019.02.20 12:05:38.888,1.13296,1.13298,1,4.31
2019.02.20 12:05:39.524,1.13296,1.13299,1,2.06
2019.02.20 12:05:39.816,1.13296,1.13298,1,2.81
2019.02.20 12:05:41.160,1.13296,1.13299,2.62,1.69
2019.02.20 12:05:42.898,1.13296,1.13298,1,3.94
2019.02.20 12:05:43.051,1.13296,1.13299,1,3.19
2019.02.20 12:05:43.103,1.13294,1.13295,1.95,6.36
2019.02.20 12:05:43.205,1.13293,1.13295,1.69,2.44
2019.02.20 12:05:43.664,1.13295,1.13296,1.57,1.69
2019.02.20 12:05:43.767,1.13296,1.13298,4.62,1
2019.02.20 12:05:43.946,1.13296,1.13299,2.14,1.12
2019.02.20 12:05:44.642,1.13297,1.13299,2.81,1
2019.02.20 12:05:44.757,1.13296,1.13299,1.25,1.87
2019.02.20 12:05:45.032,1.13295,1.13299,1.25,7.5
2019.02.20 12:05:45.185,1.13296,1.13299,2.81,1
2019.02.20 12:05:45.287,1.13295,1.13299,2.81,10.12
2019.02.20 12:05:46.134,1.13295,1.13298,1,9.75
2019.02.20 12:05:46.340,1.13296,1.13299,5.81,2.25
2019.02.20 12:05:46.597,1.13296,1.13298,1,2.44
2019.02.20 12:05:46.699,1.13295,1.13299,5.81,11.75
2019.02.20 12:05:46.804,1.13296,1.13298,1,2.44
2019.02.20 12:05:47.070,1.13296,1.13299,2.81,1.5
2019.02.20 12:05:47.341,1.13298,1.133,5.7,1.75
2019.02.20 12:05:47.446,1.133,1.13301,2.25,2.25
2019.02.20 12:05:47.548,1.13301,1.13303,1.25,1
2019.02.20 12:05:47.685,1.133,1.13304,2.51,4.91
2019.02.20 12:05:47.788,1.13301,1.13304,4.76,1.5
2019.02.20 12:05:48.888,1.13301,1.13303,2.25,2.25
2019.02.20 12:05:48.990,1.133,1.13303,2.2,1.39
2019.02.20 12:05:49.093,1.13297,1.133,3.62,2.75
2019.02.20 12:05:49.196,1.13296,1.133,8.69,4.25
2019.02.20 12:05:50.827,1.13296,1.13298,1.5,5
2019.02.20 12:05:51.403,1.13298,1.13299,1,1
2019.02.20 12:05:51.506,1.13298,1.13301,3.79,1
2019.02.20 12:05:51.608,1.13301,1.13302,1.5,2.25
2019.02.20 12:05:51.711,1.13302,1.13303,1.25,1
2019.02.20 12:05:51.852,1.13301,1.13303,1.75,1.87
2019.02.20 12:05:53.665,1.133,1.13303,1.75,4.69
2019.02.20 12:05:53.769,1.13301,1.13303,2.5,1
2019.02.20 12:05:53.871,1.133,1.13303,1,4.69
2019.02.20 12:05:54.294,1.13299,1.13301,3.25,8.06
2019.02.20 12:05:54.397,1.13298,1.13299,1,2.25
2019.02.20 12:05:54.448,1.13297,1.13299,3.81,1.5
2019.02.20 12:05:54.632,1.13296,1.13299,8.87,1
2019.02.20 12:05:54.735,1.13296,1.13299,4.72,1
2019.02.20 12:05:55.145,1.13296,1.13299,5.87,1.25
2019.02.20 12:05:57.803,1.13297,1.13299,5.37,1
2019.02.20 12:05:58.844,1.13296,1.13299,3.2,1.69
2019.02.20 12:06:01.160,1.13296,1.13298,1.25,1.5
2019.02.20 12:06:01.262,1.13296,1.13299,4,1.5
2019.02.20 12:06:01.618,1.13296,1.13299,6.3,1.5
2019.02.20 12:06:01.974,1.13296,1.13299,2.5,1
2019.02.20 12:06:03.138,1.13296,1.13299,6.94,1
2019.02.20 12:06:04.842,1.13296,1.13299,10.11,1.69
2019.02.20 12:06:05.574,1.13296,1.13299,1.5,1.69
2019.02.20 12:06:05.729,1.13297,1.13299,1,3
2019.02.20 12:06:05.831,1.13296,1.13299,1,4.69
2019.02.20 12:06:05.933,1.13297,1.13299,1,3
2019.02.20 12:06:06.086,1.13296,1.13299,1,4.69
2019.02.20 12:06:08.925,1.13297,1.13299,2.44,1
2019.02.20 12:06:09.047,1.13296,1.13299,1.25,3
2019.02.20 12:06:09.311,1.13297,1.13299,1.25,1
2019.02.20 12:06:09.625,1.13298,1.13299,1.69,1
2019.02.20 12:06:09.727,1.13297,1.13299,1.25,1.5
2019.02.20 12:06:09.829,1.13296,1.13299,1.25,3
2019.02.20 12:06:10.664,1.13297,1.13299,2.44,1
2019.02.20 12:06:10.822,1.13304,1.13306,21.22,1
2019.02.20 12:06:10.874,1.13304,1.13306,10.12,1.87
2019.02.20 12:06:10.925,1.13305,1.13306,1.5,1
2019.02.20 12:06:11.028,1.13303,1.13305,1.95,2.25
2019.02.20 12:06:11.159,1.13302,1.13304,1,1.5
2019.02.20 12:06:11.263,1.133,1.13303,1,5.19
2019.02.20 12:06:12.214,1.13301,1.13303,1.5,1.62
2019.02.20 12:06:13.370,1.13301,1.13303,1.5,1.12
2019.02.20 12:06:17.031,1.13303,1.13304,1,1
2019.02.20 12:06:17.083,1.13303,1.13305,1.2,1.12
2019.02.20 12:06:17.204,1.13305,1.13307,1.5,1.12
2019.02.20 12:06:17.308,1.13304,1.13308,1.39,7.35
2019.02.20 12:06:17.781,1.13306,1.13309,6.26,1
2019.02.20 12:06:19.095,1.13306,1.13309,3.26,2.45
2019.02.20 12:06:19.200,1.13308,1.13309,3.26,1
2019.02.20 12:06:19.303,1.13306,1.13309,3.19,6.56
2019.02.20 12:06:20.769,1.13306,1.13309,8.87,1.87
2019.02.20 12:06:20.847,1.13305,1.13306,1,1.5
2019.02.20 12:06:20.954,1.13305,1.13307,2.62,1
2019.02.20 12:06:21.056,1.13305,1.13308,1.69,1.5
2019.02.20 12:06:24.114,1.13306,1.13308,2.44,1
2019.02.20 12:06:24.690,1.13305,1.13308,1.25,3.37
2019.02.20 12:06:25.165,1.13305,1.13308,7.93,1.12
2019.02.20 12:06:25.269,1.13304,1.13308,9.63,2.19
2019.02.20 12:06:25.373,1.13304,1.13308,10.31,2.19
2019.02.20 12:06:25.476,1.13304,1.13308,10.56,1.87
2019.02.20 12:06:26.118,1.13305,1.13308,2.44,1.5
2019.02.20 12:06:26.807,1.13305,1.13308,1.94,1
2019.02.20 12:06:27.333,1.13305,1.13308,8.31,1
2019.02.20 12:06:28.048,1.13305,1.13308,1.25,2.25
2019.02.20 12:06:29.959,1.13305,1.13308,1.25,1.62
2019.02.20 12:06:30.643,1.13305,1.13308,2.5,1
2019.02.20 12:06:31.750,1.13304,1.13308,3.14,2.89
2019.02.20 12:06:32.503,1.13304,1.13308,8.39,6.32
2019.02.20 12:06:32.605,1.13304,1.13308,3.14,2.89
2019.02.20 12:06:33.161,1.13305,1.13308,5.39,1.12
2019.02.20 12:06:33.543,1.13305,1.13308,4.57,1.12
2019.02.20 12:06:33.696,1.13304,1.13308,1.25,6.73
2019.02.20 12:06:33.798,1.13305,1.13308,1.25,1.12
2019.02.20 12:06:37.689,1.13305,1.13308,4.45,1.57
2019.02.20 12:06:39.619,1.13305,1.13307,1,1.62
2019.02.20 12:06:40.448,1.13305,1.13308,1.5,2.37
2019.02.20 12:06:41.782,1.13304,1.13307,2.81,8.89
2019.02.20 12:06:41.884,1.13305,1.13308,2.87,3.37
2019.02.20 12:06:41.986,1.13305,1.13309,6.01,1
2019.02.20 12:06:42.088,1.13304,1.13308,1.25,8.06
2019.02.20 12:06:42.242,1.13305,1.13308,1.69,1.87
2019.02.20 12:06:42.576,1.13304,1.13308,4.12,5.06
2019.02.20 12:06:42.678,1.13304,1.13307,1.69,10.2
2019.02.20 12:06:42.795,1.13305,1.13307,1,1.5
2019.02.20 12:06:43.903,1.13305,1.13307,1,5
2019.02.20 12:06:44.932,1.13305,1.13307,1,4.5
2019.02.20 12:06:45.217,1.13305,1.13308,3.45,3.75
2019.02.20 12:06:45.949,1.13306,1.13308,1.39,1
2019.02.20 12:06:46.945,1.13305,1.13308,4.2,4.12
2019.02.20 12:06:47.191,1.13305,1.13307,1.12,1
2019.02.20 12:06:47.945,1.13304,1.13308,2.14,5.14
2019.02.20 12:06:48.472,1.13305,1.13308,3.19,1
2019.02.20 12:06:48.574,1.13304,1.13308,1.69,7.31
2019.02.20 12:06:49.043,1.13305,1.13308,1.69,1
2019.02.20 12:06:50.434,1.13305,1.13308,4.97,1.62
2019.02.20 12:06:50.536,1.13305,1.13308,4.91,1
2019.02.20 12:06:50.689,1.13305,1.13306,1.12,1
2019.02.20 12:06:50.793,1.133,1.13302,6.62,1.2
2019.02.20 12:06:50.895,1.13297,1.13299,1.25,7.95
2019.02.20 12:06:50.997,1.13296,1.13298,1,3.75
2019.02.20 12:06:51.100,1.13296,1.13299,3.56,2.62
2019.02.20 12:06:51.202,1.13296,1.13298,1,2.37
2019.02.20 12:06:51.723,1.13296,1.13299,3.97,2.75
2019.02.20 12:06:51.928,1.13296,1.13298,1,1.62
2019.02.20 12:06:52.096,1.13296,1.13298,1.53,1.87
2019.02.20 12:06:52.201,1.13296,1.13299,3.97,1
2019.02.20 12:06:52.354,1.13296,1.13299,3.98,1
2019.02.20 12:06:52.456,1.13296,1.13299,3.97,1
2019.02.20 12:06:52.558,1.13296,1.13298,1,1
2019.02.20 12:06:52.660,1.13296,1.13299,3.22,1.5
2019.02.20 12:06:52.795,1.13296,1.13299,4.73,4.25
2019.02.20 12:06:52.897,1.13296,1.13299,5.48,1.87
2019.02.20 12:06:57.151,1.13295,1.13299,3.23,5.44
2019.02.20 12:06:57.303,1.13296,1.13298,1.04,1
2019.02.20 12:06:57.488,1.13295,1.13299,4.36,5.44
2019.02.20 12:06:57.591,1.13296,1.13298,1.04,1
2019.02.20 12:06:57.693,1.13295,1.13299,3.68,6.26
2019.02.20 12:06:58.032,1.13295,1.13299,5.17,10.01
2019.02.20 12:06:58.325,1.13295,1.13298,1,8.14
2019.02.20 12:06:58.694,1.13296,1.13299,2.85,1
2019.02.20 12:06:58.796,1.13298,1.133,8.66,3.25
2019.02.20 12:06:58.899,1.133,1.13301,3.37,2.89
2019.02.20 12:06:58.950,1.133,1.13304,7.11,6.26
2019.02.20 12:06:59.002,1.13303,1.13304,1.29,1
2019.02.20 12:06:59.106,1.13301,1.13303,6.37,1
2019.02.20 12:06:59.157,1.133,1.13301,4.31,1.5
2019.02.20 12:06:59.266,1.13299,1.133,1.5,1.87
2019.02.20 12:06:59.369,1.133,1.13301,3.37,1.25
2019.02.20 12:06:59.576,1.133,1.13302,1.12,3.19
2019.02.20 12:06:59.881,1.133,1.13303,1.5,3.19
2019.02.20 12:07:00.837,1.13301,1.13303,1.53,1
2019.02.20 12:07:00.940,1.13302,1.13305,4.98,1
2019.02.20 12:07:01.043,1.13301,1.13303,1,1.12
2019.02.20 12:07:03.091,1.13301,1.13302,1,1
2019.02.20 12:07:06.059,1.13298,1.133,4,4.69
2019.02.20 12:07:06.162,1.13297,1.13298,3,1
2019.02.20 12:07:06.375,1.13296,1.13298,3,1.12
2019.02.20 12:07:07.242,1.13295,1.13298,3.75,5.32
2019.02.20 12:07:07.834,1.13296,1.13298,3.75,1
2019.02.20 12:07:08.418,1.13295,1.13298,3.75,6.07
2019.02.20 12:07:09.515,1.13296,1.13298,3.75,3.19
2019.02.20 12:07:09.821,1.13295,1.13297,3.75,4.75
2019.02.20 12:07:10.086,1.13295,1.13297,3.78,1.5
2019.02.20 12:07:10.800,1.13296,1.13297,1,1
2019.02.20 12:07:10.953,1.13294,1.13297,1,8.14
2019.02.20 12:07:13.298,1.13295,1.13297,1,2.12
2019.02.20 12:07:13.834,1.13295,1.13298,1.04,2.12
2019.02.20 12:07:13.937,1.13293,1.13294,2.47,1.5
2019.02.20 12:07:14.088,1.1329,1.13292,1.5,3.76
2019.02.20 12:07:14.190,1.1329,1.13292,1,1.5
2019.02.20 12:07:14.292,1.1329,1.13292,2.12,1.69
2019.02.20 12:07:14.395,1.1329,1.13293,1.53,2.81
2019.02.20 12:07:15.342,1.13291,1.13293,1.25,1.25
2019.02.20 12:07:15.495,1.13292,1.13294,3.41,1
2019.02.20 12:07:15.597,1.13291,1.13294,2.53,2.44
2019.02.20 12:07:15.802,1.13293,1.13296,3.79,5.57
2019.02.20 12:07:15.910,1.13295,1.13297,3,2.44
2019.02.20 12:07:16.839,1.13295,1.13298,1.72,4.12
2019.02.20 12:07:16.978,1.13296,1.13298,1.92,1
2019.02.20 12:07:17.081,1.13295,1.13298,2.44,5.2
2019.02.20 12:07:17.285,1.13295,1.13298,2.85,4.5
2019.02.20 12:07:17.799,1.13295,1.13297,1,4.31
2019.02.20 12:07:17.901,1.13295,1.13298,3.22,3
2019.02.20 12:07:18.257,1.13295,1.13297,1,2.81
2019.02.20 12:07:18.402,1.13295,1.13298,3.22,2.25
2019.02.20 12:07:18.504,1.13295,1.13297,1,2.81
2019.02.20 12:07:18.757,1.13295,1.13298,4.16,1.5
2019.02.20 12:07:18.808,1.13295,1.13297,5.5,1
2019.02.20 12:07:18.911,1.13293,1.13297,10.05,5.95
2019.02.20 12:07:21.927,1.13293,1.13296,1.69,3.82
2019.02.20 12:07:23.276,1.13293,1.13296,5.94,1.5
2019.02.20 12:07:23.805,1.13295,1.13298,7.43,3.37
2019.02.20 12:07:23.908,1.13296,1.13298,1.25,1
2019.02.20 12:07:24.019,1.13295,1.13298,2.44,1
2019.02.20 12:07:24.174,1.13294,1.13298,3.22,2.44
2019.02.20 12:07:24.278,1.13295,1.13298,2.47,1.5
2019.02.20 12:07:24.431,1.13294,1.13298,1.72,5.29
2019.02.20 12:07:24.584,1.13295,1.13298,3.22,1
2019.02.20 12:07:26.958,1.13294,1.13298,3.6,4.91
2019.02.20 12:07:27.067,1.13293,1.13295,2.5,1.2
2019.02.20 12:07:27.229,1.13291,1.13292,1,1.69
2019.02.20 12:07:27.434,1.1329,1.13292,1,1.87
2019.02.20 12:07:27.575,1.1329,1.13292,1,2.94
2019.02.20 12:07:27.678,1.13289,1.13292,1.5,5.06
2019.02.20 12:07:27.985,1.13288,1.13289,1.25,3.37
2019.02.20 12:07:28.068,1.13287,1.13289,1.25,1.5
2019.02.20 12:07:28.171,1.13286,1.13288,2.2,1.12
2019.02.20 12:07:28.273,1.13285,1.13288,1.75,1.69
2019.02.20 12:07:28.630,1.13285,1.13288,1.69,3.25
2019.02.20 12:07:29.337,1.13285,1.13287,1,6.06
2019.02.20 12:07:29.441,1.13285,1.13288,1.25,4
2019.02.20 12:07:31.297,1.13285,1.13287,1,7.75
2019.02.20 12:07:31.805,1.13285,1.13288,3.56,3.62
2019.02.20 12:07:31.907,1.13285,1.13288,2.17,1.31
2019.02.20 12:07:32.163,1.13285,1.13288,1.35,2.12
2019.02.20 12:07:33.145,1.13285,1.13287,1.25,1
2019.02.20 12:07:33.300,1.13284,1.13287,1.25,9.6
2019.02.20 12:07:34.190,1.13284,1.13287,1.25,6.56
2019.02.20 12:07:34.296,1.13285,1.13287,3.19,1.5
2019.02.20 12:07:34.399,1.13284,1.13286,1,4.12
2019.02.20 12:07:34.552,1.13284,1.13287,1.29,2.62
2019.02.20 12:07:34.704,1.13285,1.13287,2.28,1
2019.02.20 12:07:34.806,1.13284,1.13286,1,4.57
2019.02.20 12:07:34.959,1.13284,1.13285,1.25,2.62
2019.02.20 12:07:35.062,1.13283,1.13286,3.82,1.37
2019.02.20 12:07:37.158,1.13283,1.13286,1,8.7
2019.02.20 12:07:37.260,1.13284,1.13286,1,1.5
2019.02.20 12:07:37.362,1.13284,1.13286,1,2.25
2019.02.20 12:07:37.464,1.13284,1.13286,1.25,3.19
2019.02.20 12:07:37.566,1.13284,1.13286,1.25,3.19
2019.02.20 12:07:38.190,1.13284,1.13286,1.25,6.56
2019.02.20 12:07:38.814,1.13284,1.13286,1.25,3.56
2019.02.20 12:07:39.271,1.13284,1.13286,1.25,6.81
2019.02.20 12:07:39.818,1.13284,1.13287,1.09,4.76
2019.02.20 12:07:40.186,1.13285,1.13288,2.51,1
2019.02.20 12:07:40.714,1.13285,1.13288,5.95,1
2019.02.20 12:07:40.816,1.13285,1.13288,5.88,1
2019.02.20 12:07:40.958,1.13284,1.13286,1,1.69
2019.02.20 12:07:41.060,1.13283,1.13286,1,4.95
2019.02.20 12:07:41.162,1.13283,1.13286,1.97,5.44
2019.02.20 12:07:41.265,1.13281,1.13283,1,2.62
2019.02.20 12:07:42.253,1.1328,1.13283,1,5.88
2019.02.20 12:07:42.355,1.13281,1.13283,1,2.25
2019.02.20 12:07:42.507,1.1328,1.13283,1.5,3.56
2019.02.20 12:07:43.277,1.13281,1.13283,1.2,3
2019.02.20 12:07:43.379,1.1328,1.13283,1,5.81
2019.02.20 12:07:43.636,1.13282,1.13283,1.69,1
2019.02.20 12:07:43.739,1.13284,1.13285,1.5,1
2019.02.20 12:07:43.841,1.13284,1.13287,1.25,1
2019.02.20 12:07:43.944,1.13284,1.13286,1,1
2019.02.20 12:07:44.046,1.13283,1.13287,4.01,7.54
2019.02.20 12:07:44.152,1.13284,1.13286,1.87,1
2019.02.20 12:07:44.305,1.13283,1.13286,1.12,5.29
2019.02.20 12:07:44.756,1.13284,1.13286,1.87,1.1
2019.02.20 12:07:44.910,1.13283,1.13286,1.12,5.36
2019.02.20 12:07:46.224,1.13283,1.13287,4.46,6.94
2019.02.20 12:07:46.355,1.13284,1.13286,1.12,1
2019.02.20 12:07:46.602,1.13284,1.13287,4.08,1
2019.02.20 12:07:46.704,1.13283,1.13287,3.33,7.31
2019.02.20 12:07:47.065,1.13283,1.13286,1,8.06
2019.02.20 12:07:47.167,1.13284,1.13286,1,1.57
2019.02.20 12:07:47.371,1.13283,1.13286,1,9.04
2019.02.20 12:07:47.473,1.13284,1.13286,1,1.5
2019.02.20 12:07:47.575,1.13283,1.13286,1,6.97
2019.02.20 12:07:47.740,1.13283,1.13287,3.33,5.29
2019.02.20 12:07:48.134,1.13284,1.13287,9.71,1.5
2019.02.20 12:07:48.619,1.13283,1.13287,4.01,6.04
2019.02.20 12:07:48.721,1.13284,1.13287,5.51,1.5
2019.02.20 12:07:48.823,1.13283,1.13287,5.53,5.29
2019.02.20 12:07:48.925,1.13284,1.13287,3.96,1.12
2019.02.20 12:07:49.128,1.13284,1.13287,5.46,1.75
2019.02.20 12:07:50.914,1.13284,1.13287,3.28,5.68
2019.02.20 12:07:51.114,1.13284,1.13287,3.19,5.68
2019.02.20 12:07:51.267,1.13284,1.13287,2.53,1.75
2019.02.20 12:07:52.589,1.13284,1.13287,1.38,2.5
2019.02.20 12:07:54.822,1.13283,1.13284,1.25,1.5
2019.02.20 12:07:54.874,1.13281,1.13284,2.51,1.87
2019.02.20 12:07:55.973,1.1328,1.13284,3.33,8.06
2019.02.20 12:07:56.190,1.13281,1.13284,6.33,3
2019.02.20 12:07:56.718,1.1328,1.13284,3.33,5.81
2019.02.20 12:07:56.998,1.13281,1.13283,2.89,1
2019.02.20 12:07:57.116,1.1328,1.13283,2.37,1.31
2019.02.20 12:07:57.717,1.13281,1.13283,3.2,1
2019.02.20 12:07:57.820,1.1328,1.13283,1.69,1.31
2019.02.20 12:07:57.922,1.13281,1.13283,6.27,1
2019.02.20 12:07:58.024,1.1328,1.13283,2.07,2.06
2019.02.20 12:07:58.322,1.1328,1.13283,4.23,1.87
2019.02.20 12:07:58.475,1.1328,1.13283,3.45,2.06
2019.02.20 12:07:58.717,1.13281,1.13283,5.02,1
2019.02.20 12:07:58.820,1.1328,1.13283,4.46,1.87
2019.02.20 12:07:58.922,1.1328,1.13283,5.96,2.87
2019.02.20 12:07:59.033,1.1328,1.13283,4.08,1.12
2019.02.20 12:07:59.186,1.13281,1.13283,6.07,1
2019.02.20 12:07:59.288,1.1328,1.13283,5.4,6.19
2019.02.20 12:07:59.723,1.13281,1.13283,2.7,1
2019.02.20 12:07:59.850,1.1328,1.13283,3.33,1.12
2019.02.20 12:08:00.971,1.13281,1.13283,5.51,1
2019.02.20 12:08:01.073,1.1328,1.13283,4.01,1.12
2019.02.20 12:08:02.669,1.13281,1.13283,5.96,1
2019.02.20 12:08:03.573,1.1328,1.13282,1,2.87
2019.02.20 12:08:04.174,1.1328,1.13282,1,1.12
2019.02.20 12:08:05.220,1.13279,1.13281,1.75,8.29
2019.02.20 12:08:05.324,1.13278,1.13279,3.19,1.2
2019.02.20 12:08:05.432,1.13278,1.13279,6.63,1.25
2019.02.20 12:08:05.484,1.13279,1.1328,1.12,2.81
2019.02.20 12:08:05.587,1.1328,1.13283,3.52,1.25
2019.02.20 12:08:05.889,1.13282,1.13283,1.2,1
2019.02.20 12:08:05.991,1.13281,1.13283,1.2,1
2019.02.20 12:08:08.095,1.1328,1.13283,1.65,5.06
2019.02.20 12:08:08.479,1.13281,1.13282,1,1.5
2019.02.20 12:08:08.582,1.1328,1.13282,1,1.25
2019.02.20 12:08:08.684,1.1328,1.13283,3.26,1.25
2019.02.20 12:08:08.831,1.13279,1.13283,3.47,4.69
2019.02.20 12:08:08.933,1.13279,1.13283,2.51,4.5
2019.02.20 12:08:10.947,1.1328,1.13283,4.69,1
2019.02.20 12:08:12.164,1.13281,1.13283,3.37,3.85
2019.02.20 12:08:12.267,1.13283,1.13285,2.55,1
2019.02.20 12:08:12.374,1.13282,1.13285,5.65,3.37
2019.02.20 12:08:12.476,1.13283,1.13285,1.09,1
2019.02.20 12:08:12.581,1.13283,1.13286,4.01,4
2019.02.20 12:08:12.734,1.13283,1.13286,1.01,3
2019.02.20 12:08:12.861,1.13284,1.13287,1.69,2.25
2019.02.20 12:08:13.096,1.13284,1.13287,4.11,2.81
2019.02.20 12:08:13.934,1.13283,1.13287,1.34,11.29
2019.02.20 12:08:14.036,1.13284,1.13288,5.98,1.25
2019.02.20 12:08:15.785,1.13285,1.13287,1.2,1.5
2019.02.20 12:08:15.925,1.13284,1.13287,1.97,5.06
2019.02.20 12:08:15.976,1.13285,1.13288,3.26,1
2019.02.20 12:08:16.079,1.13285,1.13287,1,2.37
2019.02.20 12:08:16.181,1.13285,1.13288,2.51,2.75
2019.02.20 12:08:16.538,1.13285,1.13288,4.08,1.5
2019.02.20 12:08:16.640,1.13284,1.13287,1,1.31
2019.02.20 12:08:16.845,1.13284,1.13286,1,2.06
2019.02.20 12:08:16.936,1.13283,1.13285,6.94,1
2019.02.20 12:08:16.988,1.13282,1.13283,1,1
2019.02.20 12:08:17.344,1.13282,1.13284,2.02,2.69
2019.02.20 12:08:17.447,1.13284,1.13286,1.87,1.87
2019.02.20 12:08:17.601,1.13284,1.13287,3.82,2.81
2019.02.20 12:08:18.001,1.13284,1.13286,1.12,1.25
2019.02.20 12:08:18.533,1.13284,1.13287,2.62,3.19
2019.02.20 12:08:18.686,1.13285,1.13287,1.57,1
2019.02.20 12:08:18.789,1.13286,1.13288,3.28,1
2019.02.20 12:08:18.891,1.13285,1.13287,1,1
2019.02.20 12:08:18.994,1.13285,1.13288,1.76,1
2019.02.20 12:08:19.097,1.13284,1.13288,4.76,6.19
2019.02.20 12:08:19.198,1.13285,1.13288,6.71,1
2019.02.20 12:08:19.382,1.13284,1.13288,3.64,9.64
2019.02.20 12:08:19.484,1.13285,1.13288,5.32,4.5
2019.02.20 12:08:19.621,1.13285,1.13287,1.87,1.5
2019.02.20 12:08:20.316,1.13285,1.13286,1.87,1
2019.02.20 12:08:20.419,1.13284,1.13286,1.12,2.81
2019.02.20 12:08:20.626,1.13283,1.13284,1.69,1.5
2019.02.20 12:08:20.721,1.13282,1.13284,5.95,1.5
2019.02.20 12:08:20.824,1.1328,1.13283,4.87,5.37
2019.02.20 12:08:21.221,1.13279,1.1328,1.5,4.5
2019.02.20 12:08:21.347,1.13275,1.13278,1.25,4.18
2019.02.20 12:08:21.450,1.13275,1.13279,4.46,4.12
2019.02.20 12:08:21.554,1.13275,1.13278,1.12,7.49
2019.02.20 12:08:21.668,1.13275,1.13277,1.12,5.24
2019.02.20 12:08:21.720,1.13275,1.13279,4.01,5.99
2019.02.20 12:08:21.823,1.13276,1.13279,7.91,5.8
2019.02.20 12:08:21.926,1.13277,1.13279,1.57,3.25
2019.02.20 12:08:22.029,1.13276,1.13278,1,5.12
2019.02.20 12:08:22.161,1.13278,1.13279,1,1
2019.02.20 12:08:22.265,1.13279,1.1328,1.27,3
2019.02.20 12:08:22.368,1.1328,1.13282,3.9,4
2019.02.20 12:08:22.472,1.1328,1.13283,5.4,3
2019.02.20 12:08:22.590,1.13279,1.13283,3.71,6.64
2019.02.20 12:08:22.695,1.1328,1.13282,1.87,1.5
2019.02.20 12:08:22.798,1.13279,1.13282,1.57,3.94
2019.02.20 12:08:23.007,1.1328,1.13282,1.31,2.25
2019.02.20 12:08:23.112,1.13279,1.13282,1.12,7.31
2019.02.20 12:08:23.351,1.1328,1.13282,1.12,1.5
2019.02.20 12:08:23.452,1.13279,1.13282,1.12,5.06
2019.02.20 12:08:23.555,1.1328,1.13282,1.12,1.5
2019.02.20 12:08:23.707,1.13279,1.13282,1.12,4.69
2019.02.20 12:08:23.774,1.13279,1.13281,4.75,3
2019.02.20 12:08:23.878,1.13276,1.13278,1.09,3.5
2019.02.20 12:08:23.981,1.13276,1.13278,1,1.12
2019.02.20 12:08:26.832,1.13275,1.13278,2.36,1.75
2019.02.20 12:08:26.933,1.13275,1.13278,2.58,1.87
2019.02.20 12:08:29.011,1.13276,1.13278,1.78,1.25
2019.02.20 12:08:29.256,1.13275,1.13278,2.21,2.87
2019.02.20 12:08:29.409,1.13275,1.13278,4.88,9.62
2019.02.20 12:08:29.714,1.13276,1.13278,1.69,1.25
2019.02.20 12:08:30.348,1.13276,1.13278,1.78,1.25
2019.02.20 12:08:30.450,1.13276,1.13278,1.69,1.25
2019.02.20 12:08:31.028,1.13275,1.13278,4.16,4.94
2019.02.20 12:08:34.519,1.13273,1.13274,1,5.25
2019.02.20 12:08:34.622,1.13273,1.13275,2.89,3
2019.02.20 12:08:34.725,1.13272,1.13274,5.12,1.12
2019.02.20 12:08:34.872,1.13271,1.13274,1.25,2.25
2019.02.20 12:08:35.229,1.13271,1.13273,1.25,1.31
2019.02.20 12:08:35.890,1.13273,1.13274,2.62,1.12
2019.02.20 12:08:35.993,1.13273,1.13276,1.5,6.69
2019.02.20 12:08:36.045,1.13274,1.13277,2.4,1.31
2019.02.20 12:08:36.710,1.13273,1.13277,4.33,5
2019.02.20 12:08:36.813,1.13274,1.13277,1.57,2.31
2019.02.20 12:08:36.915,1.13275,1.13276,1,1.25
2019.02.20 12:08:37.018,1.13275,1.13277,2.81,1.25
2019.02.20 12:08:37.251,1.13275,1.13276,1,1.69
2019.02.20 12:08:37.458,1.13275,1.13277,2.81,1.25
2019.02.20 12:08:38.214,1.13275,1.13279,6.54,4.69
2019.02.20 12:08:38.316,1.13275,1.13279,2.13,3.94
2019.02.20 12:08:38.418,1.13275,1.13276,2.81,3
2019.02.20 12:08:38.521,1.13271,1.13272,4.76,1
2019.02.20 12:08:38.675,1.13272,1.13274,5.9,1
2019.02.20 12:08:38.780,1.13273,1.13274,1.09,1.31
2019.02.20 12:08:38.883,1.13275,1.13277,4.59,1.69
2019.02.20 12:08:38.985,1.13275,1.13278,1.09,3.94
2019.02.20 12:08:39.243,1.13275,1.13279,3.71,5.51
2019.02.20 12:08:39.691,1.13276,1.13279,7.83,1
2019.02.20 12:08:39.895,1.13276,1.13278,1.5,1.87
2019.02.20 12:08:39.997,1.13277,1.13278,1.12,1.69
2019.02.20 12:08:40.100,1.13278,1.1328,1,3.7
2019.02.20 12:08:40.203,1.1328,1.13282,1.59,1
2019.02.20 12:08:40.306,1.13281,1.13283,2.13,2.25
2019.02.20 12:08:40.410,1.13281,1.13284,3.07,1.25
2019.02.20 12:08:40.707,1.1328,1.13283,2.88,2.87
2019.02.20 12:08:40.811,1.1328,1.13283,2.62,2.81
2019.02.20 12:08:40.915,1.1328,1.13282,1,2.44
2019.02.20 12:08:41.204,1.13279,1.1328,1,3.94
2019.02.20 12:08:41.308,1.13278,1.13279,1,1.2
2019.02.20 12:08:41.361,1.13276,1.13278,1,3.94
2019.02.20 12:08:41.667,1.13275,1.13279,3.26,2.12
2019.02.20 12:08:41.820,1.13275,1.13279,3.45,2.06
2019.02.20 12:08:42.857,1.13275,1.1328,11.83,4.31
2019.02.20 12:08:42.960,1.13275,1.13279,1.76,6.56
2019.02.20 12:08:43.163,1.13276,1.13279,1.08,1
2019.02.20 12:08:43.266,1.13275,1.13279,3.63,2.44
2019.02.20 12:08:43.368,1.13275,1.13279,7.56,5.06
2019.02.20 12:08:43.721,1.13275,1.13277,1.12,3.56
2019.02.20 12:08:43.925,1.13275,1.13278,1.38,2.06
2019.02.20 12:08:45.156,1.13275,1.13277,1,2.06
2019.02.20 12:08:45.208,1.13273,1.13276,13.55,2.44
2019.02.20 12:08:45.310,1.13273,1.13275,1.84,1.5
2019.02.20 12:08:45.413,1.13272,1.13274,2.5,1.5
2019.02.20 12:08:45.823,1.13271,1.13274,1.75,5.44
2019.02.20 12:08:46.026,1.13272,1.13274,2.31,2.25
2019.02.20 12:08:46.241,1.13271,1.13274,1.37,3.56
2019.02.20 12:08:46.447,1.13272,1.13274,3.25,2.25
2019.02.20 12:08:46.584,1.13271,1.13274,2.5,6.94
2019.02.20 12:08:46.738,1.13272,1.13274,2.87,2.25
2019.02.20 12:08:46.875,1.13271,1.13274,1.37,2.81
2019.02.20 12:08:48.463,1.13272,1.13273,1.25,2.25
2019.02.20 12:08:48.566,1.13271,1.13274,3.25,3.94
2019.02.20 12:08:48.678,1.13273,1.13275,1,1
2019.02.20 12:08:48.780,1.13274,1.13276,2.51,2.81
2019.02.20 12:08:49.683,1.13273,1.13277,10.78,6.94
2019.02.20 12:08:49.785,1.13273,1.13276,1,3.19
2019.02.20 12:08:50.120,1.13274,1.13276,1.7,1
2019.02.20 12:08:50.172,1.13272,1.13275,5.06,3.82
2019.02.20 12:08:50.274,1.13272,1.13274,3,1
2019.02.20 12:08:50.376,1.13271,1.13274,3.56,4.31
2019.02.20 12:08:50.480,1.13271,1.13275,7.8,1.31
2019.02.20 12:08:50.582,1.13271,1.13275,7.82,1.31
2019.02.20 12:08:51.272,1.13271,1.13275,8.48,1
2019.02.20 12:08:51.425,1.1327,1.13271,1.5,2.44
2019.02.20 12:08:51.529,1.13269,1.13271,1,6.06
2019.02.20 12:08:51.631,1.13271,1.13272,1.09,1
2019.02.20 12:08:52.875,1.13271,1.13273,2.32,1
2019.02.20 12:08:58.836,1.13272,1.13273,1.87,1
2019.02.20 12:08:58.938,1.13271,1.13273,1.2,2.25
2019.02.20 12:08:59.337,1.13272,1.13273,1.95,1
2019.02.20 12:08:59.439,1.13271,1.13273,1.12,3.94
2019.02.20 12:09:00.103,1.13272,1.13274,4.7,1
2019.02.20 12:09:00.308,1.13271,1.13274,3.76,1
2019.02.20 12:09:01.743,1.13272,1.13274,4.06,1
2019.02.20 12:09:02.064,1.13271,1.13273,1.12,4.5
2019.02.20 12:09:03.569,1.13272,1.13274,4.06,1
2019.02.20 12:09:03.776,1.13271,1.13274,3.31,1.5
2019.02.20 12:09:04.235,1.13272,1.13274,2.07,1.25
2019.02.20 12:09:04.337,1.13273,1.13275,4.2,6.23
2019.02.20 12:09:04.440,1.13275,1.13277,1.5,3.26
2019.02.20 12:09:04.542,1.13275,1.13278,1.95,2.52
2019.02.20 12:09:04.678,1.13275,1.13277,1.12,4.32
2019.02.20 12:09:04.780,1.13275,1.13279,9.03,4.32
2019.02.20 12:09:05.119,1.13276,1.13279,11.09,1
2019.02.20 12:09:05.221,1.13275,1.13279,7.42,2.14
2019.02.20 12:09:05.357,1.13275,1.13279,7.42,4.89
2019.02.20 12:09:05.463,1.13275,1.13279,6.67,4.89
2019.02.20 12:09:06.020,1.13275,1.13277,1,2.45
2019.02.20 12:09:06.333,1.13275,1.13277,1,2.32
2019.02.20 12:09:06.497,1.13275,1.13278,1.95,1.39
2019.02.20 12:09:06.599,1.13275,1.13278,1.97,1.39
2019.02.20 12:09:08.167,1.13274,1.13278,3.07,14.69
2019.02.20 12:09:08.268,1.13275,1.13277,1,3.94
2019.02.20 12:09:08.370,1.13274,1.13278,3.07,12.37
2019.02.20 12:09:08.625,1.13275,1.13277,1,1.31
2019.02.20 12:09:08.726,1.13274,1.13278,3.82,11.44
2019.02.20 12:09:09.575,1.13275,1.13277,1,3.56
2019.02.20 12:09:10.071,1.13276,1.13278,2.7,1
2019.02.20 12:09:10.173,1.13277,1.13278,1.12,1
2019.02.20 12:09:10.278,1.1328,1.13281,2.32,6
2019.02.20 12:09:10.382,1.13281,1.13282,1.12,4.5
2019.02.20 12:09:10.540,1.13281,1.13283,2.51,1.31
2019.02.20 12:09:10.848,1.1328,1.13283,3.44,1.81
2019.02.20 12:09:10.950,1.13279,1.13283,7.31,14.14
2019.02.20 12:09:11.062,1.1328,1.13282,2.62,1.1
2019.02.20 12:09:11.165,1.1328,1.13283,5.73,3.81
2019.02.20 12:09:11.318,1.13281,1.13282,1.12,1.25
2019.02.20 12:09:11.420,1.13281,1.13283,4.31,3.94
2019.02.20 12:09:12.200,1.1328,1.13283,1.34,1.37
2019.02.20 12:09:12.302,1.1328,1.13283,1.25,1.37
2019.02.20 12:09:12.597,1.1328,1.13284,4.2,2.25
2019.02.20 12:09:12.700,1.13281,1.13284,6.28,1
2019.02.20 12:09:12.802,1.1328,1.13284,3.28,2.06
2019.02.20 12:09:12.955,1.1328,1.13284,6.26,8.81
2019.02.20 12:09:13.076,1.13281,1.13284,9.28,1
2019.02.20 12:09:13.187,1.1328,1.13284,10.03,11.81
2019.02.20 12:09:13.392,1.1328,1.13282,1.25,2.32
2019.02.20 12:09:13.546,1.13278,1.1328,1.75,3.82
2019.02.20 12:09:13.675,1.13276,1.13279,1.69,4.87
2019.02.20 12:09:13.831,1.13277,1.13279,3.19,1
2019.02.20 12:09:13.933,1.13276,1.13279,1.25,3.45
2019.02.20 12:09:14.035,1.13279,1.1328,2.77,1
2019.02.20 12:09:14.190,1.13279,1.13283,1.78,8.86
2019.02.20 12:09:14.242,1.1328,1.13284,12.53,1.87
2019.02.20 12:09:14.344,1.1328,1.13284,10.84,1.87
2019.02.20 12:09:14.446,1.1328,1.13284,10.07,2.06
2019.02.20 12:09:14.623,1.1328,1.13283,1.25,6.87
2019.02.20 12:09:14.740,1.1328,1.13284,7.82,1.87
2019.02.20 12:09:14.842,1.1328,1.13283,1.25,6.87
2019.02.20 12:09:15.098,1.1328,1.13284,7.82,1.87
2019.02.20 12:09:15.390,1.1328,1.13283,1.25,8.37
2019.02.20 12:09:15.509,1.1328,1.13284,6.7,2.62
2019.02.20 12:09:16.103,1.1328,1.13283,1.25,9.12
2019.02.20 12:09:16.309,1.1328,1.13284,4.45,3
2019.02.20 12:09:17.045,1.1328,1.13282,1,4.31
2019.02.20 12:09:17.147,1.1328,1.13283,1.31,1.87
2019.02.20 12:09:17.300,1.13281,1.13282,1,1
2019.02.20 12:09:17.415,1.1328,1.13283,3.94,1.87
2019.02.20 12:09:17.805,1.1328,1.13282,1.5,4.12
2019.02.20 12:09:18.231,1.13281,1.13282,1,1
2019.02.20 12:09:18.334,1.1328,1.13283,5.21,2.32
2019.02.20 12:09:18.834,1.1328,1.13282,1.5,3.36
2019.02.20 12:09:19.059,1.1328,1.13284,7.26,1.76
2019.02.20 12:09:19.162,1.1328,1.13282,1,4.85
2019.02.20 12:09:19.841,1.13282,1.13284,3.36,4.35
2019.02.20 12:09:19.944,1.13284,1.13286,1.25,5.62
2019.02.20 12:09:19.996,1.13285,1.13287,1.09,2.25
2019.02.20 12:09:20.153,1.13284,1.13285,1,3.19
2019.02.20 12:09:20.255,1.13283,1.13285,4.87,1.95
2019.02.20 12:09:20.359,1.13281,1.13284,2.06,1.62
2019.02.20 12:09:20.705,1.13281,1.13284,6.76,3.12
2019.02.20 12:09:21.121,1.13281,1.13284,1.38,1.62
2019.02.20 12:09:21.435,1.13281,1.13284,1.01,1.12
2019.02.20 12:09:22.566,1.13282,1.13283,1,2.44
2019.02.20 12:09:22.668,1.13281,1.13285,3.77,6.64
2019.02.20 12:09:23.243,1.1328,1.13282,1,5.89
2019.02.20 12:09:23.345,1.1328,1.13283,1.2,1.12
2019.02.20 12:09:24.322,1.13279,1.13284,9.11,15.41
2019.02.20 12:09:25.232,1.1328,1.13284,5.63,2.06
2019.02.20 12:09:25.358,1.1328,1.13284,4.88,2.56
2019.02.20 12:09:25.546,1.1328,1.13284,3.63,2.56
2019.02.20 12:09:27.716,1.1328,1.13284,7.41,2.56
2019.02.20 12:09:28.704,1.1328,1.13284,6.66,2.06
2019.02.20 12:09:30.014,1.1328,1.13284,6.63,3
2019.02.20 12:09:31.581,1.13281,1.13284,5.51,1
2019.02.20 12:09:32.048,1.13282,1.13285,19.46,1
2019.02.20 12:09:32.100,1.13281,1.13283,1,1.5
2019.02.20 12:09:32.304,1.13282,1.13284,1.01,1
2019.02.20 12:09:32.430,1.13284,1.13286,2.23,1.25
2019.02.20 12:09:32.533,1.13285,1.13287,1,5.12
2019.02.20 12:09:33.094,1.13285,1.13287,1,5.14
2019.02.20 12:09:34.542,1.13286,1.13287,1,1
2019.02.20 12:09:34.644,1.13285,1.13287,1,2.44
2019.02.20 12:09:34.779,1.13286,1.13287,1.25,1
2019.02.20 12:09:35.304,1.13285,1.13287,1.25,3.94
2019.02.20 12:09:36.584,1.13284,1.13288,1.09,3.82
2019.02.20 12:09:37.170,1.13284,1.13286,2.07,1.39
2019.02.20 12:09:37.273,1.13282,1.13284,1,1.62
2019.02.20 12:09:37.324,1.13281,1.13285,8.32,4.87
2019.02.20 12:09:37.436,1.13281,1.13284,3.28,1.5
2019.02.20 12:09:40.076,1.1328,1.13283,1.5,5.89
2019.02.20 12:09:42.730,1.13279,1.13281,1.5,8.7
2019.02.20 12:09:42.833,1.13277,1.13278,3.19,3.75
2019.02.20 12:09:42.935,1.13275,1.13278,1.69,3.62
2019.02.20 12:09:44.983,1.13276,1.13278,2.57,2.25
2019.02.20 12:09:46.120,1.13275,1.13277,1.25,2.25
2019.02.20 12:09:46.171,1.13273,1.13276,2.25,13.07
2019.02.20 12:09:46.256,1.13273,1.13276,4.3,5.32
2019.02.20 12:09:46.307,1.13271,1.13273,1.5,4.5
2019.02.20 12:09:46.409,1.13272,1.13274,2.13,2.25
2019.02.20 12:09:46.511,1.13272,1.13273,1.09,2.25
2019.02.20 12:09:50.738,1.13271,1.13272,1.25,3
2019.02.20 12:09:51.079,1.1327,1.13272,1.25,2.81
2019.02.20 12:09:51.537,1.1327,1.13272,1.62,2.62
2019.02.20 12:09:51.639,1.1327,1.13271,1.12,2.62
2019.02.20 12:09:51.792,1.1327,1.13271,2.81,3
2019.02.20 12:09:53.019,1.13268,1.1327,2.62,8.06
2019.02.20 12:09:53.157,1.13269,1.1327,2.62,1
2019.02.20 12:09:53.513,1.13268,1.1327,1.75,2.25
2019.02.20 12:09:53.565,1.13267,1.1327,2.62,2.89
2019.02.20 12:09:53.667,1.13267,1.1327,3.07,4.14
2019.02.20 12:09:54.082,1.13267,1.1327,1.76,2.89
2019.02.20 12:09:54.458,1.13268,1.1327,1.57,4
2019.02.20 12:09:54.560,1.13268,1.1327,1.69,1
2019.02.20 12:09:54.667,1.13269,1.13271,2.06,1
2019.02.20 12:09:54.821,1.13269,1.1327,1,1
2019.02.20 12:09:54.923,1.13268,1.13271,1.31,4.2
2019.02.20 12:09:55.076,1.13268,1.13271,1.31,4.42
2019.02.20 12:09:55.600,1.13267,1.13268,2.44,5.51
2019.02.20 12:09:55.755,1.13265,1.13267,4.62,1.5
2019.02.20 12:09:55.857,1.13264,1.13266,1.12,3.26
2019.02.20 12:09:55.960,1.13264,1.13265,1,4.74
2019.02.20 12:09:56.062,1.13265,1.13267,6.07,2.14
2019.02.20 12:09:57.191,1.13263,1.13266,1.12,2.7
2019.02.20 12:09:58.098,1.13264,1.13266,1.12,1
2019.02.20 12:09:58.400,1.13264,1.13266,1.12,1.25
2019.02.20 12:09:59.263,1.13263,1.13266,1,4.06
2019.02.20 12:09:59.760,1.13263,1.13266,1,8.81
2019.02.20 12:10:00.485,1.13264,1.13266,1.69,2.25
2019.02.20 12:10:00.638,1.13263,1.13267,3.82,4.31
2019.02.20 12:10:00.741,1.13264,1.13266,1.12,3.19
2019.02.20 12:10:00.843,1.13264,1.13266,1.12,1.05
2019.02.20 12:10:01.033,1.13263,1.13267,4.05,8.35
2019.02.20 12:10:01.135,1.13263,1.13266,1.25,4.72
2019.02.20 12:10:01.874,1.13263,1.13267,6.88,5.47
2019.02.20 12:10:02.844,1.13264,1.13266,1.57,1.25
2019.02.20 12:10:03.099,1.13262,1.13265,1.69,7.77
2019.02.20 12:10:03.235,1.13262,1.13263,1.69,1.12
2019.02.20 12:10:03.337,1.1326,1.13263,2.14,2.37
2019.02.20 12:10:05.250,1.1326,1.13263,3.26,1.12
2019.02.20 12:10:06.130,1.13259,1.13261,1,2.19
2019.02.20 12:10:06.233,1.13259,1.13262,5.06,1.31
2019.02.20 12:10:06.335,1.13258,1.13259,1.69,7.54
2019.02.20 12:10:06.393,1.13256,1.13257,1.2,1.5
2019.02.20 12:10:06.532,1.13256,1.13258,6.09,1.25
2019.02.20 12:10:06.635,1.13259,1.1326,1,4.69
2019.02.20 12:10:06.686,1.1326,1.13262,6.55,1.25
2019.02.20 12:10:06.840,1.1326,1.13263,4.72,4.12
2019.02.20 12:10:07.100,1.1326,1.13263,3.04,1.25
2019.02.20 12:10:07.871,1.1326,1.13263,1.76,1.37
2019.02.20 12:10:08.048,1.1326,1.13263,1.89,1.37
2019.02.20 12:10:08.252,1.1326,1.13263,1.76,1.37
2019.02.20 12:10:09.147,1.1326,1.13263,2.26,4.12
2019.02.20 12:10:09.353,1.13259,1.13263,3.26,8.25
2019.02.20 12:10:09.456,1.1326,1.13263,2.7,1
2019.02.20 12:10:09.813,1.13259,1.13263,2.07,4.56
2019.02.20 12:10:10.394,1.13259,1.13261,1.5,2.85
2019.02.20 12:10:10.446,1.13258,1.13259,2.32,1
2019.02.20 12:10:10.629,1.13257,1.1326,2.29,4.12
2019.02.20 12:10:10.732,1.13259,1.13261,1.39,1
2019.02.20 12:10:10.834,1.13261,1.13262,1.3,4.12
2019.02.20 12:10:10.936,1.13262,1.13264,1.73,3.75
2019.02.20 12:10:11.039,1.13265,1.13266,1.95,1
2019.02.20 12:10:11.141,1.13263,1.13266,1.2,6.02
2019.02.20 12:10:11.243,1.13264,1.13267,1.37,1.87
2019.02.20 12:10:11.345,1.13264,1.13267,1.37,1.37
2019.02.20 12:10:11.609,1.13264,1.13266,1,1.25
2019.02.20 12:10:11.713,1.13262,1.13264,2.37,1
2019.02.20 12:10:11.817,1.1326,1.13262,1,6
2019.02.20 12:10:11.913,1.13259,1.1326,1.11,2.25
2019.02.20 12:10:12.017,1.13256,1.13259,1.39,2.25
2019.02.20 12:10:12.120,1.13256,1.13258,4.01,1
2019.02.20 12:10:12.223,1.13256,1.13258,4.91,1.5
2019.02.20 12:10:12.616,1.13256,1.13258,4.76,1
2019.02.20 12:10:12.774,1.13256,1.13257,2.14,1
2019.02.20 12:10:12.876,1.13255,1.13258,3.22,1.25
2019.02.20 12:10:13.142,1.13254,1.13258,3.41,6.04
2019.02.20 12:10:13.245,1.13254,1.13257,1.35,5.47
2019.02.20 12:10:13.404,1.13255,1.13257,1.89,1
2019.02.20 12:10:13.506,1.13254,1.13257,2.64,4.72
2019.02.20 12:10:13.669,1.13253,1.13257,3.45,4.91
2019.02.20 12:10:13.771,1.13254,1.13257,2.64,1.35
2019.02.20 12:10:13.873,1.13254,1.13257,3.38,2.44
2019.02.20 12:10:14.144,1.13253,1.13257,1.76,5.47
2019.02.20 12:10:14.246,1.13254,1.13257,3.57,1
2019.02.20 12:10:14.349,1.13253,1.13257,3.26,6.79
2019.02.20 12:10:14.686,1.13253,1.13254,1.31,2.29
2019.02.20 12:10:14.737,1.1325,1.13253,1.2,3
2019.02.20 12:10:14.840,1.1325,1.13253,3.04,1.12
2019.02.20 12:10:14.942,1.13249,1.13251,1.2,1.87
2019.02.20 12:10:15.076,1.13249,1.13251,1.2,1.94
2019.02.20 12:10:15.179,1.13256,1.13257,1.5,1.5
2019.02.20 12:10:15.230,1.13255,1.13256,7.95,1
2019.02.20 12:10:15.333,1.13253,1.13257,4.76,4.06
2019.02.20 12:10:15.385,1.13254,1.13256,1,2.06
2019.02.20 12:10:15.489,1.13251,1.13253,1.2,2.25
2019.02.20 12:10:15.591,1.1325,1.13253,3.12,1.69
2019.02.20 12:10:15.694,1.1325,1.13253,2.14,1.5
2019.02.20 12:10:16.455,1.1325,1.13253,1.85,1.87
2019.02.20 12:10:16.558,1.1325,1.13253,1.76,2.06
2019.02.20 12:10:16.915,1.13251,1.13253,1.56,1
2019.02.20 12:10:17.017,1.1325,1.13253,1.39,1.5
2019.02.20 12:10:17.170,1.13251,1.13253,1.95,1
2019.02.20 12:10:17.222,1.13254,1.13255,1.23,1
2019.02.20 12:10:17.333,1.13255,1.13257,1.3,1.31
2019.02.20 12:10:17.435,1.13254,1.13258,3.25,4.12
2019.02.20 12:10:17.690,1.13255,1.13257,1,1.31
2019.02.20 12:10:17.792,1.13254,1.13258,4.37,6.19
2019.02.20 12:10:17.894,1.13254,1.13257,1,7.69
2019.02.20 12:10:18.520,1.13255,1.13258,1.5,2.06
2019.02.20 12:10:18.622,1.13255,1.13259,5.31,2.06
2019.02.20 12:10:18.826,1.13255,1.13259,6.93,3.41
2019.02.20 12:10:18.928,1.13255,1.13259,5.5,1.31
2019.02.20 12:10:19.071,1.13255,1.13258,1,1.31
2019.02.20 12:10:20.124,1.13256,1.13258,1.12,1
2019.02.20 12:10:20.226,1.13258,1.13259,3.62,5.25
2019.02.20 12:10:20.329,1.13259,1.13263,6.66,1.25
2019.02.20 12:10:20.468,1.1326,1.13262,1,1.12
2019.02.20 12:10:20.570,1.1326,1.13263,3.62,1.25
2019.02.20 12:10:20.672,1.1326,1.13263,4.93,1.75
2019.02.20 12:10:20.774,1.1326,1.13262,1,1.25
2019.02.20 12:10:20.826,1.13259,1.13262,2.7,2.81
2019.02.20 12:10:20.954,1.13259,1.13261,1,1.25
2019.02.20 12:10:21.965,1.13258,1.1326,1.13,4.72
2019.02.20 12:10:22.018,1.13257,1.13258,1.12,1.12
2019.02.20 12:10:22.069,1.13255,1.13258,1.12,1.81
2019.02.20 12:10:22.171,1.13255,1.13258,4.37,1.31
2019.02.20 12:10:22.280,1.13255,1.13258,1.57,1.31
2019.02.20 12:10:22.536,1.13255,1.13258,1.25,2.31
2019.02.20 12:10:22.638,1.13255,1.13258,2.43,4.13
2019.02.20 12:10:23.084,1.13256,1.13258,1.87,1.12
2019.02.20 12:10:23.238,1.13258,1.13259,1,1.25
2019.02.20 12:10:23.289,1.13258,1.13261,4.17,3
2019.02.20 12:10:23.341,1.13259,1.13261,1.87,1.25
2019.02.20 12:10:23.462,1.13258,1.13261,1,6.22
2019.02.20 12:10:23.566,1.1326,1.13262,1.2,1.25
2019.02.20 12:10:23.670,1.1326,1.13263,2.05,1.25
2019.02.20 12:10:23.965,1.13259,1.13262,1.12,5.54
2019.02.20 12:10:24.682,1.13259,1.13263,7.29,2.31
2019.02.20 12:10:25.669,1.1326,1.13262,1,1.12
2019.02.20 12:10:25.874,1.13259,1.13263,1.87,3.06
2019.02.20 12:10:26.027,1.13261,1.13263,2.7,1
2019.02.20 12:10:26.129,1.13259,1.13263,3.24,5.16
2019.02.20 12:10:26.345,1.13259,1.13262,2.44,3.62
2019.02.20 12:10:26.448,1.13258,1.13261,2.25,5.12
2019.02.20 12:10:26.625,1.13259,1.13262,1.69,2.5
2019.02.20 12:10:28.235,1.13263,1.13264,1.2,1.12
2019.02.20 12:10:28.338,1.13263,1.13266,2.25,4
2019.02.20 12:10:28.473,1.13264,1.13267,3.82,2.62
2019.02.20 12:10:28.677,1.13264,1.13266,1,1.5
2019.02.20 12:10:28.780,1.13263,1.13267,3,5.87
2019.02.20 12:10:29.020,1.13265,1.13267,7.51,1.5
2019.02.20 12:10:29.122,1.13264,1.13266,1,3.56
2019.02.20 12:10:29.224,1.13264,1.13267,1.5,3.56
2019.02.20 12:10:29.351,1.13264,1.13268,7,3.19
2019.02.20 12:10:29.629,1.13265,1.13268,8.89,1
2019.02.20 12:10:29.681,1.13262,1.13263,1.31,13.69
2019.02.20 12:10:29.799,1.13259,1.13261,2.06,1.87
2019.02.20 12:10:29.985,1.13257,1.13259,1.69,1
2019.02.20 12:10:30.036,1.13256,1.13257,1,1.87
2019.02.20 12:10:30.163,1.13255,1.13257,1.25,1
2019.02.20 12:10:30.286,1.13254,1.13257,1.69,2.25
2019.02.20 12:10:30.393,1.13254,1.13257,2.89,2
2019.02.20 12:10:31.057,1.13254,1.13256,1.5,3.25
2019.02.20 12:10:31.159,1.13254,1.13257,3.26,1.75
2019.02.20 12:10:31.261,1.13254,1.13257,4.51,2.5
2019.02.20 12:10:31.364,1.13254,1.13257,3.26,1.75
2019.02.20 12:10:32.974,1.13254,1.13257,1.5,1.69
2019.02.20 12:10:34.060,1.13254,1.13258,6.67,1.25
2019.02.20 12:10:34.162,1.13254,1.13257,3.03,2.44
2019.02.20 12:10:34.264,1.13254,1.13258,6.64,1.25
2019.02.20 12:10:34.417,1.13254,1.13257,1.5,2.44
2019.02.20 12:10:34.530,1.13254,1.13258,6.69,1.25
2019.02.20 12:10:34.901,1.13254,1.13257,1.55,3.19
2019.02.20 12:10:35.206,1.13254,1.13258,7.81,1.69
2019.02.20 12:10:35.308,1.13254,1.13258,7.14,2.44
2019.02.20 12:10:36.138,1.13257,1.13259,2.19,6
2019.02.20 12:10:36.242,1.13256,1.13257,1,2.62
2019.02.20 12:10:36.344,1.13255,1.13257,1.12,2.94
2019.02.20 12:10:37.480,1.13254,1.13257,1.5,3.94
2019.02.20 12:10:37.601,1.13254,1.13257,2.07,3.94
2019.02.20 12:10:37.809,1.13255,1.13257,2.07,1
2019.02.20 12:10:37.911,1.13254,1.13257,1.5,3.94
2019.02.20 12:10:38.280,1.13255,1.13257,1.87,1
2019.02.20 12:10:38.383,1.13254,1.13257,2.25,7.12
2019.02.20 12:10:39.122,1.13255,1.13257,3.37,1
2019.02.20 12:10:39.276,1.13254,1.13257,1.5,4.5
2019.02.20 12:10:40.215,1.13253,1.13255,7.31,2.75
2019.02.20 12:10:40.267,1.13251,1.13254,3.37,3.01
2019.02.20 12:10:40.369,1.13251,1.13253,1,1.25
2019.02.20 12:10:41.127,1.1325,1.13252,1,1.69
2019.02.20 12:10:41.282,1.13249,1.13251,3.37,1.25
2019.02.20 12:10:41.384,1.13251,1.13254,4.57,2.5
2019.02.20 12:10:41.487,1.13253,1.13254,2.06,1
2019.02.20 12:10:41.589,1.13251,1.13255,5.82,3.25
2019.02.20 12:10:41.699,1.13251,1.13254,1.2,3.19
2019.02.20 12:10:41.852,1.13252,1.13255,7.91,1
2019.02.20 12:10:41.955,1.13252,1.13254,2.14,1
2019.02.20 12:10:42.312,1.13251,1.13253,3.75,1
2019.02.20 12:10:43.211,1.1325,1.13253,4.2,2.94
2019.02.20 12:10:43.313,1.1325,1.13253,1.57,2.81
2019.02.20 12:10:44.707,1.1325,1.13253,4.7,2.81
2019.02.20 12:10:44.809,1.1325,1.13253,3.64,3.56
2019.02.20 12:10:45.115,1.1325,1.13253,1.62,2.81
2019.02.20 12:10:45.228,1.1325,1.13253,1.12,2.06
2019.02.20 12:10:45.755,1.13251,1.13253,1.5,1.69
2019.02.20 12:10:45.858,1.13253,1.13255,6.56,1.25
2019.02.20 12:10:45.910,1.13254,1.13256,1,1.69
2019.02.20 12:10:46.012,1.13253,1.13255,1,10.19
2019.02.20 12:10:46.063,1.13253,1.13257,1.57,8.69
2019.02.20 12:10:46.216,1.13255,1.13258,8.32,2.31
2019.02.20 12:10:46.921,1.13255,1.13257,1,1.37
2019.02.20 12:10:47.060,1.13255,1.13258,4.39,1.37
2019.02.20 12:10:47.664,1.13258,1.13259,4.57,2.44
2019.02.20 12:10:47.769,1.13261,1.13262,1.5,1
2019.02.20 12:10:47.822,1.13261,1.13263,4.2,1
2019.02.20 12:10:47.925,1.13261,1.13262,1.5,1.5
2019.02.20 12:10:48.027,1.13261,1.13263,1,1
2019.02.20 12:10:49.629,1.13261,1.13264,5.89,1
2019.02.20 12:10:49.888,1.13261,1.13263,1,1
2019.02.20 12:10:50.908,1.1326,1.13263,1.5,4.12
2019.02.20 12:10:51.010,1.1326,1.13263,1,4.19
2019.02.20 12:10:51.222,1.1326,1.13264,5.89,2.25
2019.02.20 12:10:52.213,1.1326,1.13263,2.5,4.87
2019.02.20 12:10:52.437,1.1326,1.13261,1,1.69
2019.02.20 12:10:52.540,1.13261,1.13263,3.75,1
2019.02.20 12:10:52.743,1.1326,1.13263,1.39,1.5
2019.02.20 12:10:56.453,1.13261,1.13264,5.51,1
2019.02.20 12:10:56.555,1.1326,1.13264,5.89,3.37
2019.02.20 12:10:57.627,1.1326,1.13264,3.94,6.12
2019.02.20 12:10:58.954,1.13261,1.13263,1,1.69
2019.02.20 12:10:59.055,1.13261,1.13264,7.57,1.69
2019.02.20 12:10:59.802,1.1326,1.13262,1,6.31
2019.02.20 12:11:00.006,1.1326,1.13263,4.01,7.25
2019.02.20 12:11:00.109,1.1326,1.13264,7.76,4.69
2019.02.20 12:11:00.211,1.1326,1.13264,8.64,5.62
2019.02.20 12:11:00.313,1.13261,1.13263,1.87,1.25
2019.02.20 12:11:00.415,1.1326,1.13264,8.64,5.62
2019.02.20 12:11:00.549,1.1326,1.13264,8.51,5.62
2019.02.20 12:11:00.653,1.1326,1.13264,7.91,5.62
2019.02.20 12:11:00.755,1.1326,1.13264,5.89,5.44
2019.02.20 12:11:00.857,1.13261,1.13263,1.5,1
2019.02.20 12:11:01.334,1.1326,1.13264,7.69,4.25
2019.02.20 12:11:01.491,1.1326,1.13264,7.69,4.12
2019.02.20 12:11:02.029,1.1326,1.13264,6.26,4.25
2019.02.20 12:11:02.313,1.13261,1.13263,1.5,1.12
2019.02.20 12:11:02.415,1.1326,1.13264,6.26,4.7
2019.02.20 12:11:02.775,1.13261,1.13263,1.5,1.12
2019.02.20 12:11:02.942,1.1326,1.13264,7.01,4.51
2019.02.20 12:11:03.046,1.13261,1.13263,1,1
2019.02.20 12:11:03.355,1.13261,1.13263,2.5,1
2019.02.20 12:11:04.048,1.1326,1.13263,2.5,2.14
2019.02.20 12:11:05.857,1.13259,1.13261,4.69,2.87
2019.02.20 12:11:06.011,1.1326,1.13262,1,4
2019.02.20 12:11:06.113,1.1326,1.13263,1.25,4.75
2019.02.20 12:11:06.469,1.1326,1.13262,1,5.87
2019.02.20 12:11:06.621,1.1326,1.13263,2.44,4.37
2019.02.20 12:11:07.734,1.13262,1.13263,1.69,1
2019.02.20 12:11:07.907,1.13265,1.13266,5.51,2.25
2019.02.20 12:11:08.012,1.13265,1.13266,1,3.94
2019.02.20 12:11:08.064,1.13265,1.13268,1.87,4.69
2019.02.20 12:11:08.166,1.13265,1.13269,6.56,3.19
2019.02.20 12:11:08.269,1.13266,1.13268,1.5,1.12
2019.02.20 12:11:08.371,1.13267,1.13268,1,2.25
2019.02.20 12:11:08.764,1.13266,1.13268,1.5,1
2019.02.20 12:11:10.026,1.13267,1.13269,2.5,1
2019.02.20 12:11:11.181,1.13266,1.13268,1.25,1.69
2019.02.20 12:11:11.713,1.13267,1.1327,6.94,4.5
2019.02.20 12:11:11.815,1.1327,1.13271,1.5,1.31
2019.02.20 12:11:11.867,1.1327,1.13273,3.64,2.75
2019.02.20 12:11:12.014,1.1327,1.13273,3.94,2.25
2019.02.20 12:11:12.320,1.1327,1.13272,1,3.37
2019.02.20 12:11:12.372,1.1327,1.13274,11.14,1.69
2019.02.20 12:11:12.523,1.1327,1.13273,1.5,3.19
2019.02.20 12:11:12.625,1.13271,1.13274,8.2,1.25
2019.02.20 12:11:13.431,1.1327,1.13272,1.12,4.94
2019.02.20 12:11:13.584,1.1327,1.13273,1.31,2.5
2019.02.20 12:11:13.807,1.13271,1.13272,1,1.25
2019.02.20 12:11:14.113,1.13271,1.13273,2.44,1
2019.02.20 12:11:15.008,1.13271,1.13274,2.2,2.44
2019.02.20 12:11:15.163,1.13271,1.13274,1,7.06
2019.02.20 12:11:15.867,1.13271,1.13274,1,2.44
2019.02.20 12:11:16.056,1.13272,1.13274,1,1
2019.02.20 12:11:16.262,1.13271,1.13274,1,3.19
2019.02.20 12:11:16.665,1.13273,1.13276,10.87,1.75
2019.02.20 12:11:16.768,1.13274,1.13276,1,5.31
2019.02.20 12:11:16.871,1.13275,1.13277,1,3.19
2019.02.20 12:11:16.991,1.13273,1.13276,2.44,5.7
2019.02.20 12:11:17.043,1.13272,1.13274,1.25,3.82
2019.02.20 12:11:17.145,1.13271,1.13274,1.25,5.62
2019.02.20 12:11:17.933,1.1327,1.13273,1,10.06
2019.02.20 12:11:18.035,1.13271,1.13274,1.87,1.31
2019.02.20 12:11:18.198,1.13271,1.13274,1.5,3.69
2019.02.20 12:11:18.301,1.13271,1.13275,2.44,11.04
2019.02.20 12:11:18.403,1.13271,1.13273,1.25,3.69
2019.02.20 12:11:22.495,1.13271,1.13273,5.06,1.69
2019.02.20 12:11:22.648,1.13271,1.13272,1.12,1.25
2019.02.20 12:11:22.916,1.13271,1.13273,5.06,1.69
2019.02.20 12:11:24.237,1.13271,1.13273,4.87,5.25
2019.02.20 12:11:24.370,1.13274,1.13277,5.62,1.69
2019.02.20 12:11:24.524,1.13275,1.13277,4.87,1.69
2019.02.20 12:11:25.887,1.13278,1.13279,1,8.25
2019.02.20 12:11:25.989,1.1328,1.13281,1,1.5
2019.02.20 12:11:26.041,1.13281,1.13282,1,1.12
2019.02.20 12:11:26.153,1.1328,1.13283,3.94,7.69
2019.02.20 12:11:26.968,1.1328,1.13282,1,4.69
2019.02.20 12:11:27.167,1.1328,1.13283,3.56,3.25
2019.02.20 12:11:27.550,1.13281,1.13283,1.25,4.81
2019.02.20 12:11:27.755,1.13281,1.13283,5.06,3.19
2019.02.20 12:11:29.284,1.13282,1.13284,4,1
2019.02.20 12:11:29.488,1.13282,1.13284,3.94,1
2019.02.20 12:11:31.610,1.13283,1.13285,5.25,3
2019.02.20 12:11:31.661,1.13285,1.13286,1.12,1.25
2019.02.20 12:11:31.764,1.13285,1.13287,3.75,3.19
2019.02.20 12:11:31.867,1.13286,1.13287,4.12,1.5
2019.02.20 12:11:31.977,1.13285,1.13287,10.12,1
2019.02.20 12:11:32.080,1.13285,1.13289,5.14,2.44
2019.02.20 12:11:32.183,1.13285,1.13289,5.79,3.19
2019.02.20 12:11:32.285,1.13285,1.13287,1,1.39
2019.02.20 12:11:32.439,1.13285,1.13288,1.25,2.95
2019.02.20 12:11:36.077,1.13286,1.13289,1,1.94
2019.02.20 12:11:36.180,1.1329,1.13291,2.25,1.5
2019.02.20 12:11:36.282,1.1329,1.13294,2.43,7.31
2019.02.20 12:11:36.333,1.13292,1.13295,1,1.25
2019.02.20 12:11:36.487,1.13291,1.13295,5.5,7.12
2019.02.20 12:11:36.590,1.13292,1.13294,1.25,1
2019.02.20 12:11:36.694,1.13291,1.13295,2.2,3.45
2019.02.20 12:11:37.776,1.13292,1.13295,1.25,1
2019.02.20 12:11:37.878,1.13292,1.13295,1.25,1
2019.02.20 12:11:38.142,1.13293,1.13295,1,3.19
2019.02.20 12:11:38.245,1.13295,1.13298,2.25,4.12
2019.02.20 12:11:38.350,1.13296,1.13298,1.5,1.25
2019.02.20 12:11:38.452,1.13295,1.13298,1,3.19
2019.02.20 12:11:38.707,1.13297,1.13298,1,1
2019.02.20 12:11:39.318,1.13295,1.13298,1,10.5
2019.02.20 12:11:39.623,1.13296,1.13298,1,1
2019.02.20 12:11:39.726,1.13295,1.13298,3.25,2.44
2019.02.20 12:11:39.821,1.13295,1.13299,9.11,2.44
2019.02.20 12:11:39.923,1.13295,1.13299,6.82,1.5
2019.02.20 12:11:40.025,1.13296,1.13298,1.5,1
2019.02.20 12:11:40.129,1.13295,1.13298,1.25,2.25
2019.02.20 12:11:40.233,1.13294,1.13297,2.81,1.5
2019.02.20 12:11:40.369,1.13291,1.13294,2.81,8.37
2019.02.20 12:11:41.043,1.13291,1.13294,1.25,6.75
2019.02.20 12:11:41.145,1.13291,1.13295,4.74,6.81
2019.02.20 12:11:41.247,1.13291,1.13295,2.12,3.94
2019.02.20 12:11:42.110,1.13291,1.13294,2.26,1
2019.02.20 12:11:42.769,1.13291,1.13294,7.01,1
2019.02.20 12:11:42.871,1.13291,1.13293,1,2.25
2019.02.20 12:11:43.029,1.13291,1.13294,2.06,1.5
2019.02.20 12:11:43.363,1.13291,1.13293,1,1.5
2019.02.20 12:11:43.465,1.13291,1.13294,1.69,2.25
2019.02.20 12:11:44.186,1.1329,1.13294,2.81,3.56
2019.02.20 12:11:44.695,1.13291,1.13294,2.62,1
2019.02.20 12:11:44.805,1.1329,1.13294,1.25,3.56
2019.02.20 12:11:44.907,1.13291,1.13295,8.2,3
2019.02.20 12:11:45.162,1.13291,1.13295,3.56,1.69
2019.02.20 12:11:45.315,1.13291,1.13294,1,3.19
2019.02.20 12:11:45.531,1.13292,1.13295,4.16,1.5
2019.02.20 12:11:45.633,1.13292,1.13295,2.06,1
2019.02.20 12:11:45.735,1.13293,1.13294,1,1.69
2019.02.20 12:11:45.787,1.13293,1.13296,5.43,1.75
2019.02.20 12:11:46.098,1.13293,1.13295,2.44,1
2019.02.20 12:11:46.201,1.13291,1.13294,2.24,3.94
2019.02.20 12:11:46.252,1.13292,1.13295,7.38,1.25
2019.02.20 12:11:46.303,1.13291,1.13295,5.88,3.94
2019.02.20 12:11:46.406,1.13293,1.13295,7.05,1
2019.02.20 12:11:46.554,1.13291,1.13295,1.25,5.44
2019.02.20 12:11:46.656,1.13292,1.13295,1.69,1
2019.02.20 12:11:46.901,1.13293,1.13295,1.24,1.25
2019.02.20 12:11:46.952,1.13294,1.13296,2.5,1
2019.02.20 12:11:47.004,1.13293,1.13296,3.2,1.25
2019.02.20 12:11:47.107,1.13293,1.13296,1,1.25
2019.02.20 12:11:47.347,1.13292,1.13294,1,3.87
2019.02.20 12:11:47.451,1.13289,1.1329,2.06,2.25
2019.02.20 12:11:47.555,1.13286,1.13289,2.26,3.75
2019.02.20 12:11:47.672,1.13286,1.1329,10.82,5.06
2019.02.20 12:11:47.929,1.13287,1.1329,8.76,1
2019.02.20 12:11:48.082,1.13285,1.13289,1.69,8.62
2019.02.20 12:11:48.270,1.13286,1.13288,1,1
2019.02.20 12:11:48.372,1.13285,1.13289,2.06,7.5
2019.02.20 12:11:48.525,1.13286,1.13289,4.39,1
2019.02.20 12:11:48.729,1.13286,1.13288,1.5,1.5
2019.02.20 12:11:48.929,1.13286,1.13289,3.11,1
2019.02.20 12:11:49.399,1.13286,1.13289,5.94,1
2019.02.20 12:11:49.483,1.13288,1.13289,3.67,5.25
2019.02.20 12:11:49.536,1.1329,1.13292,1,2.44
2019.02.20 12:11:49.588,1.1329,1.13293,1.5,4.5
2019.02.20 12:11:49.742,1.13291,1.13293,1.12,1.5
2019.02.20 12:11:49.793,1.13288,1.13291,7.32,4.12
2019.02.20 12:11:49.845,1.13289,1.13292,2.35,2.62
2019.02.20 12:11:49.978,1.13287,1.13289,1,1.6
2019.02.20 12:11:50.081,1.13286,1.13289,1.69,2.12
2019.02.20 12:11:50.338,1.13286,1.13288,1,2.12
2019.02.20 12:11:50.439,1.13286,1.13289,1.69,2.12
2019.02.20 12:11:50.593,1.13286,1.13288,1,2.87
2019.02.20 12:11:50.701,1.13285,1.13289,1.69,3.31
2019.02.20 12:11:51.006,1.13286,1.13288,1,1.12
2019.02.20 12:11:51.328,1.13285,1.13289,1.69,3.94
2019.02.20 12:11:51.693,1.13286,1.13288,1,1.5
2019.02.20 12:11:52.193,1.13285,1.13289,1.69,3.19
2019.02.20 12:11:54.092,1.13286,1.13289,3.75,1
2019.02.20 12:11:55.759,1.13286,1.13288,2.62,1.5
2019.02.20 12:11:55.935,1.13286,1.13289,8.51,1
2019.02.20 12:11:56.037,1.13286,1.13288,5.25,1.5
2019.02.20 12:11:56.138,1.13286,1.13289,6.37,1
2019.02.20 12:11:56.242,1.13286,1.13288,3,1.12
2019.02.20 12:11:56.429,1.13284,1.13287,2.25,3.31
2019.02.20 12:11:56.531,1.13284,1.13285,1,1.12
2019.02.20 12:11:56.635,1.13285,1.13288,6.57,1.69
2019.02.20 12:11:57.820,1.13285,1.13287,3.75,1.25
2019.02.20 12:11:59.780,1.13284,1.13287,4.5,6
2019.02.20 12:11:59.934,1.13284,1.13287,4.87,5.5
2019.02.20 12:12:01.506,1.13286,1.13287,4.87,1
2019.02.20 12:12:01.609,1.13285,1.13287,4.87,3.19
2019.02.20 12:12:01.883,1.13286,1.13287,3.75,1
2019.02.20 12:12:01.986,1.13284,1.13286,2.87,4.2
2019.02.20 12:12:02.088,1.13282,1.13283,1,3
2019.02.20 12:12:02.220,1.13279,1.1328,3.94,1.12
2019.02.20 12:12:02.323,1.13277,1.13279,5.62,2.2
2019.02.20 12:12:02.426,1.13275,1.13278,2.25,3.64
2019.02.20 12:12:02.579,1.13276,1.13278,2.25,1
2019.02.20 12:12:02.833,1.13276,1.13279,2.44,1
2019.02.20 12:12:03.275,1.13278,1.1328,2.81,1
2019.02.20 12:12:03.479,1.13277,1.13279,1,3.56
2019.02.20 12:12:03.582,1.13276,1.1328,4.69,5.81
2019.02.20 12:12:04.075,1.13279,1.13281,1.12,1
2019.02.20 12:12:04.178,1.13279,1.13283,7.01,2.89
2019.02.20 12:12:04.331,1.13279,1.13282,1,2.14
2019.02.20 12:12:04.535,1.1328,1.13282,3.19,1
2019.02.20 12:12:04.690,1.13281,1.13283,7.76,1
2019.02.20 12:12:04.792,1.1328,1.13283,7.01,1.5
2019.02.20 12:12:05.132,1.13279,1.13283,4.39,3.64
2019.02.20 12:12:05.285,1.1328,1.13283,2.81,1
2019.02.20 12:12:05.439,1.13279,1.13283,1.69,3.56
2019.02.20 12:12:06.026,1.1328,1.13283,1.69,1
2019.02.20 12:12:06.179,1.13279,1.13284,14.7,4.39
2019.02.20 12:12:06.281,1.1328,1.13283,2.81,1
2019.02.20 12:12:07.092,1.13281,1.13284,10.94,2.25
2019.02.20 12:12:07.806,1.13281,1.13284,6.56,2.25
2019.02.20 12:12:08.285,1.13282,1.13283,1,1
2019.02.20 12:12:08.387,1.13281,1.13284,2.81,3
2019.02.20 12:12:11.283,1.13281,1.13283,1,3.75
2019.02.20 12:12:11.385,1.13281,1.13284,5.81,3.75
2019.02.20 12:12:11.489,1.13281,1.13283,1,3.75
2019.02.20 12:12:11.837,1.13281,1.13284,7.31,5.25
2019.02.20 12:12:12.368,1.13281,1.13283,1,3.75
2019.02.20 12:12:12.510,1.13281,1.13284,5.81,3.75
2019.02.20 12:12:12.662,1.13281,1.13283,1,3.75
2019.02.20 12:12:13.124,1.1328,1.13283,1.69,2.62
2019.02.20 12:12:13.993,1.13281,1.13283,3.94,1
2019.02.20 12:12:14.146,1.13281,1.13283,4.81,1
2019.02.20 12:12:14.692,1.1328,1.13281,1.25,1
2019.02.20 12:12:14.795,1.13278,1.1328,1,6.94
2019.02.20 12:12:14.846,1.13279,1.13282,3.94,2.25
2019.02.20 12:12:14.898,1.13279,1.1328,1,1
2019.02.20 12:12:15.000,1.13281,1.13283,3.56,1
2019.02.20 12:12:17.217,1.13281,1.13282,1,1
2019.02.20 12:12:17.319,1.13281,1.13283,2.44,1
2019.02.20 12:12:18.132,1.13281,1.13284,10.31,1
2019.02.20 12:12:18.297,1.13281,1.13283,3,1
2019.02.20 12:12:18.450,1.13281,1.13284,6.56,1
2019.02.20 12:12:18.552,1.13281,1.13283,3,1.5
2019.02.20 12:12:18.917,1.13281,1.13282,1,1
2019.02.20 12:12:19.121,1.13281,1.13283,3,1
2019.02.20 12:12:19.369,1.13281,1.13284,2.81,1.5
2019.02.20 12:12:19.471,1.13281,1.13283,1,1.5
2019.02.20 12:12:19.573,1.13284,1.13285,2.92,1.35
2019.02.20 12:12:19.676,1.13286,1.13287,4.12,1
2019.02.20 12:12:19.729,1.13287,1.13289,7.51,1
2019.02.20 12:12:19.898,1.13286,1.13289,3.94,6.04
2019.02.20 12:12:20.111,1.13287,1.13288,1.31,1
2019.02.20 12:12:20.213,1.13286,1.13289,4.61,6.04
2019.02.20 12:12:20.886,1.13286,1.13289,2.25,6.97
2019.02.20 12:12:20.989,1.13286,1.13288,1.25,3
2019.02.20 12:12:21.193,1.13285,1.13288,1.31,7.12
2019.02.20 12:12:21.896,1.13286,1.13289,3.44,1
2019.02.20 12:12:23.126,1.13285,1.13289,5.5,4.69
2019.02.20 12:12:23.228,1.13286,1.13288,1,1.25
2019.02.20 12:12:23.781,1.13285,1.13288,2.06,6.75
2019.02.20 12:12:23.884,1.13286,1.13289,3.94,1.31
2019.02.20 12:12:23.986,1.13287,1.1329,2.75,2.81
2019.02.20 12:12:24.089,1.13287,1.1329,2.12,5
2019.02.20 12:12:24.279,1.13287,1.1329,1.25,2.44
2019.02.20 12:12:24.934,1.13287,1.13288,1.5,1
2019.02.20 12:12:25.037,1.13286,1.13289,5.87,1.12
2019.02.20 12:12:29.094,1.13285,1.13289,2.12,6.94
2019.02.20 12:12:29.196,1.13286,1.13289,3.94,1.69
2019.02.20 12:12:29.302,1.13286,1.13288,1.25,1.69
2019.02.20 12:12:29.798,1.13285,1.13288,1.25,9.75
2019.02.20 12:12:30.053,1.13286,1.13288,1.94,1.25
2019.02.20 12:12:30.155,1.13285,1.13288,1.75,7.31
2019.02.20 12:12:30.271,1.13285,1.13288,1.25,8.12
2019.02.20 12:12:33.057,1.13285,1.13288,1,4.31
2019.02.20 12:12:34.695,1.13286,1.13288,1.69,1
2019.02.20 12:12:34.917,1.13285,1.13289,4.56,6.37
2019.02.20 12:12:36.000,1.13286,1.13288,2.44,1
2019.02.20 12:12:36.102,1.13285,1.13288,2.44,6.94
2019.02.20 12:12:38.334,1.13285,1.13287,1,4.01
2019.02.20 12:12:38.839,1.13288,1.13289,2.25,1.05
2019.02.20 12:12:38.890,1.13287,1.1329,1.61,6.12
2019.02.20 12:12:38.993,1.13287,1.13291,2.06,8
2019.02.20 12:12:39.147,1.1329,1.13292,2.44,1
2019.02.20 12:12:39.250,1.13291,1.13293,1.5,1
2019.02.20 12:12:39.359,1.13292,1.13294,2.74,1
2019.02.20 12:12:39.411,1.1329,1.13294,3.11,6.07
2019.02.20 12:12:39.513,1.13291,1.13294,1.31,3.26
2019.02.20 12:12:39.616,1.13292,1.13294,1.31,1
2019.02.20 12:12:39.719,1.13291,1.13294,1.31,1.12
2019.02.20 12:12:40.020,1.13291,1.13295,6.37,1.12
2019.02.20 12:12:40.232,1.13292,1.13294,2.12,1
2019.02.20 12:12:40.334,1.13291,1.13294,1.37,2.81
2019.02.20 12:12:40.538,1.1329,1.13294,1.87,6.6
2019.02.20 12:12:40.640,1.1329,1.13294,1.87,5.7
2019.02.20 12:12:40.742,1.1329,1.13293,1,5.51
2019.02.20 12:12:40.856,1.13291,1.13294,1,1.12
2019.02.20 12:12:40.959,1.13291,1.13295,4.87,3.6
2019.02.20 12:12:41.010,1.13291,1.13293,1.25,3.64
2019.02.20 12:12:41.113,1.13291,1.13292,1.69,1.12
2019.02.20 12:12:41.438,1.13289,1.13292,1.25,5.25
2019.02.20 12:12:41.642,1.13288,1.1329,1,4.31
2019.02.20 12:12:41.745,1.13287,1.1329,5.5,1.5
2019.02.20 12:12:42.271,1.13287,1.13288,1,1
2019.02.20 12:12:42.373,1.13286,1.13289,2.81,1.12
2019.02.20 12:12:43.502,1.13287,1.13288,1.31,1
2019.02.20 12:12:43.617,1.13286,1.13288,1.31,4.39
2019.02.20 12:12:44.693,1.13287,1.13289,2.87,1.5
2019.02.20 12:12:44.846,1.13288,1.13289,1.12,1
2019.02.20 12:12:44.949,1.1329,1.13291,4.5,1.5
2019.02.20 12:12:45.085,1.13291,1.13292,1,1
2019.02.20 12:12:45.188,1.13291,1.13293,1,1.5
2019.02.20 12:12:50.127,1.13292,1.13294,1.75,1
2019.02.20 12:12:50.326,1.13293,1.13296,3.94,1.25
2019.02.20 12:12:50.428,1.13295,1.13296,1.5,1
2019.02.20 12:12:50.531,1.13295,1.13296,1,3
2019.02.20 12:12:50.791,1.13294,1.13295,1,3.26
2019.02.20 12:12:50.843,1.13293,1.13295,2.5,1.5
2019.02.20 12:12:50.946,1.13292,1.13295,2.5,1.69
2019.02.20 12:12:53.304,1.13291,1.13294,1.25,3.37
2019.02.20 12:12:54.535,1.13291,1.13294,1.25,3.45
2019.02.20 12:12:54.637,1.13292,1.13294,5.42,1
2019.02.20 12:12:54.739,1.13292,1.13294,3.11,1
2019.02.20 12:12:54.841,1.13291,1.13294,1.25,3.45
2019.02.20 12:12:56.659,1.13291,1.13294,1.25,5.32
2019.02.20 12:12:57.268,1.13292,1.13295,5.87,1
2019.02.20 12:12:58.547,1.13293,1.13295,1.31,1.12
2019.02.20 12:12:58.658,1.13294,1.13296,1,4.06
2019.02.20 12:12:58.760,1.13295,1.13297,2.25,3.87
2019.02.20 12:12:58.863,1.13295,1.13297,1.5,3.82
2019.02.20 12:12:59.881,1.13295,1.13297,1.25,1.87
2019.02.20 12:12:59.999,1.13294,1.13297,1.5,5.89
2019.02.20 12:13:00.304,1.13296,1.13297,1,1
2019.02.20 12:13:00.916,1.13295,1.13297,1,2.25
2019.02.20 12:13:01.508,1.13295,1.13296,1,1.5
2019.02.20 12:13:01.610,1.13294,1.13297,1,6.32
2019.02.20 12:13:02.310,1.13294,1.13296,1,5.5
2019.02.20 12:13:02.465,1.13294,1.13297,2.44,1.75
2019.02.20 12:13:04.763,1.13295,1.13297,1.5,3.69
2019.02.20 12:13:05.094,1.13295,1.13297,1.5,1.69
2019.02.20 12:13:05.298,1.13295,1.13296,1,2.81
2019.02.20 12:13:05.426,1.13295,1.13297,1.69,2.06
2019.02.20 12:13:05.528,1.13295,1.13296,1,2.06
2019.02.20 12:13:06.133,1.13296,1.13297,1.5,2.29
2019.02.20 12:13:06.237,1.13298,1.13299,3.37,1.69
2019.02.20 12:13:06.340,1.13297,1.13299,1.31,2.44
2019.02.20 12:13:06.485,1.13296,1.13297,1,7.68
2019.02.20 12:13:06.640,1.13295,1.13298,3.94,3.26
2019.02.20 12:13:06.793,1.13295,1.13297,1,1.87
2019.02.20 12:13:07.039,1.13295,1.13298,3.75,1.39
2019.02.20 12:13:07.141,1.13295,1.13297,1,2.14
2019.02.20 12:13:07.242,1.13296,1.13297,3.75,1
2019.02.20 12:13:07.534,1.13295,1.13297,1,2.14
2019.02.20 12:13:08.549,1.13295,1.13296,1,1.25
2019.02.20 12:13:08.960,1.13295,1.13297,1.5,1.25
2019.02.20 12:13:10.885,1.13295,1.13297,1,2.12
2019.02.20 12:13:11.089,1.13295,1.13297,1,1.5
2019.02.20 12:13:11.459,1.13294,1.13296,1,4.89
2019.02.20 12:13:11.908,1.13294,1.13296,1,3.64
2019.02.20 12:13:12.115,1.13294,1.13297,1.25,5.2
2019.02.20 12:13:12.471,1.13295,1.13297,1,1.75
2019.02.20 12:13:14.454,1.13295,1.13296,1,1.25
2019.02.20 12:13:15.785,1.13295,1.13298,3.19,1.25
2019.02.20 12:13:15.981,1.13295,1.13297,1,1.75
2019.02.20 12:13:16.238,1.13295,1.13296,1,1.25
2019.02.20 12:13:16.341,1.13295,1.13297,2.25,1.25
2019.02.20 12:13:16.443,1.13295,1.13296,1,2.44
2019.02.20 12:13:16.630,1.13295,1.13296,1,1.69
2019.02.20 12:13:16.762,1.13294,1.13297,1.5,5.95
2019.02.20 12:13:18.868,1.13295,1.13298,4.12,1.25
2019.02.20 12:13:19.276,1.13295,1.13298,1.25,4.14
2019.02.20 12:13:19.379,1.13297,1.13299,2.12,4.12
2019.02.20 12:13:19.577,1.13297,1.133,4.75,1
2019.02.20 12:13:19.783,1.13296,1.13299,1.25,5.62
2019.02.20 12:13:19.885,1.13296,1.13298,1,1.87
2019.02.20 12:13:20.845,1.13295,1.13296,1.25,1
2019.02.20 12:13:20.988,1.13294,1.13295,1,1.2
2019.02.20 12:13:21.091,1.13293,1.13296,1.94,5.14
2019.02.20 12:13:21.194,1.13293,1.13296,1.25,3.82
2019.02.20 12:13:21.451,1.13294,1.13296,4.94,1.5
2019.02.20 12:13:21.555,1.13293,1.13296,4.37,4.31
2019.02.20 12:13:22.066,1.13294,1.13296,1.75,3.75
2019.02.20 12:13:23.645,1.13295,1.13297,2.5,2.25
2019.02.20 12:13:23.696,1.13296,1.13298,3.19,1.5
2019.02.20 12:13:24.014,1.13297,1.13299,4.81,1
2019.02.20 12:13:24.119,1.13297,1.13299,3.86,4.5
2019.02.20 12:13:24.648,1.13299,1.13301,1,5.44
2019.02.20 12:13:24.751,1.133,1.13302,3.37,1.57
2019.02.20 12:13:25.391,1.133,1.13303,1.69,1.5
2019.02.20 12:13:26.045,1.13301,1.13303,2.06,1
2019.02.20 12:13:26.147,1.133,1.13303,1.69,3.19
2019.02.20 12:13:26.403,1.13301,1.13303,1.31,1.12
2019.02.20 12:13:28.430,1.133,1.13304,6.79,1.12
2019.02.20 12:13:28.533,1.13301,1.13304,9.04,1
2019.02.20 12:13:28.635,1.133,1.13303,1.31,1.39
2019.02.20 12:13:28.840,1.13301,1.13304,7.76,1
2019.02.20 12:13:28.966,1.133,1.13304,5.29,6.37
2019.02.20 12:13:29.173,1.13301,1.13304,7.76,1
2019.02.20 12:13:29.285,1.133,1.13304,5.29,4.12
2019.02.20 12:13:29.388,1.13301,1.13304,7.76,1
2019.02.20 12:13:29.500,1.133,1.13304,5.29,4.12
2019.02.20 12:13:29.876,1.13301,1.13303,1,1.5
2019.02.20 12:13:29.979,1.13305,1.13306,1,3.94
2019.02.20 12:13:30.110,1.13305,1.13308,4.75,5.44
2019.02.20 12:13:30.216,1.13304,1.13306,2.25,1
2019.02.20 12:13:30.319,1.13303,1.13305,2.5,4.5
2019.02.20 12:13:30.421,1.13301,1.13304,3.44,10.39
2019.02.20 12:13:30.568,1.13301,1.13304,3.56,8.82
2019.02.20 12:13:31.634,1.13301,1.13303,1,1.5
2019.02.20 12:13:31.906,1.13301,1.13304,2.81,1.5
2019.02.20 12:13:32.059,1.13301,1.13303,3,1.5
2019.02.20 12:13:32.879,1.13301,1.13304,13.31,1.5
2019.02.20 12:13:32.981,1.13301,1.13303,2.62,1
2019.02.20 12:13:33.455,1.133,1.13302,2.5,3.64
2019.02.20 12:13:33.663,1.13301,1.13302,2.25,1.12
2019.02.20 12:13:33.767,1.133,1.13303,2.25,4.89
2019.02.20 12:13:34.027,1.133,1.13303,2.25,4.39
2019.02.20 12:13:34.129,1.133,1.13302,1,4.01
2019.02.20 12:13:34.384,1.13301,1.13302,1,1
2019.02.20 12:13:34.502,1.13301,1.13303,1.69,1
2019.02.20 12:13:34.606,1.133,1.13303,1,4.39
2019.02.20 12:13:34.827,1.133,1.13302,1.5,4.39
2019.02.20 12:13:35.095,1.133,1.13303,1.5,4.39
2019.02.20 12:13:35.219,1.13301,1.13303,1.5,1
2019.02.20 12:13:35.322,1.133,1.13303,1,4.01
2019.02.20 12:13:36.081,1.133,1.13304,2.44,3.64
2019.02.20 12:13:36.213,1.13301,1.13303,1,1
2019.02.20 12:13:36.958,1.13301,1.13304,2.25,1.5
2019.02.20 12:13:37.490,1.13301,1.13303,1,3
2019.02.20 12:13:37.729,1.13301,1.13304,5.62,3
2019.02.20 12:13:37.830,1.13301,1.13303,1,3.75
2019.02.20 12:13:38.178,1.13301,1.13303,4,4.12
2019.02.20 12:13:38.484,1.133,1.13301,1,7.87
2019.02.20 12:13:38.535,1.13299,1.13301,4.16,1.5
2019.02.20 12:13:38.662,1.13298,1.133,9.19,1
2019.02.20 12:13:38.767,1.13297,1.13299,4.69,2.25
2019.02.20 12:13:39.336,1.13297,1.13299,6.89,3.75
2019.02.20 12:13:39.438,1.13297,1.13298,1,1.87
2019.02.20 12:13:39.489,1.13299,1.13301,3.75,3.19
2019.02.20 12:13:39.541,1.13301,1.13302,1.5,1
2019.02.20 12:13:39.643,1.13301,1.13304,5.2,2.81
2019.02.20 12:13:42.244,1.13302,1.13304,4.39,4
2019.02.20 12:13:42.902,1.13302,1.13304,8.87,3.75
2019.02.20 12:13:43.738,1.13302,1.13304,6.19,3.94
2019.02.20 12:13:43.842,1.13305,1.13306,1.5,2.06
2019.02.20 12:13:43.893,1.13305,1.13308,1.69,1.87
2019.02.20 12:13:43.996,1.13306,1.13308,4.69,1
2019.02.20 12:13:44.099,1.13305,1.13308,4.69,1.87
2019.02.20 12:13:44.355,1.13305,1.13307,2.25,4.12
2019.02.20 12:13:44.457,1.13305,1.13308,6.19,2.62
2019.02.20 12:13:45.018,1.13305,1.13307,2.25,3.19
