2019.06.05 11:00:00.417,1.12607,1.12609,2250000,1250000
2019.06.05 11:00:00.519,1.12607,1.12608,1000000,1000000
2019.06.05 11:00:00.649,1.12607,1.12609,2250000,1000000
2019.06.05 11:00:00.751,1.12606,1.12608,1000000,7180000
2019.06.05 11:00:01.057,1.12606,1.12608,1000000,2810000
2019.06.05 11:00:01.405,1.12608,1.12609,1000000,1000000
2019.06.05 11:00:01.507,1.12607,1.12609,1500000,1000000
2019.06.05 11:00:02.160,1.12608,1.12611,6690000,1000000
2019.06.05 11:00:02.264,1.1261,1.12613,1100000,8060000
2019.06.05 11:00:02.402,1.12612,1.12614,1250000,1000000
2019.06.05 11:00:02.505,1.12611,1.12615,3190000,4010000
2019.06.05 11:00:02.609,1.12612,1.12615,1310000,1000000
2019.06.05 11:00:02.712,1.12611,1.12615,1310000,5050000
2019.06.05 11:00:02.967,1.12611,1.12615,3560000,4810000
2019.06.05 11:00:03.123,1.12611,1.12615,1310000,2810000
2019.06.05 11:00:03.225,1.12612,1.12615,1310000,1000000
2019.06.05 11:00:03.530,1.12612,1.12615,1750000,1120000
2019.06.05 11:00:03.971,1.12611,1.12615,2440000,3940000
2019.06.05 11:00:04.073,1.12611,1.12615,1250000,4410000
2019.06.05 11:00:04.198,1.12611,1.12615,1250000,3940000
2019.06.05 11:00:04.942,1.12612,1.12615,3560000,1000000
2019.06.05 11:00:05.044,1.12611,1.12615,2440000,3190000
2019.06.05 11:00:05.545,1.12612,1.12615,1760000,4500000
2019.06.05 11:00:06.878,1.12612,1.12616,3070000,4950000
2019.06.05 11:00:06.980,1.12611,1.12615,2250000,7810000
2019.06.05 11:00:07.108,1.12611,1.12616,4950000,9690000
2019.06.05 11:00:07.364,1.12611,1.12616,2200000,10440000
2019.06.05 11:00:09.457,1.12613,1.12616,10950000,1120000
2019.06.05 11:00:11.321,1.12612,1.12616,3750000,7160000
2019.06.05 11:00:12.726,1.12613,1.12616,7690000,3000000
2019.06.05 11:00:14.032,1.12612,1.12616,1250000,6110000
2019.06.05 11:00:14.347,1.12612,1.12616,1250000,6610000
2019.06.05 11:00:17.370,1.12613,1.12616,1000000,1120000
2019.06.05 11:00:19.386,1.12613,1.12616,8440000,3640000
2019.06.05 11:00:23.893,1.12613,1.12616,5560000,1120000
2019.06.05 11:00:24.775,1.12612,1.12616,5060000,6940000
2019.06.05 11:00:25.319,1.12613,1.12616,5060000,1000000
2019.06.05 11:00:26.514,1.12612,1.12616,4310000,4690000
2019.06.05 11:00:27.873,1.12613,1.12615,2250000,1000000
2019.06.05 11:00:27.978,1.12612,1.12616,2250000,3260000
2019.06.05 11:00:28.081,1.12612,1.12615,1870000,3260000
2019.06.05 11:00:28.197,1.12611,1.12614,1500000,5710000
2019.06.05 11:00:28.300,1.12611,1.12615,5060000,9100000
2019.06.05 11:00:28.880,1.12611,1.12614,1000000,9100000
2019.06.05 11:00:29.907,1.12613,1.12614,1000000,1000000
2019.06.05 11:00:30.009,1.12613,1.12615,3190000,1000000
2019.06.05 11:00:30.997,1.12611,1.12615,5440000,8470000
2019.06.05 11:00:31.152,1.1261,1.12612,2120000,5020000
2019.06.05 11:00:31.329,1.12607,1.1261,1370000,4010000
2019.06.05 11:00:37.491,1.12606,1.12608,2100000,1100000
2019.06.05 11:00:37.543,1.12603,1.12604,1720000,7950000
2019.06.05 11:00:37.660,1.12599,1.126,1870000,1570000
2019.06.05 11:00:37.712,1.12593,1.12595,7120000,1850000
2019.06.05 11:00:37.764,1.12592,1.12594,1000000,3070000
2019.06.05 11:00:37.818,1.12591,1.12592,1500000,4390000
2019.06.05 11:00:37.921,1.12588,1.1259,1000000,3150000
2019.06.05 11:00:38.069,1.1259,1.12592,8120000,1000000
2019.06.05 11:00:38.172,1.12587,1.1259,1000000,7050000
2019.06.05 11:00:38.275,1.12587,1.1259,6000000,1500000
2019.06.05 11:00:38.427,1.12587,1.12589,1500000,1500000
2019.06.05 11:00:38.646,1.12586,1.12588,4060000,1100000
2019.06.05 11:00:38.750,1.12583,1.12585,1120000,1120000
2019.06.05 11:00:38.852,1.12581,1.12583,1000000,6260000
2019.06.05 11:00:39.113,1.1258,1.12582,1500000,1100000
2019.06.05 11:00:39.215,1.12579,1.12582,2060000,1950000
2019.06.05 11:00:39.317,1.1258,1.12582,1950000,1000000
2019.06.05 11:00:39.579,1.12581,1.12583,1250000,1000000
2019.06.05 11:00:39.681,1.12583,1.12584,1200000,1870000
2019.06.05 11:00:39.733,1.12586,1.12587,1690000,1000000
2019.06.05 11:00:39.837,1.12588,1.12589,1570000,1500000
2019.06.05 11:00:39.939,1.12589,1.12591,1250000,3750000
2019.06.05 11:00:40.046,1.1259,1.12593,1560000,1000000
2019.06.05 11:00:40.097,1.1259,1.12594,3450000,2250000
2019.06.05 11:00:40.199,1.12591,1.12594,4690000,1000000
2019.06.05 11:00:40.303,1.12591,1.12594,1370000,1000000
2019.06.05 11:00:40.507,1.12591,1.12594,1120000,1500000
2019.06.05 11:00:41.381,1.12592,1.12595,2310000,1000000
2019.06.05 11:00:41.485,1.12591,1.12596,5890000,6750000
2019.06.05 11:00:41.587,1.12592,1.12595,1250000,2250000
2019.06.05 11:00:41.894,1.12591,1.12595,5310000,4870000
2019.06.05 11:00:41.945,1.12591,1.12592,2250000,1870000
2019.06.05 11:00:42.048,1.12588,1.12589,1250000,1000000
2019.06.05 11:00:42.193,1.12587,1.12589,1250000,1500000
2019.06.05 11:00:42.345,1.12588,1.12589,1250000,1000000
2019.06.05 11:00:43.079,1.12587,1.12589,1250000,1500000
2019.06.05 11:00:43.896,1.12587,1.12589,1250000,1500000
2019.06.05 11:00:46.090,1.12585,1.12589,1250000,6500000
2019.06.05 11:00:46.192,1.12585,1.12588,1500000,1870000
2019.06.05 11:00:46.294,1.12586,1.12589,3450000,1000000
2019.06.05 11:00:46.612,1.12585,1.12586,1000000,1570000
2019.06.05 11:00:46.663,1.12581,1.12583,1690000,3190000
2019.06.05 11:00:46.766,1.1258,1.12582,1870000,1000000
2019.06.05 11:00:46.963,1.12581,1.12583,1120000,1500000
2019.06.05 11:00:47.270,1.12579,1.12581,1250000,1100000
2019.06.05 11:00:47.373,1.12577,1.1258,1620000,4050000
2019.06.05 11:00:47.475,1.12577,1.1258,2260000,1120000
2019.06.05 11:00:47.784,1.12575,1.12578,1000000,7790000
2019.06.05 11:00:47.887,1.12575,1.12578,1100000,2250000
2019.06.05 11:00:47.997,1.12575,1.12577,2440000,1000000
2019.06.05 11:00:48.053,1.12573,1.12577,2810000,1000000
2019.06.05 11:00:48.155,1.12574,1.12576,2250000,1000000
2019.06.05 11:00:48.258,1.12573,1.12575,1870000,1000000
2019.06.05 11:00:48.309,1.12571,1.12575,1200000,6820000
2019.06.05 11:00:48.579,1.12573,1.12575,2440000,1000000
2019.06.05 11:00:48.630,1.12571,1.12575,1250000,3000000
2019.06.05 11:00:48.681,1.12573,1.12575,3560000,1000000
2019.06.05 11:00:49.143,1.12574,1.12577,4420000,2500000
2019.06.05 11:00:49.272,1.12574,1.12576,1000000,5500000
2019.06.05 11:00:49.324,1.12575,1.12579,6870000,1620000
2019.06.05 11:00:53.913,1.12578,1.12581,2440000,1500000
2019.06.05 11:00:54.067,1.12579,1.12581,1000000,1000000
2019.06.05 11:00:54.169,1.12578,1.12582,5810000,4500000
2019.06.05 11:00:54.299,1.12579,1.12582,8060000,1000000
2019.06.05 11:00:54.419,1.12578,1.12582,5810000,6070000
2019.06.05 11:00:55.096,1.12578,1.12582,1000000,3450000
2019.06.05 11:00:57.068,1.12578,1.12582,1010000,3750000
2019.06.05 11:00:58.170,1.12577,1.1258,2870000,4700000
2019.06.05 11:00:58.309,1.12576,1.12579,3940000,2770000
2019.06.05 11:00:58.694,1.12575,1.12579,3750000,4690000
2019.06.05 11:00:58.867,1.12575,1.12579,4750000,5500000
2019.06.05 11:00:59.449,1.12575,1.12579,5250000,4500000
2019.06.05 11:00:59.551,1.12575,1.12579,3440000,3000000
2019.06.05 11:01:00.372,1.12575,1.12578,1120000,3690000
2019.06.05 11:01:02.171,1.12575,1.12579,2440000,2440000
2019.06.05 11:01:03.372,1.12576,1.1258,15950000,1000000
2019.06.05 11:01:03.476,1.12577,1.12579,1120000,1120000
2019.06.05 11:01:03.802,1.12577,1.1258,4840000,1120000
2019.06.05 11:01:04.329,1.12577,1.12579,1460000,1120000
2019.06.05 11:01:05.398,1.12577,1.1258,2400000,1120000
2019.06.05 11:01:06.278,1.12577,1.12579,1000000,1000000
2019.06.05 11:01:07.924,1.12578,1.12581,13810000,1000000
2019.06.05 11:01:08.027,1.12577,1.12581,6320000,4120000
2019.06.05 11:01:08.564,1.12578,1.12581,4070000,1000000
2019.06.05 11:01:08.768,1.12579,1.12581,2890000,1000000
2019.06.05 11:01:08.870,1.1258,1.12582,1570000,1000000
2019.06.05 11:01:08.972,1.12579,1.12582,1000000,1500000
2019.06.05 11:01:09.289,1.1258,1.12582,1000000,1000000
2019.06.05 11:01:09.391,1.1258,1.12583,4120000,1000000
2019.06.05 11:01:10.686,1.1258,1.12584,10240000,1250000
2019.06.05 11:01:10.789,1.1258,1.12583,1000000,3190000
2019.06.05 11:01:10.891,1.1258,1.12584,10310000,1690000
2019.06.05 11:01:11.845,1.12581,1.12582,2250000,1000000
2019.06.05 11:01:12.111,1.12581,1.12583,3000000,1000000
2019.06.05 11:01:12.213,1.12581,1.12582,1000000,1000000
2019.06.05 11:01:12.336,1.12581,1.12583,2250000,1000000
2019.06.05 11:01:12.622,1.12581,1.12584,6670000,1000000
2019.06.05 11:01:13.200,1.1258,1.12584,6070000,1010000
2019.06.05 11:01:13.927,1.12581,1.12584,7570000,1000000
2019.06.05 11:01:14.282,1.12581,1.12583,1000000,1000000
2019.06.05 11:01:14.384,1.12581,1.12584,2060000,1750000
2019.06.05 11:01:14.953,1.12581,1.12583,1000000,1750000
2019.06.05 11:01:15.322,1.12581,1.12585,20500000,1820000
2019.06.05 11:01:15.541,1.12583,1.12585,8870000,1000000
2019.06.05 11:01:16.773,1.12581,1.12585,2500000,4150000
2019.06.05 11:01:16.875,1.12581,1.12584,1690000,10950000
2019.06.05 11:01:16.977,1.12581,1.12583,1250000,1500000
2019.06.05 11:01:17.117,1.1258,1.12583,2810000,1950000
2019.06.05 11:01:17.219,1.12581,1.12582,1000000,1000000
2019.06.05 11:01:17.321,1.12581,1.12583,1310000,1000000
2019.06.05 11:01:18.415,1.12581,1.12582,1000000,1000000
2019.06.05 11:01:19.259,1.12581,1.12583,3190000,1000000
2019.06.05 11:01:19.413,1.12582,1.12584,1750000,1000000
2019.06.05 11:01:19.527,1.12583,1.12584,1250000,1000000
2019.06.05 11:01:19.887,1.12583,1.12586,9250000,1000000
2019.06.05 11:01:19.989,1.12585,1.12586,4310000,3000000
2019.06.05 11:01:20.091,1.12585,1.12589,2500000,1500000
2019.06.05 11:01:20.244,1.12586,1.12589,1500000,1500000
2019.06.05 11:01:20.347,1.12586,1.1259,4690000,1500000
2019.06.05 11:01:21.555,1.12589,1.1259,1250000,1000000
2019.06.05 11:01:21.658,1.12591,1.12592,1000000,2250000
2019.06.05 11:01:21.792,1.12593,1.12596,11360000,1500000
2019.06.05 11:01:22.610,1.12593,1.12596,3190000,1000000
2019.06.05 11:01:22.714,1.12592,1.12596,4690000,1120000
2019.06.05 11:01:22.766,1.12592,1.12595,2870000,2060000
2019.06.05 11:01:23.021,1.12592,1.12596,8250000,1000000
2019.06.05 11:01:23.260,1.12592,1.12595,2120000,1390000
2019.06.05 11:01:23.363,1.12592,1.12596,2810000,2440000
2019.06.05 11:01:24.080,1.12592,1.12596,9000000,2770000
2019.06.05 11:01:24.182,1.12592,1.12595,1120000,3450000
2019.06.05 11:01:24.284,1.12592,1.12596,2440000,1870000
2019.06.05 11:01:24.968,1.12592,1.12595,1000000,3750000
2019.06.05 11:01:25.222,1.12592,1.12596,11810000,1500000
2019.06.05 11:01:25.324,1.12593,1.12596,2940000,1000000
2019.06.05 11:01:25.426,1.12593,1.12596,2810000,1000000
2019.06.05 11:01:26.232,1.12593,1.12595,1000000,1000000
2019.06.05 11:01:26.336,1.12593,1.12596,4310000,1500000
2019.06.05 11:01:26.541,1.12593,1.12595,1000000,1000000
2019.06.05 11:01:26.644,1.12593,1.12596,3560000,3000000
2019.06.05 11:01:26.772,1.12594,1.12597,6500000,1250000
2019.06.05 11:01:26.875,1.12596,1.12599,1120000,2320000
2019.06.05 11:01:27.028,1.12596,1.126,4870000,2890000
2019.06.05 11:01:27.342,1.12596,1.126,1870000,7710000
2019.06.05 11:01:27.507,1.12598,1.12601,4690000,1310000
2019.06.05 11:01:27.609,1.12599,1.12602,1750000,1500000
2019.06.05 11:01:27.764,1.126,1.12603,3370000,1000000
2019.06.05 11:01:27.917,1.12599,1.12603,4460000,9340000
2019.06.05 11:01:27.969,1.12601,1.12603,1250000,1000000
2019.06.05 11:01:28.992,1.12601,1.12604,1310000,1870000
2019.06.05 11:01:29.298,1.12601,1.12604,1310000,2820000
2019.06.05 11:01:29.834,1.12601,1.12603,1000000,5000000
2019.06.05 11:01:30.069,1.12601,1.12604,1690000,1500000
2019.06.05 11:01:30.802,1.12599,1.12601,2060000,1100000
2019.06.05 11:01:30.904,1.12598,1.126,1250000,3000000
2019.06.05 11:01:31.993,1.12599,1.126,1250000,1000000
2019.06.05 11:01:32.614,1.12601,1.12602,1690000,1500000
2019.06.05 11:01:32.716,1.12602,1.12605,3500000,3750000
2019.06.05 11:01:32.819,1.12602,1.12605,1750000,1500000
2019.06.05 11:01:33.350,1.12602,1.12605,1250000,3940000
2019.06.05 11:01:33.452,1.12603,1.12605,2060000,1000000
2019.06.05 11:01:33.868,1.12602,1.12606,2750000,1950000
2019.06.05 11:01:36.295,1.12603,1.12606,2000000,1500000
2019.06.05 11:01:36.398,1.12604,1.12606,3190000,2250000
2019.06.05 11:01:37.270,1.12604,1.12606,2560000,1500000
2019.06.05 11:01:40.070,1.12605,1.12606,1690000,1000000
2019.06.05 11:01:40.202,1.12603,1.12605,1250000,1500000
2019.06.05 11:01:41.675,1.12603,1.12604,1250000,1000000
2019.06.05 11:01:45.567,1.12602,1.12605,2870000,3190000
2019.06.05 11:02:04.699,1.12602,1.12604,2500000,2250000
2019.06.05 11:02:06.560,1.12601,1.12604,1750000,8620000
2019.06.05 11:02:06.734,1.12601,1.12604,1370000,10020000
2019.06.05 11:02:07.719,1.12601,1.12604,1250000,12520000
2019.06.05 11:02:08.661,1.12601,1.12605,4870000,9340000
2019.06.05 11:02:08.908,1.12602,1.12605,5440000,1100000
2019.06.05 11:02:10.198,1.12602,1.12604,1000000,1500000
2019.06.05 11:02:10.362,1.12602,1.12605,5060000,1000000
2019.06.05 11:02:13.703,1.12602,1.12605,5120000,1000000
2019.06.05 11:02:15.916,1.12601,1.12605,5870000,6150000
2019.06.05 11:02:17.529,1.12601,1.12604,1750000,8210000
2019.06.05 11:02:17.732,1.12601,1.12604,1250000,6490000
2019.06.05 11:02:17.783,1.12601,1.12605,4690000,8170000
2019.06.05 11:02:19.370,1.12601,1.12604,2620000,8770000
2019.06.05 11:02:23.738,1.12602,1.12604,1250000,1000000
2019.06.05 11:02:24.101,1.12601,1.12605,6250000,5960000
2019.06.05 11:02:26.276,1.12602,1.12604,1250000,1000000
2019.06.05 11:02:26.378,1.12602,1.12605,3000000,1000000
2019.06.05 11:02:27.300,1.12602,1.12605,2370000,1120000
2019.06.05 11:02:28.320,1.12602,1.12605,2620000,1000000
2019.06.05 11:02:28.587,1.12601,1.12605,1870000,10090000
2019.06.05 11:02:28.689,1.12602,1.12604,1000000,1500000
2019.06.05 11:02:28.943,1.12602,1.12605,1000000,1000000
2019.06.05 11:02:31.087,1.12602,1.12604,1000000,3000000
2019.06.05 11:02:36.346,1.126,1.12601,1690000,4200000
2019.06.05 11:02:36.449,1.12598,1.12601,3940000,2000000
2019.06.05 11:02:36.657,1.12597,1.126,1500000,7740000
2019.06.05 11:02:36.759,1.12597,1.12601,6190000,4890000
2019.06.05 11:02:36.861,1.12597,1.12601,9620000,1500000
2019.06.05 11:02:36.964,1.12598,1.12601,8870000,1000000
2019.06.05 11:02:37.526,1.12601,1.12602,9940000,1870000
2019.06.05 11:02:37.629,1.12601,1.12602,6370000,3040000
2019.06.05 11:02:37.844,1.12602,1.12605,5940000,1000000
2019.06.05 11:02:38.571,1.12602,1.12605,2060000,1000000
2019.06.05 11:02:39.580,1.12602,1.12605,1500000,4310000
2019.06.05 11:02:42.291,1.12601,1.12602,1870000,2250000
2019.06.05 11:02:42.393,1.126,1.12601,3190000,1100000
2019.06.05 11:02:42.444,1.12598,1.12601,4560000,2190000
2019.06.05 11:02:43.313,1.12597,1.12601,2500000,2250000
2019.06.05 11:02:43.816,1.12599,1.12601,3370000,1870000
2019.06.05 11:02:43.919,1.126,1.12603,2750000,2060000
2019.06.05 11:02:44.023,1.12602,1.12604,4440000,1250000
2019.06.05 11:02:44.177,1.12602,1.12605,8620000,1310000
2019.06.05 11:02:44.561,1.12602,1.12604,1000000,2750000
2019.06.05 11:02:44.612,1.12601,1.12604,2060000,4270000
2019.06.05 11:02:44.714,1.12601,1.12603,2250000,1000000
2019.06.05 11:02:44.866,1.12599,1.12601,1500000,1010000
2019.06.05 11:02:45.174,1.12598,1.12602,1250000,4310000
2019.06.05 11:02:45.379,1.12599,1.12602,6000000,1250000
2019.06.05 11:02:45.482,1.126,1.12602,2620000,1000000
2019.06.05 11:02:45.584,1.12599,1.12602,3370000,8510000
2019.06.05 11:02:48.706,1.12599,1.12602,1370000,1500000
2019.06.05 11:02:48.808,1.12598,1.126,1000000,1200000
2019.06.05 11:02:48.910,1.12597,1.12601,7910000,2810000
2019.06.05 11:02:49.042,1.12597,1.126,1000000,3940000
2019.06.05 11:02:56.641,1.12597,1.12601,8850000,1000000
2019.06.05 11:02:57.625,1.12597,1.126,3940000,1950000
2019.06.05 11:02:57.728,1.12597,1.12599,7120000,1000000
2019.06.05 11:03:00.566,1.12596,1.12599,4200000,2620000
2019.06.05 11:03:03.710,1.12598,1.12599,2250000,1500000
2019.06.05 11:03:03.813,1.12597,1.12599,2250000,1620000
2019.06.05 11:03:03.915,1.12597,1.12599,1500000,1120000
2019.06.05 11:03:08.835,1.12597,1.126,1120000,1870000
2019.06.05 11:03:09.575,1.12597,1.12601,6190000,1540000
2019.06.05 11:03:10.024,1.12597,1.126,1000000,3790000
2019.06.05 11:03:10.158,1.12597,1.12601,6190000,1540000
2019.06.05 11:03:10.735,1.12598,1.12601,3600000,3190000
2019.06.05 11:03:10.837,1.12599,1.12601,1500000,1250000
2019.06.05 11:03:10.939,1.12598,1.12602,1310000,9840000
2019.06.05 11:03:10.990,1.12598,1.12601,1250000,9090000
2019.06.05 11:03:11.143,1.126,1.12604,10440000,7290000
2019.06.05 11:03:11.246,1.12601,1.12604,4500000,1310000
2019.06.05 11:03:11.449,1.12601,1.12603,1000000,2060000
2019.06.05 11:03:11.551,1.12601,1.12604,1690000,1310000
2019.06.05 11:03:11.959,1.12601,1.12603,1000000,2250000
2019.06.05 11:03:12.304,1.126,1.12603,2620000,3370000
2019.06.05 11:03:12.406,1.12599,1.12602,2620000,1570000
2019.06.05 11:03:13.326,1.126,1.12602,2620000,1500000
2019.06.05 11:03:13.898,1.12601,1.12604,2950000,1250000
2019.06.05 11:03:14.001,1.12602,1.12604,1870000,1010000
2019.06.05 11:03:14.125,1.12602,1.12605,3190000,1500000
2019.06.05 11:03:14.228,1.12602,1.12604,1500000,1000000
2019.06.05 11:03:16.490,1.12602,1.12605,3750000,3450000
2019.06.05 11:03:16.696,1.12602,1.12604,1870000,1950000
2019.06.05 11:03:16.798,1.12601,1.12605,2810000,11940000
2019.06.05 11:03:17.491,1.12601,1.12606,10500000,11960000
2019.06.05 11:03:17.948,1.12602,1.12605,1310000,2250000
2019.06.05 11:03:18.050,1.12601,1.12606,7870000,11210000
2019.06.05 11:03:18.331,1.12602,1.12605,1310000,1000000
2019.06.05 11:03:18.585,1.12602,1.12604,1000000,1000000
2019.06.05 11:03:18.789,1.12601,1.12604,1000000,11590000
2019.06.05 11:03:18.891,1.12601,1.12605,1310000,9710000
2019.06.05 11:03:19.508,1.12602,1.12606,16440001,1000000
2019.06.05 11:03:19.609,1.12601,1.12606,10440000,10460000
2019.06.05 11:03:20.450,1.12602,1.12606,16440001,1000000
2019.06.05 11:03:20.707,1.12601,1.12606,11190000,10460000
2019.06.05 11:03:21.708,1.12602,1.12605,1310000,1250000
2019.06.05 11:03:21.811,1.12603,1.12606,5370000,1500000
2019.06.05 11:03:21.914,1.12603,1.12607,3370000,2810000
2019.06.05 11:03:22.016,1.12604,1.12607,4310000,1250000
2019.06.05 11:03:22.184,1.12603,1.12606,1000000,6700000
2019.06.05 11:03:22.287,1.12604,1.12607,3940000,3940000
2019.06.05 11:03:22.389,1.12604,1.12607,3000000,6250000
2019.06.05 11:03:22.491,1.12604,1.12607,1500000,3190000
2019.06.05 11:03:22.593,1.12604,1.12608,9370000,1690000
2019.06.05 11:03:22.695,1.12604,1.12608,9370000,3620000
2019.06.05 11:03:23.139,1.12604,1.12605,1500000,1000000
2019.06.05 11:03:23.241,1.12603,1.12606,11470000,1100000
2019.06.05 11:03:23.344,1.12601,1.12604,1000000,8240000
2019.06.05 11:03:23.605,1.12601,1.12603,1500000,2760000
2019.06.05 11:03:23.707,1.12601,1.12604,4870000,1250000
2019.06.05 11:03:23.961,1.12601,1.12603,1500000,1370000
2019.06.05 11:03:25.138,1.12601,1.12604,6220000,1250000
2019.06.05 11:03:25.241,1.12601,1.12604,2250000,1250000
2019.06.05 11:03:26.451,1.12601,1.12603,1500000,1570000
2019.06.05 11:03:26.557,1.12599,1.12602,1000000,5140000
2019.06.05 11:03:26.760,1.12599,1.12601,1000000,4690000
2019.06.05 11:03:27.077,1.126,1.12602,3000000,1760000
2019.06.05 11:03:27.434,1.126,1.12603,10720000,1000000
2019.06.05 11:03:27.536,1.126,1.12602,1500000,1500000
2019.06.05 11:03:28.038,1.126,1.12603,9970000,1100000
2019.06.05 11:03:29.304,1.126,1.12602,1500000,1570000
2019.06.05 11:03:29.422,1.126,1.12603,8470000,1100000
2019.06.05 11:03:29.908,1.126,1.12602,1000000,1000000
2019.06.05 11:03:32.330,1.12599,1.12603,7350000,7540000
2019.06.05 11:03:32.685,1.126,1.12602,1500000,2250000
2019.06.05 11:03:32.786,1.126,1.12603,7650000,1000000
2019.06.05 11:03:32.896,1.126,1.12602,1000000,1000000
2019.06.05 11:03:33.049,1.126,1.12602,1000000,2690000
2019.06.05 11:03:34.181,1.12601,1.12603,1120000,1250000
2019.06.05 11:03:35.299,1.12601,1.12604,6370000,1250000
2019.06.05 11:03:36.315,1.126,1.12603,1000000,5310000
2019.06.05 11:03:36.417,1.126,1.12604,3370000,4560000
2019.06.05 11:03:37.501,1.126,1.12603,3370000,4310000
2019.06.05 11:03:40.081,1.126,1.12603,6070000,4120000
2019.06.05 11:03:40.361,1.126,1.12602,1000000,4120000
2019.06.05 11:03:40.516,1.12599,1.12601,1500000,1000000
2019.06.05 11:03:40.663,1.12598,1.12601,1500000,6190000
2019.06.05 11:03:40.765,1.126,1.12602,6450000,1000000
2019.06.05 11:03:40.918,1.126,1.12601,1500000,1000000
2019.06.05 11:03:41.020,1.126,1.12602,6640000,1000000
2019.06.05 11:03:42.039,1.126,1.12601,1000000,1000000
2019.06.05 11:03:42.369,1.126,1.12602,4840000,1000000
2019.06.05 11:03:42.489,1.12601,1.12603,1950000,1250000
2019.06.05 11:03:42.591,1.12602,1.12604,1690000,1250000
2019.06.05 11:03:46.005,1.12604,1.12606,6640000,1000000
2019.06.05 11:03:46.057,1.12604,1.12607,9990000,1000000
2019.06.05 11:03:46.159,1.12607,1.12608,1100000,1000000
2019.06.05 11:03:46.261,1.12607,1.12609,2250000,2620000
2019.06.05 11:03:46.481,1.12608,1.1261,1000000,1120000
2019.06.05 11:03:47.448,1.12608,1.12612,8190000,1250000
2019.06.05 11:03:47.676,1.12607,1.1261,1000000,7390000
2019.06.05 11:03:47.777,1.12607,1.12611,1870000,4200000
2019.06.05 11:03:47.981,1.12607,1.12611,2870000,5200000
2019.06.05 11:03:48.372,1.12607,1.1261,1500000,3640000
2019.06.05 11:03:48.783,1.12608,1.1261,2250000,1000000
2019.06.05 11:03:50.814,1.12607,1.12611,2620000,2810000
2019.06.05 11:03:50.966,1.12607,1.1261,1000000,3940000
2019.06.05 11:03:54.615,1.12608,1.12611,7000000,1250000
2019.06.05 11:03:55.124,1.12607,1.12611,4720000,7040000
2019.06.05 11:03:55.235,1.12607,1.1261,1000000,5250000
2019.06.05 11:03:55.337,1.12607,1.12611,5060000,1310000
2019.06.05 11:03:55.591,1.12607,1.1261,1000000,3070000
2019.06.05 11:03:55.919,1.12607,1.12611,10010000,2320000
2019.06.05 11:03:56.146,1.12607,1.1261,1500000,2810000
2019.06.05 11:03:57.224,1.12607,1.12609,1000000,1760000
2019.06.05 11:03:57.332,1.12605,1.12607,3000000,2400000
2019.06.05 11:03:57.435,1.12604,1.12605,1000000,2440000
2019.06.05 11:03:57.538,1.12604,1.12606,2810000,1000000
2019.06.05 11:03:57.641,1.12604,1.12605,1500000,1000000
2019.06.05 11:03:57.754,1.12604,1.12606,6300000,1000000
2019.06.05 11:03:58.477,1.12603,1.12607,12860000,1120000
2019.06.05 11:03:58.579,1.12602,1.12607,12390000,3940000
2019.06.05 11:03:58.683,1.12603,1.12605,1000000,1870000
2019.06.05 11:03:58.787,1.12602,1.12606,4690000,5500000
2019.06.05 11:03:58.940,1.12603,1.12607,8140000,1690000
2019.06.05 11:03:59.048,1.12603,1.12606,3750000,3560000
2019.06.05 11:03:59.151,1.12603,1.12606,2500000,1120000
2019.06.05 11:03:59.880,1.12603,1.12607,9640000,1120000
2019.06.05 11:03:59.982,1.12603,1.12606,1500000,2620000
2019.06.05 11:04:00.084,1.12603,1.12607,9490000,1310000
2019.06.05 11:04:00.186,1.12603,1.12606,1500000,1870000
2019.06.05 11:04:00.289,1.12603,1.12607,11850000,5060000
2019.06.05 11:04:00.440,1.12606,1.12608,2320000,1250000
2019.06.05 11:04:00.644,1.12605,1.12609,3940000,2870000
2019.06.05 11:04:00.964,1.12607,1.12609,1000000,1000000
2019.06.05 11:04:01.067,1.12606,1.12609,1120000,6070000
2019.06.05 11:04:01.921,1.12606,1.12608,1000000,1870000
2019.06.05 11:04:02.025,1.12605,1.12606,1000000,3750000
2019.06.05 11:04:02.078,1.12603,1.12606,1120000,1390000
2019.06.05 11:04:02.182,1.12603,1.12605,1000000,1690000
2019.06.05 11:04:02.322,1.12603,1.12606,3940000,1690000
2019.06.05 11:04:03.217,1.12603,1.12607,11620000,2890000
2019.06.05 11:04:04.220,1.12603,1.12606,2810000,2510000
2019.06.05 11:04:06.638,1.12602,1.12605,3000000,11140000
2019.06.05 11:04:06.740,1.12603,1.12607,5670000,1690000
2019.06.05 11:04:07.110,1.12603,1.12605,1250000,1000000
2019.06.05 11:04:07.231,1.12601,1.12605,3560000,10840000
2019.06.05 11:04:07.333,1.126,1.12604,3070000,8320000
2019.06.05 11:04:07.537,1.12601,1.12604,2250000,2000000
2019.06.05 11:04:07.683,1.12601,1.12605,7950000,1750000
2019.06.05 11:04:07.838,1.12603,1.12605,7870000,1250000
2019.06.05 11:04:07.992,1.12604,1.12606,1870000,8800000
2019.06.05 11:04:08.044,1.12607,1.12609,5320000,2500000
2019.06.05 11:04:10.062,1.12609,1.12611,5210000,1000000
2019.06.05 11:04:10.215,1.12609,1.12612,2620000,1000000
2019.06.05 11:04:10.267,1.12611,1.12612,3820000,1500000
2019.06.05 11:04:10.376,1.12611,1.12614,5590000,1500000
2019.06.05 11:04:10.429,1.12613,1.12615,2750000,1870000
2019.06.05 11:04:10.533,1.12613,1.12615,1300000,1690000
2019.06.05 11:04:11.927,1.12614,1.12616,1000000,1870000
2019.06.05 11:04:12.092,1.12614,1.12618,3690000,5290000
2019.06.05 11:04:12.297,1.12614,1.12618,2750000,7560000
2019.06.05 11:04:12.653,1.12615,1.12618,3120000,5010000
2019.06.05 11:04:12.775,1.12616,1.12618,1120000,1690000
2019.06.05 11:04:14.571,1.12617,1.12618,1000000,1000000
2019.06.05 11:04:16.644,1.12616,1.12618,1000000,8320000
2019.06.05 11:04:18.589,1.12616,1.12619,1120000,10570000
2019.06.05 11:04:19.639,1.12616,1.1262,3570000,7640000
2019.06.05 11:04:19.741,1.12616,1.1262,3070000,8450000
2019.06.05 11:04:19.892,1.12617,1.1262,1500000,1250000
2019.06.05 11:04:20.415,1.12616,1.1262,2250000,5810000
2019.06.05 11:04:21.501,1.12617,1.1262,3370000,1250000
2019.06.05 11:04:21.604,1.12616,1.1262,1120000,6440000
2019.06.05 11:04:25.071,1.12616,1.12619,1000000,10010000
2019.06.05 11:04:25.864,1.12614,1.12616,1000000,6710000
2019.06.05 11:04:26.019,1.12613,1.12615,2250000,1500000
2019.06.05 11:04:26.122,1.12612,1.12614,1000000,2120000
2019.06.05 11:04:26.223,1.12612,1.12615,1500000,2120000
2019.06.05 11:04:26.380,1.12612,1.12616,6260000,2870000
2019.06.05 11:04:26.894,1.12612,1.12615,1500000,4260000
2019.06.05 11:04:28.117,1.12612,1.12616,4690000,2870000
2019.06.05 11:04:29.079,1.12612,1.12616,4440000,2500000
2019.06.05 11:04:29.181,1.12612,1.12616,6940000,3620000
2019.06.05 11:04:29.761,1.12612,1.12616,8640000,3510000
2019.06.05 11:04:29.863,1.12612,1.12616,9260000,6890000
2019.06.05 11:04:30.039,1.12612,1.12616,3070000,2320000
2019.06.05 11:04:30.304,1.12612,1.12616,4250000,1690000
2019.06.05 11:04:30.862,1.12612,1.12616,5320000,1570000
2019.06.05 11:04:30.967,1.12612,1.12616,5820000,1950000
2019.06.05 11:04:32.666,1.12612,1.12614,2250000,3190000
2019.06.05 11:04:32.718,1.12611,1.12612,1000000,2620000
2019.06.05 11:04:32.820,1.12609,1.12613,7470000,4290000
2019.06.05 11:04:32.954,1.12609,1.12612,5040000,1310000
2019.06.05 11:04:33.107,1.12609,1.12611,3470000,1000000
2019.06.05 11:04:33.362,1.1261,1.12612,3540000,1000000
2019.06.05 11:04:33.464,1.12609,1.12612,3560000,1120000
2019.06.05 11:04:33.567,1.12611,1.12613,1200000,2440000
2019.06.05 11:04:33.670,1.12612,1.12613,1200000,1120000
2019.06.05 11:04:33.772,1.12612,1.12616,12790000,3370000
2019.06.05 11:04:35.665,1.12612,1.12615,1000000,2560000
2019.06.05 11:04:35.970,1.12612,1.12613,1500000,2620000
2019.06.05 11:04:36.074,1.12611,1.12613,2620000,1690000
2019.06.05 11:04:36.227,1.12611,1.12615,5960000,1250000
2019.06.05 11:04:36.330,1.12612,1.12615,3260000,1000000
2019.06.05 11:04:40.361,1.12613,1.12615,1200000,1000000
2019.06.05 11:04:40.893,1.12615,1.12616,1100000,1000000
2019.06.05 11:04:41.027,1.12617,1.12618,1000000,1500000
2019.06.05 11:04:41.079,1.12617,1.12621,3450000,3120000
2019.06.05 11:04:42.080,1.12617,1.1262,1000000,8140000
2019.06.05 11:04:42.605,1.12618,1.1262,1000000,1000000
2019.06.05 11:04:42.707,1.12617,1.1262,1000000,8140000
2019.06.05 11:04:42.809,1.12617,1.12621,5060000,5890000
2019.06.05 11:04:43.013,1.12618,1.12621,5060000,1000000
2019.06.05 11:04:43.166,1.12617,1.12621,5060000,6640000
2019.06.05 11:04:43.961,1.12618,1.1262,1000000,1000000
2019.06.05 11:04:44.063,1.12617,1.12621,5060000,5810000
2019.06.05 11:04:44.165,1.12618,1.1262,1870000,1500000
2019.06.05 11:04:44.517,1.12617,1.12621,2940000,5620000
2019.06.05 11:04:44.623,1.12618,1.12621,5560000,1000000
2019.06.05 11:04:44.908,1.12617,1.12621,6310000,5440000
2019.06.05 11:04:45.106,1.12618,1.1262,1310000,1000000
2019.06.05 11:04:46.137,1.12618,1.12621,2060000,1000000
2019.06.05 11:04:46.290,1.12618,1.12621,3700000,1000000
2019.06.05 11:04:46.514,1.12617,1.12621,2950000,1570000
2019.06.05 11:04:46.623,1.12617,1.12621,2890000,1760000
2019.06.05 11:04:48.459,1.12617,1.1262,1000000,2060000
2019.06.05 11:04:48.987,1.12617,1.1262,1250000,2120000
2019.06.05 11:04:51.179,1.12617,1.1262,1870000,1690000
2019.06.05 11:04:52.468,1.12617,1.1262,1620000,1120000
2019.06.05 11:04:52.618,1.12617,1.1262,1120000,1000000
2019.06.05 11:04:53.289,1.12616,1.1262,2810000,7200000
2019.06.05 11:04:53.392,1.12616,1.1262,8060000,5320000
2019.06.05 11:04:53.952,1.12615,1.12619,2470000,3370000
2019.06.05 11:04:54.004,1.12614,1.12616,1120000,1120000
2019.06.05 11:04:54.134,1.12612,1.12616,8000000,9310000
2019.06.05 11:04:55.043,1.12613,1.12616,3940000,1250000
2019.06.05 11:04:55.197,1.12613,1.12616,5690000,1250000
2019.06.05 11:04:55.300,1.12612,1.12616,3630000,4570000
2019.06.05 11:04:55.402,1.12612,1.12616,4370000,5810000
2019.06.05 11:04:55.504,1.12613,1.12616,3250000,1000000
2019.06.05 11:04:55.953,1.12612,1.12616,3250000,5440000
2019.06.05 11:04:59.429,1.12612,1.12616,7500000,2810000
2019.06.05 11:05:00.146,1.12613,1.12616,5450000,1250000
2019.06.05 11:05:00.248,1.12612,1.12616,1620000,2810000
2019.06.05 11:05:03.632,1.12612,1.12616,5320000,3450000
2019.06.05 11:05:04.595,1.12612,1.12615,2440000,5250000
2019.06.05 11:05:12.430,1.12612,1.12615,4370000,3560000
2019.06.05 11:05:13.875,1.12611,1.12612,4540000,1500000
2019.06.05 11:05:13.978,1.12607,1.12609,1000000,2620000
2019.06.05 11:05:14.080,1.12608,1.1261,1870000,1000000
2019.06.05 11:05:15.011,1.12609,1.1261,1120000,1000000
2019.06.05 11:05:15.122,1.1261,1.12614,3410000,6940000
2019.06.05 11:05:15.225,1.12612,1.12614,1120000,1000000
2019.06.05 11:05:16.013,1.12612,1.12615,1000000,1690000
2019.06.05 11:05:16.268,1.12612,1.12614,2440000,1690000
2019.06.05 11:05:17.580,1.12613,1.12615,3000000,1250000
2019.06.05 11:05:19.110,1.12613,1.12616,1870000,1690000
2019.06.05 11:05:20.195,1.12613,1.12616,3550000,1690000
2019.06.05 11:05:20.333,1.12613,1.12616,1200000,1690000
2019.06.05 11:05:20.537,1.12612,1.12615,3070000,2060000
2019.06.05 11:05:20.640,1.12612,1.12614,1000000,1250000
2019.06.05 11:05:22.142,1.12612,1.12614,2750000,1250000
2019.06.05 11:05:22.248,1.1261,1.12612,1500000,1250000
2019.06.05 11:05:22.300,1.12609,1.12612,5620000,1000000
2019.06.05 11:05:22.411,1.12609,1.12611,1000000,1250000
2019.06.05 11:05:22.668,1.12608,1.12612,5250000,5870000
2019.06.05 11:05:22.773,1.12608,1.12611,2250000,11500000
2019.06.05 11:05:22.875,1.1261,1.12611,1000000,1250000
2019.06.05 11:05:22.981,1.12611,1.12613,1000000,3850000
2019.06.05 11:05:23.083,1.12612,1.12614,1120000,1250000
2019.06.05 11:05:25.903,1.12611,1.12615,1500000,4120000
2019.06.05 11:05:26.056,1.12611,1.12615,2070000,5690000
2019.06.05 11:05:26.530,1.12611,1.12614,1500000,4570000
2019.06.05 11:05:26.633,1.12611,1.12614,2000000,1690000
2019.06.05 11:05:27.496,1.1261,1.12614,2700000,5690000
2019.06.05 11:05:28.942,1.1261,1.12613,1000000,7940000
2019.06.05 11:05:29.067,1.12609,1.12611,4690000,1000000
2019.06.05 11:05:29.220,1.12608,1.12611,1570000,1250000
2019.06.05 11:05:30.117,1.12609,1.12611,1120000,1120000
2019.06.05 11:05:30.220,1.12608,1.12611,1500000,2810000
2019.06.05 11:05:31.375,1.12609,1.12611,2620000,1120000
2019.06.05 11:05:31.478,1.12608,1.12611,3000000,6560000
2019.06.05 11:05:32.646,1.12609,1.12611,4570000,1120000
2019.06.05 11:05:33.940,1.12608,1.12611,4120000,3560000
2019.06.05 11:05:34.203,1.12608,1.1261,1000000,3560000
2019.06.05 11:05:40.396,1.12608,1.12611,4870000,1250000
2019.06.05 11:05:42.314,1.12607,1.12611,7690000,4540000
2019.06.05 11:05:42.419,1.12607,1.1261,2250000,5060000
2019.06.05 11:05:42.522,1.12608,1.1261,1000000,4690000
2019.06.05 11:05:44.372,1.12607,1.12611,5060000,5440000
2019.06.05 11:05:44.474,1.12607,1.12611,4990000,3190000
2019.06.05 11:05:44.957,1.12607,1.12609,1000000,1250000
2019.06.05 11:05:45.161,1.12607,1.1261,1100000,3790000
2019.06.05 11:05:46.556,1.12608,1.1261,1650000,1000000
2019.06.05 11:05:48.118,1.12607,1.1261,1570000,2060000
2019.06.05 11:05:49.047,1.12608,1.12611,3760000,1250000
2019.06.05 11:05:49.428,1.12607,1.1261,1100000,1870000
2019.06.05 11:05:49.632,1.12607,1.12611,3570000,3810000
2019.06.05 11:05:50.064,1.12607,1.1261,1950000,3000000
2019.06.05 11:05:50.412,1.12607,1.1261,1950000,3500000
2019.06.05 11:05:51.425,1.12607,1.1261,2070000,2620000
2019.06.05 11:05:53.446,1.12607,1.1261,1100000,1250000
2019.06.05 11:05:53.548,1.12607,1.12609,1000000,2440000
2019.06.05 11:05:57.800,1.12607,1.1261,1870000,1250000
2019.06.05 11:05:58.779,1.1261,1.12611,7500000,1000000
2019.06.05 11:05:58.882,1.12609,1.12611,5620000,2060000
2019.06.05 11:05:59.509,1.12608,1.12611,4200000,4120000
2019.06.05 11:05:59.783,1.12608,1.12611,2700000,3190000
2019.06.05 11:06:00.144,1.12608,1.12611,1250000,1000000
2019.06.05 11:06:00.321,1.12608,1.12611,8740000,1000000
2019.06.05 11:06:00.424,1.12607,1.12609,1000000,1500000
2019.06.05 11:06:00.526,1.12606,1.12609,1500000,4310000
2019.06.05 11:06:00.775,1.12606,1.12608,1000000,4690000
2019.06.05 11:06:00.950,1.12606,1.12609,1500000,3190000
2019.06.05 11:06:01.103,1.12605,1.12607,4690000,2810000
2019.06.05 11:06:01.247,1.12602,1.12605,5060000,4000000
2019.06.05 11:06:01.349,1.12601,1.12602,1000000,2060000
2019.06.05 11:06:01.503,1.12601,1.12603,1690000,1000000
2019.06.05 11:06:01.703,1.12601,1.12604,3520000,3000000
2019.06.05 11:06:02.060,1.12601,1.12603,1000000,7310000
2019.06.05 11:06:02.375,1.12601,1.12604,1870000,5810000
2019.06.05 11:06:03.548,1.12603,1.12605,1270000,1250000
2019.06.05 11:06:03.651,1.12603,1.12607,7400000,4690000
2019.06.05 11:06:03.821,1.12604,1.12606,1120000,1000000
2019.06.05 11:06:03.928,1.12603,1.12607,3200000,3940000
2019.06.05 11:06:05.732,1.12604,1.12607,3870000,1000000
2019.06.05 11:06:05.885,1.12605,1.12607,1500000,1000000
2019.06.05 11:06:06.012,1.12605,1.12608,6400000,2060000
2019.06.05 11:06:06.114,1.12606,1.12608,1000000,1870000
2019.06.05 11:06:06.472,1.12606,1.12609,1120000,1870000
2019.06.05 11:06:09.346,1.12606,1.1261,3370000,1250000
2019.06.05 11:06:11.104,1.12606,1.1261,7620000,9310000
2019.06.05 11:06:12.134,1.12608,1.1261,2700000,2500000
2019.06.05 11:06:12.300,1.12611,1.12612,2620000,1000000
2019.06.05 11:06:12.402,1.12611,1.12614,1000000,5810000
2019.06.05 11:06:12.504,1.12612,1.12614,1000000,1000000
2019.06.05 11:06:12.606,1.12611,1.12615,6190000,2440000
2019.06.05 11:06:12.709,1.12611,1.12614,1000000,6190000
2019.06.05 11:06:12.811,1.12612,1.12614,1000000,1000000
2019.06.05 11:06:12.916,1.12612,1.12615,7010000,1000000
2019.06.05 11:06:13.019,1.12612,1.12614,1500000,1000000
2019.06.05 11:06:13.529,1.12612,1.12615,3260000,1500000
2019.06.05 11:06:14.598,1.12612,1.12614,1000000,1000000
2019.06.05 11:06:14.732,1.12611,1.12615,7760000,8810000
2019.06.05 11:06:14.835,1.12612,1.12615,11890000,1000000
2019.06.05 11:06:14.938,1.12611,1.12615,7390000,6190000
2019.06.05 11:06:15.040,1.12611,1.12614,1000000,6190000
2019.06.05 11:06:15.143,1.12611,1.12615,7010000,5440000
2019.06.05 11:06:15.907,1.12611,1.12615,10820000,1870000
2019.06.05 11:06:16.270,1.12612,1.12614,3190000,1000000
2019.06.05 11:06:16.592,1.12611,1.12614,2440000,2620000
2019.06.05 11:06:17.800,1.12611,1.12614,1120000,2120000
2019.06.05 11:06:18.512,1.12611,1.12615,10260000,1310000
2019.06.05 11:06:18.738,1.12611,1.12614,4870000,5870000
2019.06.05 11:06:18.789,1.12611,1.12612,1000000,2060000
2019.06.05 11:06:18.892,1.12608,1.12609,1500000,1500000
2019.06.05 11:06:18.994,1.12606,1.12609,3870000,3070000
2019.06.05 11:06:19.130,1.12607,1.12609,6500000,1000000
2019.06.05 11:06:19.233,1.12607,1.12609,3750000,1000000
2019.06.05 11:06:19.386,1.12606,1.12609,5100000,2620000
2019.06.05 11:06:19.488,1.12606,1.12607,1500000,1000000
2019.06.05 11:06:19.590,1.12605,1.12607,15410000,1000000
2019.06.05 11:06:19.703,1.12604,1.12606,12640000,1000000
2019.06.05 11:06:20.536,1.12604,1.12606,5260000,1000000
2019.06.05 11:06:22.247,1.12604,1.12606,8050000,1000000
2019.06.05 11:06:22.349,1.12604,1.12606,7550000,1000000
2019.06.05 11:06:23.082,1.12604,1.12606,7300000,1000000
2019.06.05 11:06:24.459,1.12603,1.12606,13980000,1690000
2019.06.05 11:06:25.390,1.12604,1.12605,1000000,1000000
2019.06.05 11:06:25.491,1.12604,1.12606,6480000,1000000
2019.06.05 11:06:25.793,1.12604,1.12605,1000000,1000000
2019.06.05 11:06:25.894,1.12604,1.12606,5770000,1000000
2019.06.05 11:06:25.996,1.12604,1.12605,1000000,1000000
2019.06.05 11:06:26.124,1.12606,1.12608,13460000,1000000
2019.06.05 11:06:26.227,1.12607,1.12609,4310000,1000000
2019.06.05 11:06:26.536,1.12607,1.1261,5060000,2250000
2019.06.05 11:06:29.836,1.12607,1.12608,1000000,1000000
2019.06.05 11:06:29.989,1.12604,1.12605,9790000,12450000
2019.06.05 11:06:30.092,1.12598,1.126,1000000,2630000
2019.06.05 11:06:30.221,1.12598,1.12599,1870000,1500000
2019.06.05 11:06:30.325,1.12596,1.12598,1000000,1250000
2019.06.05 11:06:30.428,1.12595,1.12598,2250000,1310000
2019.06.05 11:06:30.770,1.12595,1.12597,1000000,2060000
2019.06.05 11:06:30.927,1.12595,1.12598,6750000,2060000
2019.06.05 11:06:34.124,1.12595,1.12598,1000000,9620000
2019.06.05 11:06:34.177,1.12597,1.12599,1570000,2120000
2019.06.05 11:06:34.280,1.12597,1.12599,2620000,4000000
2019.06.05 11:06:34.383,1.12596,1.126,8140000,2870000
2019.06.05 11:06:34.485,1.12596,1.12599,2620000,6250000
2019.06.05 11:06:34.587,1.12596,1.12599,1000000,3560000
2019.06.05 11:06:34.689,1.12596,1.126,6410000,1250000
2019.06.05 11:06:34.817,1.12596,1.12599,1000000,6940000
2019.06.05 11:06:34.920,1.12595,1.12597,1000000,10620000
2019.06.05 11:06:35.023,1.12594,1.12596,2250000,4810000
2019.06.05 11:06:35.125,1.12594,1.12595,4690000,1500000
2019.06.05 11:06:35.228,1.12592,1.12595,1690000,1370000
2019.06.05 11:06:35.391,1.12591,1.12595,1500000,4690000
2019.06.05 11:06:35.594,1.12591,1.12594,1000000,3690000
2019.06.05 11:06:35.718,1.12591,1.12595,5700000,4200000
2019.06.05 11:06:36.102,1.12591,1.12594,1500000,5440000
2019.06.05 11:06:36.482,1.12592,1.12594,1500000,1370000
2019.06.05 11:06:36.941,1.12591,1.12594,1000000,3620000
2019.06.05 11:06:37.121,1.12591,1.12594,1000000,3560000
2019.06.05 11:06:37.828,1.12591,1.12595,4120000,2060000
2019.06.05 11:06:37.932,1.1259,1.12595,9200000,11810000
2019.06.05 11:06:38.086,1.12591,1.12594,1120000,3320000
2019.06.05 11:06:38.189,1.12591,1.12594,1120000,2510000
2019.06.05 11:06:39.113,1.12592,1.12595,12570000,1000000
2019.06.05 11:06:39.464,1.12591,1.12592,1690000,1000000
2019.06.05 11:06:39.567,1.12589,1.1259,1870000,2250000
2019.06.05 11:06:39.729,1.12587,1.1259,2320000,3500000
2019.06.05 11:06:39.840,1.12587,1.1259,2500000,3260000
2019.06.05 11:06:40.694,1.12586,1.12589,1120000,1570000
2019.06.05 11:06:40.884,1.12585,1.12588,1310000,1620000
2019.06.05 11:06:40.935,1.12584,1.12588,6190000,5510000
2019.06.05 11:06:41.244,1.12585,1.12588,1310000,1000000
2019.06.05 11:06:41.449,1.12586,1.12588,1120000,1250000
2019.06.05 11:06:41.756,1.12586,1.12589,1100000,3000000
2019.06.05 11:06:42.267,1.12587,1.12589,1000000,3750000
2019.06.05 11:06:42.420,1.12586,1.12589,1000000,6070000
2019.06.05 11:06:42.524,1.12587,1.12589,1120000,1250000
2019.06.05 11:06:42.627,1.12586,1.12589,3000000,2810000
2019.06.05 11:06:43.104,1.12586,1.12588,2620000,1000000
2019.06.05 11:06:43.644,1.12586,1.12587,1000000,1000000
2019.06.05 11:06:43.746,1.12586,1.12588,2250000,1000000
2019.06.05 11:06:44.826,1.12586,1.12589,2620000,1690000
2019.06.05 11:06:44.928,1.12586,1.12589,1870000,8560000
2019.06.05 11:06:45.081,1.12588,1.12589,2620000,1250000
2019.06.05 11:06:50.304,1.12587,1.12589,1000000,1250000
2019.06.05 11:06:50.964,1.12589,1.12591,4950000,1000000
2019.06.05 11:06:51.066,1.12589,1.12592,3820000,1500000
2019.06.05 11:06:51.170,1.12589,1.12593,5140000,4120000
2019.06.05 11:06:51.273,1.12589,1.12593,9310000,1870000
2019.06.05 11:06:51.641,1.12589,1.12592,1000000,5000000
2019.06.05 11:06:51.744,1.12589,1.12593,8810000,2620000
2019.06.05 11:06:52.012,1.12589,1.12591,1000000,3370000
2019.06.05 11:06:52.116,1.1259,1.12592,2250000,1500000
2019.06.05 11:06:52.220,1.12589,1.12592,1620000,1250000
2019.06.05 11:06:53.165,1.1259,1.12592,1000000,2060000
2019.06.05 11:06:53.267,1.12591,1.12594,1220000,2440000
2019.06.05 11:06:53.369,1.12592,1.12595,1870000,4260000
2019.06.05 11:06:53.521,1.12592,1.12595,1120000,4200000
2019.06.05 11:06:54.408,1.12592,1.12596,4870000,3260000
2019.06.05 11:06:54.615,1.12592,1.12595,1000000,5140000
2019.06.05 11:06:55.692,1.12592,1.12596,5620000,2810000
2019.06.05 11:06:56.028,1.12592,1.12595,1000000,6560000
2019.06.05 11:06:56.130,1.12592,1.12596,13500000,5060000
2019.06.05 11:06:57.062,1.12593,1.12597,6070000,9250000
2019.06.05 11:06:57.175,1.12595,1.12598,2250000,4760000
2019.06.05 11:06:57.277,1.12595,1.12598,2250000,3810000
2019.06.05 11:06:57.633,1.12594,1.12597,2620000,4010000
2019.06.05 11:06:57.792,1.12593,1.12597,8500000,2500000
2019.06.05 11:06:58.353,1.12594,1.12597,5620000,1250000
2019.06.05 11:06:58.769,1.12594,1.12596,1000000,3190000
2019.06.05 11:06:58.871,1.12595,1.12598,5940000,1120000
2019.06.05 11:06:59.807,1.12595,1.12598,4290000,1120000
2019.06.05 11:07:00.213,1.12595,1.12597,1000000,2960000
2019.06.05 11:07:00.315,1.12595,1.12598,4500000,1000000
2019.06.05 11:07:00.620,1.12596,1.12598,1500000,1250000
2019.06.05 11:07:00.735,1.12596,1.12599,3820000,1250000
2019.06.05 11:07:02.624,1.12596,1.12598,1000000,1310000
2019.06.05 11:07:02.726,1.12596,1.12599,3750000,1310000
2019.06.05 11:07:02.872,1.12596,1.12598,1120000,1870000
2019.06.05 11:07:03.223,1.12597,1.12599,2250000,1690000
2019.06.05 11:07:03.488,1.12597,1.12601,3560000,2060000
2019.06.05 11:07:04.637,1.12597,1.126,1500000,3260000
2019.06.05 11:07:04.739,1.12598,1.12599,2620000,1000000
2019.06.05 11:07:04.892,1.12597,1.12599,4690000,1250000
2019.06.05 11:07:09.008,1.12597,1.126,3000000,5060000
2019.06.05 11:07:12.513,1.12597,1.12599,1500000,5700000
2019.06.05 11:07:12.615,1.12597,1.126,2620000,2440000
2019.06.05 11:07:13.023,1.12597,1.12599,1500000,2810000
2019.06.05 11:07:13.126,1.12597,1.126,1870000,2440000
2019.06.05 11:07:14.580,1.12597,1.12598,1500000,1200000
2019.06.05 11:07:14.683,1.12596,1.12598,1500000,1310000
2019.06.05 11:07:14.794,1.12595,1.12596,2250000,2890000
2019.06.05 11:07:14.846,1.12593,1.12596,6000000,1500000
2019.06.05 11:07:14.948,1.12592,1.12594,1000000,3170000
2019.06.05 11:07:15.050,1.12592,1.12594,1500000,1310000
2019.06.05 11:07:18.429,1.12592,1.12594,1000000,3290000
2019.06.05 11:07:18.532,1.12592,1.12594,1000000,2510000
2019.06.05 11:07:18.760,1.12592,1.12595,3750000,4010000
2019.06.05 11:07:19.095,1.12592,1.12595,4120000,4510000
2019.06.05 11:07:19.808,1.12592,1.12594,1500000,2140000
2019.06.05 11:07:20.202,1.12591,1.12593,2250000,7460000
2019.06.05 11:07:20.304,1.12591,1.12594,2250000,3940000
2019.06.05 11:07:20.508,1.12591,1.12594,1500000,2910000
2019.06.05 11:07:20.619,1.12591,1.12594,2250000,4460000
2019.06.05 11:07:21.129,1.12592,1.12594,1690000,1250000
2019.06.05 11:07:21.232,1.12593,1.12595,2620000,1000000
2019.06.05 11:07:21.356,1.12594,1.12596,2250000,1000000
2019.06.05 11:07:21.460,1.12596,1.12597,2620000,1000000
2019.06.05 11:07:21.565,1.12597,1.12599,2250000,1000000
2019.06.05 11:07:21.668,1.12596,1.12599,1500000,3710000
2019.06.05 11:07:21.826,1.12597,1.12598,1000000,1570000
2019.06.05 11:07:22.341,1.12597,1.126,4120000,1100000
2019.06.05 11:07:22.443,1.12598,1.126,1500000,1000000
2019.06.05 11:07:22.646,1.12598,1.12599,1000000,1500000
2019.06.05 11:07:22.860,1.12598,1.126,2250000,1500000
2019.06.05 11:07:22.962,1.12598,1.12601,5060000,1000000
2019.06.05 11:07:23.376,1.12597,1.12601,5060000,3710000
2019.06.05 11:07:23.541,1.12598,1.12601,5440000,1100000
2019.06.05 11:07:23.642,1.12598,1.126,2250000,1690000
2019.06.05 11:07:23.744,1.12598,1.12601,2620000,1250000
2019.06.05 11:07:24.511,1.12601,1.12602,3000000,1000000
2019.06.05 11:07:24.614,1.12601,1.12603,1000000,3750000
2019.06.05 11:07:24.757,1.12602,1.12604,2810000,1250000
2019.06.05 11:07:25.220,1.12603,1.12605,3000000,1000000
2019.06.05 11:07:25.341,1.12602,1.12605,1000000,8210000
2019.06.05 11:07:25.630,1.12603,1.12606,6370000,1100000
2019.06.05 11:07:25.732,1.12602,1.12606,4120000,9340000
2019.06.05 11:07:25.834,1.12603,1.12606,5620000,1950000
2019.06.05 11:07:26.191,1.12604,1.12606,3560000,1390000
2019.06.05 11:07:26.446,1.12604,1.12605,1000000,1250000
2019.06.05 11:07:28.109,1.12604,1.12606,11810000,3940000
2019.06.05 11:07:28.212,1.12606,1.12607,2250000,1000000
2019.06.05 11:07:28.315,1.12605,1.12608,1500000,4460000
2019.06.05 11:07:28.467,1.12606,1.12607,1000000,2250000
2019.06.05 11:07:28.700,1.12606,1.12609,4120000,2510000
2019.06.05 11:07:28.803,1.12606,1.12609,2620000,5260000
2019.06.05 11:07:28.905,1.12606,1.12609,1120000,6710000
2019.06.05 11:07:29.007,1.12606,1.12609,1120000,9360000
2019.06.05 11:07:29.109,1.12606,1.12609,1120000,6710000
2019.06.05 11:07:29.217,1.12606,1.12609,1120000,8270000
2019.06.05 11:07:29.726,1.12606,1.1261,6370000,8640000
2019.06.05 11:07:29.927,1.12607,1.12609,1000000,1390000
2019.06.05 11:07:30.082,1.12607,1.12609,1000000,1200000
2019.06.05 11:07:30.500,1.12606,1.12609,1000000,10110000
2019.06.05 11:07:31.383,1.12607,1.1261,3750000,5590000
2019.06.05 11:07:31.536,1.12608,1.12611,4120000,1120000
2019.06.05 11:07:31.955,1.1261,1.12611,2620000,3190000
2019.06.05 11:07:32.008,1.12611,1.12614,3870000,1690000
2019.06.05 11:07:32.060,1.12611,1.12615,7760000,3190000
2019.06.05 11:07:32.213,1.12612,1.12615,3750000,3560000
2019.06.05 11:07:33.652,1.12613,1.12615,1500000,1000000
2019.06.05 11:07:33.755,1.12612,1.12615,1120000,4010000
2019.06.05 11:07:34.333,1.12613,1.12615,1120000,1000000
2019.06.05 11:07:34.494,1.12612,1.12615,1120000,2810000
2019.06.05 11:07:34.926,1.12611,1.12614,1500000,6510000
2019.06.05 11:07:35.079,1.12611,1.12614,2230000,3560000
2019.06.05 11:07:35.283,1.12612,1.12614,1120000,1000000
2019.06.05 11:07:35.405,1.12613,1.12615,1120000,1000000
2019.06.05 11:07:36.118,1.12612,1.12615,1310000,2250000
2019.06.05 11:07:36.219,1.12612,1.12614,1000000,2250000
2019.06.05 11:07:36.322,1.12612,1.12615,1120000,3190000
2019.06.05 11:07:36.780,1.12613,1.12616,11000000,1000000
2019.06.05 11:07:37.261,1.12613,1.12616,4870000,1250000
2019.06.05 11:07:37.415,1.12613,1.12616,4310000,1000000
2019.06.05 11:07:37.518,1.12614,1.12615,1000000,1000000
2019.06.05 11:07:37.620,1.12613,1.12615,1690000,1570000
2019.06.05 11:07:37.747,1.12613,1.12616,8060000,1570000
2019.06.05 11:07:38.670,1.12613,1.12615,1000000,1000000
2019.06.05 11:07:38.813,1.12612,1.12613,1500000,1760000
2019.06.05 11:07:38.865,1.1261,1.12612,6490000,1660000
2019.06.05 11:07:38.967,1.1261,1.12612,3370000,1010000
2019.06.05 11:07:39.070,1.12609,1.12611,1000000,3890000
2019.06.05 11:07:39.173,1.12609,1.12612,3370000,3140000
2019.06.05 11:07:39.720,1.1261,1.12613,3310000,5500000
2019.06.05 11:07:39.823,1.12612,1.12615,4870000,3260000
2019.06.05 11:07:40.231,1.12613,1.12615,1000000,1200000
2019.06.05 11:07:41.353,1.12612,1.12615,1000000,3520000
2019.06.05 11:07:41.556,1.12612,1.12616,3190000,2590000
2019.06.05 11:07:42.079,1.12612,1.12615,1000000,7090000
2019.06.05 11:07:42.509,1.12612,1.12616,3370000,2960000
2019.06.05 11:07:42.611,1.12613,1.12616,3370000,4500000
2019.06.05 11:07:42.766,1.12614,1.12616,3000000,1250000
2019.06.05 11:07:43.187,1.12613,1.12616,1870000,2890000
2019.06.05 11:07:44.469,1.12614,1.12616,1500000,1000000
2019.06.05 11:07:47.033,1.12612,1.12615,2750000,4460000
2019.06.05 11:07:48.427,1.12612,1.12613,1870000,1390000
2019.06.05 11:07:48.568,1.12608,1.12611,3940000,6300000
2019.06.05 11:07:48.671,1.12607,1.12611,3620000,3150000
2019.06.05 11:07:48.824,1.12608,1.12611,3560000,1200000
2019.06.05 11:07:48.926,1.12608,1.1261,2250000,1950000
2019.06.05 11:07:49.155,1.12607,1.12611,4310000,7990000
2019.06.05 11:07:49.308,1.12607,1.1261,1000000,8660000
2019.06.05 11:07:49.409,1.12607,1.12611,3560000,7910000
2019.06.05 11:07:50.564,1.12608,1.1261,2250000,1950000
2019.06.05 11:07:50.666,1.12608,1.12611,2060000,1200000
2019.06.05 11:07:51.735,1.1261,1.12612,7250000,1690000
2019.06.05 11:07:51.837,1.12612,1.12615,3560000,2170000
2019.06.05 11:07:52.042,1.12612,1.12615,1310000,3170000
2019.06.05 11:08:03.419,1.12615,1.12616,5250000,1000000
2019.06.05 11:08:03.622,1.12614,1.12616,4500000,1000000
2019.06.05 11:08:03.725,1.12615,1.12617,4620000,2440000
2019.06.05 11:08:03.776,1.12617,1.12619,3500000,1250000
2019.06.05 11:08:03.879,1.12616,1.12618,2250000,1250000
2019.06.05 11:08:04.002,1.12617,1.1262,3870000,2620000
2019.06.05 11:08:04.307,1.12617,1.1262,1120000,3940000
2019.06.05 11:08:04.741,1.12617,1.1262,2620000,4370000
2019.06.05 11:08:04.945,1.12617,1.1262,2250000,3070000
2019.06.05 11:08:05.046,1.12617,1.12621,6940000,1690000
2019.06.05 11:08:05.854,1.12617,1.1262,1000000,3450000
2019.06.05 11:08:06.630,1.12617,1.1262,1000000,4640000
2019.06.05 11:08:06.897,1.12616,1.12618,1000000,6520000
2019.06.05 11:08:06.999,1.12616,1.12618,1000000,3370000
2019.06.05 11:08:07.101,1.12618,1.1262,3560000,1250000
2019.06.05 11:08:07.407,1.12618,1.12619,1000000,1760000
2019.06.05 11:08:07.509,1.12618,1.1262,2060000,2440000
2019.06.05 11:08:10.060,1.12617,1.1262,4120000,1690000
2019.06.05 11:08:12.067,1.12617,1.12618,2250000,2620000
2019.06.05 11:08:12.243,1.12614,1.12615,6600000,6370000
2019.06.05 11:08:12.345,1.1261,1.12612,1120000,5590000
2019.06.05 11:08:12.396,1.1261,1.12612,4880000,1200000
2019.06.05 11:08:12.499,1.1261,1.12611,1000000,1000000
2019.06.05 11:08:12.769,1.12609,1.1261,1000000,1500000
2019.06.05 11:08:12.871,1.1261,1.12611,5250000,1000000
2019.06.05 11:08:12.973,1.12609,1.1261,1000000,1000000
2019.06.05 11:08:13.075,1.12608,1.1261,1000000,2400000
2019.06.05 11:08:13.404,1.12609,1.1261,1000000,1000000
2019.06.05 11:08:13.729,1.12609,1.12611,1500000,1000000
2019.06.05 11:08:14.243,1.12609,1.12611,1000000,19910000
2019.06.05 11:08:14.295,1.12611,1.12613,1500000,1500000
2019.06.05 11:08:14.705,1.12612,1.12615,5440000,1500000
2019.06.05 11:08:14.808,1.12614,1.12615,1500000,1000000
2019.06.05 11:08:14.912,1.12614,1.12616,2440000,1500000
2019.06.05 11:08:15.015,1.12614,1.12617,5440000,3560000
2019.06.05 11:08:15.125,1.12616,1.12618,4500000,1310000
2019.06.05 11:08:15.229,1.12615,1.12616,1000000,1950000
2019.06.05 11:08:15.332,1.12616,1.12618,2250000,2060000
2019.06.05 11:08:15.436,1.12617,1.1262,3000000,3000000
2019.06.05 11:08:16.769,1.12617,1.1262,2060000,2570000
2019.06.05 11:08:23.902,1.12617,1.12619,1000000,4070000
2019.06.05 11:08:25.985,1.12617,1.1262,1310000,1750000
2019.06.05 11:08:33.032,1.12618,1.12621,3870000,3890000
2019.06.05 11:08:33.084,1.12621,1.12622,1870000,1690000
2019.06.05 11:08:33.136,1.12622,1.12625,1520000,1690000
2019.06.05 11:08:33.238,1.12623,1.12626,1870000,1000000
2019.06.05 11:08:33.289,1.12625,1.12627,12500000,1500000
2019.06.05 11:08:33.391,1.12624,1.12626,5620000,6070000
2019.06.05 11:08:33.942,1.12623,1.12625,1000000,1500000
2019.06.05 11:08:34.096,1.12622,1.12626,6220000,6640000
2019.06.05 11:08:34.198,1.12622,1.12626,2810000,7150000
2019.06.05 11:08:39.262,1.12622,1.12626,1500000,11510000
2019.06.05 11:08:39.618,1.12623,1.12626,2000000,6750000
2019.06.05 11:08:39.737,1.12624,1.12626,6000000,7500000
2019.06.05 11:08:39.789,1.12626,1.12628,3900000,11850000
2019.06.05 11:08:39.840,1.12628,1.12631,3940000,3000000
2019.06.05 11:08:39.943,1.12628,1.12631,2440000,4570000
2019.06.05 11:08:40.047,1.12628,1.1263,3370000,1250000
2019.06.05 11:08:40.155,1.12627,1.12629,1500000,2250000
2019.06.05 11:08:40.207,1.12625,1.12628,5810000,1870000
2019.06.05 11:08:40.360,1.12624,1.12627,8620000,2750000
2019.06.05 11:08:40.513,1.12624,1.12627,10680000,1120000
2019.06.05 11:08:40.615,1.12625,1.12627,9560000,1000000
2019.06.05 11:08:40.765,1.12625,1.12627,12340000,1000000
2019.06.05 11:08:40.867,1.12624,1.12627,13840000,2120000
2019.06.05 11:08:40.969,1.12624,1.12627,17959999,1120000
2019.06.05 11:08:41.275,1.12623,1.12626,3370000,1500000
2019.06.05 11:08:42.047,1.12623,1.12626,2620000,1120000
2019.06.05 11:08:42.179,1.12623,1.12626,7560000,1120000
2019.06.05 11:08:42.282,1.12623,1.12626,8730000,1500000
2019.06.05 11:08:42.459,1.12623,1.12625,2250000,1120000
2019.06.05 11:08:42.562,1.12622,1.12626,10440000,2000000
2019.06.05 11:08:43.500,1.12622,1.12626,4120000,2560000
2019.06.05 11:08:43.842,1.12623,1.12625,1000000,1120000
2019.06.05 11:08:43.944,1.12622,1.12626,2620000,4140000
2019.06.05 11:08:46.527,1.12624,1.12626,8250000,1120000
2019.06.05 11:08:46.680,1.12624,1.12625,1000000,1120000
2019.06.05 11:08:46.919,1.12623,1.12626,1000000,6000000
2019.06.05 11:08:47.021,1.12624,1.12626,1000000,1000000
2019.06.05 11:08:47.217,1.12624,1.12627,6900000,1000000
2019.06.05 11:08:47.491,1.12624,1.12626,4870000,1000000
2019.06.05 11:08:48.616,1.12624,1.12627,6000000,2440000
2019.06.05 11:08:48.928,1.12624,1.12626,1500000,2250000
2019.06.05 11:08:49.030,1.12624,1.12627,7870000,1500000
2019.06.05 11:08:49.336,1.12625,1.12627,5620000,1000000
2019.06.05 11:08:49.481,1.12624,1.12626,1120000,4970000
2019.06.05 11:08:49.583,1.12623,1.12626,1870000,3190000
2019.06.05 11:08:49.685,1.12623,1.12626,1870000,1750000
2019.06.05 11:08:50.094,1.12623,1.12626,1870000,2510000
2019.06.05 11:08:50.809,1.12624,1.12626,3000000,1000000
2019.06.05 11:08:50.911,1.12624,1.12627,7870000,2100000
2019.06.05 11:08:51.013,1.12624,1.12626,4500000,2100000
2019.06.05 11:08:51.402,1.12624,1.12627,4870000,1690000
2019.06.05 11:08:52.133,1.12624,1.12626,1000000,1000000
2019.06.05 11:08:54.003,1.12624,1.12626,4500000,1690000
2019.06.05 11:08:54.156,1.12624,1.12627,9940000,1500000
2019.06.05 11:08:54.258,1.12624,1.12626,2250000,1500000
2019.06.05 11:08:54.817,1.12623,1.12627,12750000,7160000
2019.06.05 11:08:54.970,1.12625,1.12626,1000000,1690000
2019.06.05 11:08:55.551,1.12624,1.12626,1500000,7310000
2019.06.05 11:08:55.763,1.12625,1.12626,1500000,1000000
2019.06.05 11:08:56.259,1.12624,1.12626,1500000,3190000
2019.06.05 11:08:56.413,1.12623,1.12626,5850000,1000000
2019.06.05 11:08:56.522,1.12622,1.12626,1870000,1310000
2019.06.05 11:08:56.624,1.12624,1.12626,1000000,1000000
2019.06.05 11:08:56.727,1.12624,1.12627,7120000,1000000
2019.06.05 11:08:56.879,1.12624,1.12626,2250000,1000000
2019.06.05 11:08:56.981,1.12624,1.12627,5250000,1000000
2019.06.05 11:08:57.083,1.12625,1.12626,3000000,1560000
2019.06.05 11:08:57.186,1.12626,1.12627,1500000,1000000
2019.06.05 11:08:57.327,1.12625,1.12627,3750000,2570000
2019.06.05 11:08:57.429,1.12624,1.12626,1870000,2040000
2019.06.05 11:08:57.532,1.12625,1.12626,2620000,1000000
2019.06.05 11:08:57.634,1.12624,1.12626,1120000,1250000
2019.06.05 11:08:57.946,1.12623,1.12625,1000000,2250000
2019.06.05 11:08:58.048,1.12622,1.12625,1000000,1390000
2019.06.05 11:08:58.429,1.12623,1.12625,1500000,1000000
2019.06.05 11:08:59.112,1.12623,1.12624,1120000,2250000
2019.06.05 11:08:59.431,1.12622,1.12626,2190000,6560000
2019.06.05 11:08:59.776,1.12622,1.12625,1870000,5640000
2019.06.05 11:08:59.879,1.12625,1.12628,2000000,2440000
2019.06.05 11:09:00.016,1.12625,1.12628,1500000,13610000
2019.06.05 11:09:00.069,1.12625,1.12629,1870000,24580000
2019.06.05 11:09:00.273,1.12627,1.12629,3560000,1690000
2019.06.05 11:09:00.375,1.12626,1.12629,2060000,3770000
2019.06.05 11:09:00.526,1.12626,1.12629,4310000,3480000
2019.06.05 11:09:00.629,1.12625,1.12627,1000000,4360000
2019.06.05 11:09:00.731,1.12624,1.12627,4750000,4530000
2019.06.05 11:09:00.833,1.12624,1.12626,1500000,2350000
2019.06.05 11:09:00.986,1.12624,1.12627,12190000,1040000
2019.06.05 11:09:01.092,1.12624,1.12627,12540000,1530000
2019.06.05 11:09:01.499,1.12624,1.12627,11790000,1000000
2019.06.05 11:09:01.550,1.12624,1.12627,4500000,7970000
2019.06.05 11:09:01.829,1.12624,1.12627,4690000,2580000
2019.06.05 11:09:02.135,1.12624,1.12627,3940000,5080000
2019.06.05 11:09:02.390,1.12624,1.12627,3190000,4600000
2019.06.05 11:09:02.749,1.12624,1.12626,1000000,2280000
2019.06.05 11:09:03.657,1.12624,1.12627,9190000,2830000
2019.06.05 11:09:03.759,1.12624,1.12627,2250000,7340000
2019.06.05 11:09:03.861,1.12624,1.12627,1000000,19420000
2019.06.05 11:09:03.963,1.12625,1.12628,1120000,14700000
2019.06.05 11:09:04.066,1.12625,1.12627,3000000,3220000
2019.06.05 11:09:04.182,1.12624,1.12627,3310000,13470000
2019.06.05 11:09:04.336,1.12624,1.12627,3370000,8420000
2019.06.05 11:09:04.438,1.12624,1.12626,1500000,12460000
2019.06.05 11:09:04.540,1.12624,1.12627,2250000,10930000
2019.06.05 11:09:04.642,1.12624,1.12627,2500000,18500000
2019.06.05 11:09:04.744,1.12624,1.12627,3000000,13500000
2019.06.05 11:09:04.880,1.12624,1.12626,1000000,3010000
2019.06.05 11:09:05.083,1.12624,1.12626,1000000,1060000
2019.06.05 11:09:05.649,1.12624,1.12627,9000000,1000000
2019.06.05 11:09:05.903,1.12624,1.12626,1000000,1000000
2019.06.05 11:09:06.409,1.12624,1.12626,1000000,1060000
2019.06.05 11:09:07.385,1.12624,1.12626,6370000,2250000
2019.06.05 11:09:08.230,1.12625,1.12627,7310000,2110000
2019.06.05 11:09:08.333,1.12625,1.12627,2120000,2560000
2019.06.05 11:09:08.435,1.12625,1.12628,2060000,1920000
2019.06.05 11:09:08.668,1.12624,1.12627,2620000,4320000
2019.06.05 11:09:08.770,1.12624,1.12626,1000000,3070000
2019.06.05 11:09:08.873,1.12626,1.12627,5250000,1440000
2019.06.05 11:09:08.975,1.12624,1.12627,6370000,1510000
2019.06.05 11:09:09.129,1.12625,1.12629,2940000,3610000
2019.06.05 11:09:09.249,1.12626,1.12629,1500000,5360000
2019.06.05 11:09:09.351,1.12626,1.12629,1500000,3580000
2019.06.05 11:09:10.049,1.12627,1.12629,1500000,2560000
2019.06.05 11:09:11.259,1.12627,1.12629,1000000,4250000
2019.06.05 11:09:11.361,1.12626,1.1263,2620000,13000000
2019.06.05 11:09:11.768,1.12626,1.1263,3370000,9340000
2019.06.05 11:09:11.871,1.12625,1.12626,1350000,6860000
2019.06.05 11:09:11.975,1.12623,1.12624,1250000,1870000
2019.06.05 11:09:12.690,1.12623,1.12626,8250000,5770000
2019.06.05 11:09:13.017,1.12623,1.12626,1120000,5050000
2019.06.05 11:09:13.216,1.12623,1.12626,1120000,2770000
2019.06.05 11:09:13.402,1.12623,1.12626,1370000,2770000
2019.06.05 11:09:13.504,1.12623,1.12626,1120000,2770000
2019.06.05 11:09:13.907,1.12624,1.12627,8190000,1000000
2019.06.05 11:09:14.009,1.12625,1.12627,1500000,2250000
2019.06.05 11:09:14.173,1.12624,1.12626,2250000,1000000
2019.06.05 11:09:14.504,1.12623,1.12627,6940000,3900000
2019.06.05 11:09:14.606,1.12623,1.12626,1000000,9150000
2019.06.05 11:09:14.708,1.12623,1.12627,2810000,4650000
2019.06.05 11:09:14.892,1.12623,1.12626,1000000,1650000
2019.06.05 11:09:15.047,1.12623,1.12627,6190000,2420000
2019.06.05 11:09:15.149,1.12623,1.12627,3310000,1650000
2019.06.05 11:09:15.556,1.12625,1.12627,6690000,1000000
2019.06.05 11:09:15.678,1.12626,1.12627,1120000,1000000
2019.06.05 11:09:15.731,1.12624,1.12627,1120000,6940000
2019.06.05 11:09:15.782,1.12626,1.12627,1120000,1000000
2019.06.05 11:09:15.833,1.12624,1.12627,1000000,7310000
2019.06.05 11:09:15.935,1.12625,1.12627,1000000,1500000
2019.06.05 11:09:16.039,1.12626,1.12628,2810000,1100000
2019.06.05 11:09:16.141,1.12626,1.12627,1500000,1000000
2019.06.05 11:09:16.394,1.12626,1.12628,2440000,1000000
2019.06.05 11:09:16.497,1.12625,1.12627,1690000,1200000
2019.06.05 11:09:16.600,1.12626,1.12627,1500000,1000000
2019.06.05 11:09:16.652,1.12626,1.12628,4690000,3190000
2019.06.05 11:09:16.754,1.12626,1.12628,3060000,1000000
2019.06.05 11:09:16.940,1.12626,1.12628,1120000,3750000
2019.06.05 11:09:17.143,1.12627,1.12629,5190000,1000000
2019.06.05 11:09:17.245,1.12626,1.12629,3310000,1500000
2019.06.05 11:09:17.449,1.12626,1.12629,2560000,2720000
2019.06.05 11:09:17.575,1.12626,1.12629,1310000,3470000
2019.06.05 11:09:17.728,1.12626,1.12628,1000000,3470000
2019.06.05 11:09:18.506,1.12627,1.12629,1310000,1100000
2019.06.05 11:09:19.447,1.12628,1.12631,8620000,1000000
2019.06.05 11:09:20.437,1.12628,1.12631,3370000,1000000
2019.06.05 11:09:21.032,1.12627,1.12631,3370000,4440000
2019.06.05 11:09:21.494,1.12628,1.12631,4440000,2770000
2019.06.05 11:09:21.613,1.12629,1.12631,4440000,1010000
2019.06.05 11:09:21.716,1.1263,1.12631,2620000,1000000
2019.06.05 11:09:21.819,1.12632,1.12633,1500000,1000000
2019.06.05 11:09:21.871,1.12632,1.12634,2060000,1250000
2019.06.05 11:09:21.975,1.1263,1.12632,1500000,6170000
2019.06.05 11:09:22.125,1.1263,1.12632,2620000,1220000
2019.06.05 11:09:22.177,1.12629,1.12631,1500000,3450000
2019.06.05 11:09:22.440,1.12629,1.12632,8250000,1250000
2019.06.05 11:09:22.973,1.12629,1.12631,1500000,3040000
2019.06.05 11:09:23.075,1.12629,1.12632,5620000,3040000
2019.06.05 11:09:23.178,1.1263,1.12632,3370000,1500000
2019.06.05 11:09:23.333,1.12629,1.12632,2060000,2900000
2019.06.05 11:09:23.465,1.12629,1.12631,2620000,2000000
2019.06.05 11:09:23.567,1.12629,1.12632,4690000,1030000
2019.06.05 11:09:23.669,1.12629,1.12632,6250000,1710000
2019.06.05 11:09:24.385,1.1263,1.12632,3000000,1000000
2019.06.05 11:09:24.589,1.12629,1.12632,3000000,10630000
2019.06.05 11:09:25.180,1.1263,1.12632,1810000,1690000
2019.06.05 11:09:25.334,1.12629,1.12632,1120000,4290000
2019.06.05 11:09:25.435,1.1263,1.12632,2500000,1710000
2019.06.05 11:09:25.839,1.1263,1.12632,1000000,1280000
2019.06.05 11:09:26.322,1.12629,1.12632,2250000,5750000
2019.06.05 11:09:26.424,1.12629,1.12631,1000000,8570000
2019.06.05 11:09:26.526,1.12629,1.12632,2250000,4070000
2019.06.05 11:09:26.712,1.12629,1.12631,1000000,6320000
2019.06.05 11:09:26.814,1.12629,1.12632,3000000,5570000
2019.06.05 11:09:27.395,1.12631,1.12632,2250000,1280000
2019.06.05 11:09:27.497,1.1263,1.12632,1000000,2530000
2019.06.05 11:09:28.533,1.12629,1.12632,3190000,7150000
2019.06.05 11:09:28.814,1.1263,1.12632,1000000,1000000
2019.06.05 11:09:29.019,1.12629,1.12632,1500000,2650000
2019.06.05 11:09:29.514,1.12629,1.12631,1000000,3020000
2019.06.05 11:09:29.617,1.12629,1.12632,3370000,3020000
2019.06.05 11:09:29.752,1.1263,1.12631,1000000,1000000
2019.06.05 11:09:29.854,1.12629,1.12631,1000000,1000000
2019.06.05 11:09:31.628,1.1263,1.12631,1500000,1000000
2019.06.05 11:09:31.729,1.12628,1.12631,4870000,1900000
2019.06.05 11:09:32.164,1.12628,1.12631,1000000,1900000
2019.06.05 11:09:32.267,1.12628,1.12631,1000000,1900000
2019.06.05 11:09:32.470,1.12628,1.12631,2250000,1900000
2019.06.05 11:09:32.578,1.12628,1.12631,1250000,1900000
2019.06.05 11:09:33.125,1.12628,1.1263,1000000,1780000
2019.06.05 11:09:34.691,1.12628,1.1263,2250000,1030000
2019.06.05 11:09:34.846,1.12627,1.12628,1250000,2400000
2019.06.05 11:09:34.897,1.12624,1.12626,1000000,1500000
2019.06.05 11:09:35.000,1.12623,1.12624,1000000,3850000
2019.06.05 11:09:35.119,1.12623,1.12625,1310000,1100000
2019.06.05 11:09:35.323,1.12622,1.12625,1250000,4150000
2019.06.05 11:09:35.468,1.12623,1.12626,1370000,1000000
2019.06.05 11:09:35.571,1.12622,1.12626,2870000,4150000
2019.06.05 11:09:35.825,1.12623,1.12626,1370000,1000000
2019.06.05 11:09:37.050,1.12622,1.12626,7600000,6850000
2019.06.05 11:09:38.220,1.12623,1.12626,1370000,1000000
2019.06.05 11:09:39.712,1.12623,1.12626,6560000,1000000
2019.06.05 11:09:40.310,1.12622,1.12626,2810000,7970000
2019.06.05 11:09:40.629,1.12622,1.12626,10810000,9220000
2019.06.05 11:09:42.698,1.12624,1.12626,9640000,1120000
2019.06.05 11:09:43.093,1.12623,1.12626,2140000,1840000
2019.06.05 11:09:43.997,1.12622,1.12625,1000000,4710000
2019.06.05 11:09:44.099,1.12622,1.12626,5810000,4710000
2019.06.05 11:09:44.363,1.12622,1.12625,1000000,8460000
2019.06.05 11:09:44.586,1.12622,1.12626,11440000,9210000
2019.06.05 11:09:44.688,1.12622,1.12626,2120000,4710000
2019.06.05 11:09:48.778,1.12623,1.12625,1870000,1960000
2019.06.05 11:09:49.054,1.12622,1.12624,1000000,5060000
2019.06.05 11:09:49.208,1.12623,1.12626,7060000,1000000
2019.06.05 11:09:49.364,1.12626,1.12627,9450000,1250000
2019.06.05 11:09:49.415,1.12626,1.12628,2890000,1470000
2019.06.05 11:09:49.518,1.12626,1.12629,1620000,5820000
2019.06.05 11:09:49.620,1.12628,1.12629,1000000,1500000
2019.06.05 11:09:49.772,1.12629,1.1263,1000000,1000000
2019.06.05 11:09:49.875,1.12629,1.12631,2620000,1000000
2019.06.05 11:09:50.028,1.12627,1.12631,3750000,4090000
2019.06.05 11:09:50.130,1.12627,1.12631,6370000,2830000
2019.06.05 11:09:50.283,1.12627,1.1263,1000000,7870000
2019.06.05 11:09:51.038,1.12627,1.12631,6750000,3370000
2019.06.05 11:09:52.061,1.12627,1.12631,4620000,4470000
2019.06.05 11:09:53.099,1.12627,1.12631,5440000,6410000
2019.06.05 11:09:53.417,1.12627,1.1263,1000000,9410000
2019.06.05 11:09:53.617,1.12627,1.12631,9560000,6410000
2019.06.05 11:09:54.456,1.12627,1.1263,1000000,7160000
2019.06.05 11:09:54.559,1.12627,1.12631,5440000,6410000
2019.06.05 11:09:54.925,1.12627,1.1263,1000000,9410000
2019.06.05 11:09:55.095,1.12627,1.1263,1120000,10660000
2019.06.05 11:09:55.539,1.12629,1.1263,1000000,1000000
2019.06.05 11:09:55.642,1.12629,1.1263,1500000,6000000
2019.06.05 11:09:55.753,1.12629,1.12632,7000000,7160000
2019.06.05 11:09:55.855,1.12629,1.12631,1690000,1000000
2019.06.05 11:09:55.957,1.12629,1.12631,3190000,1000000
2019.06.05 11:09:56.761,1.12629,1.1263,1000000,1500000
2019.06.05 11:09:58.347,1.12629,1.1263,1000000,1000000
2019.06.05 11:09:58.472,1.12629,1.12631,3370000,1000000
2019.06.05 11:09:58.951,1.12629,1.1263,1000000,1000000
2019.06.05 11:09:59.168,1.1263,1.12631,3190000,1000000
2019.06.05 11:09:59.686,1.12629,1.12631,3190000,1500000
2019.06.05 11:10:00.192,1.1263,1.12631,2440000,1000000
2019.06.05 11:10:00.345,1.12629,1.12631,2810000,1500000
2019.06.05 11:10:00.548,1.1263,1.12631,1690000,1000000
2019.06.05 11:10:00.650,1.12629,1.12631,5060000,2250000
2019.06.05 11:10:01.246,1.12629,1.1263,1000000,1000000
2019.06.05 11:10:01.549,1.12629,1.12631,1690000,1000000
2019.06.05 11:10:02.259,1.12629,1.1263,1000000,1000000
2019.06.05 11:10:03.445,1.12629,1.12631,1690000,1000000
2019.06.05 11:10:04.086,1.12628,1.1263,1000000,3750000
2019.06.05 11:10:04.281,1.12628,1.12631,2440000,3750000
2019.06.05 11:10:04.689,1.12629,1.12631,2440000,1000000
2019.06.05 11:10:05.474,1.12629,1.1263,1000000,1000000
2019.06.05 11:10:05.767,1.12629,1.1263,1000000,1000000
2019.06.05 11:10:06.281,1.12629,1.12631,2440000,1120000
2019.06.05 11:10:07.016,1.12629,1.12631,2440000,1000000
2019.06.05 11:10:07.229,1.12629,1.12631,3940000,1000000
2019.06.05 11:10:12.599,1.12629,1.1263,1000000,1000000
2019.06.05 11:10:14.199,1.1263,1.12631,1690000,1000000
2019.06.05 11:10:14.591,1.12629,1.1263,1000000,1500000
2019.06.05 11:10:15.560,1.12629,1.12631,2440000,1500000
2019.06.05 11:10:17.258,1.12629,1.1263,1000000,1500000
2019.06.05 11:10:19.229,1.12629,1.12631,3190000,1000000
2019.06.05 11:10:19.439,1.12629,1.1263,1000000,1000000
2019.06.05 11:10:19.575,1.12629,1.1263,1500000,1870000
2019.06.05 11:10:19.676,1.12629,1.1263,1500000,1500000
2019.06.05 11:10:19.830,1.12629,1.12631,1310000,1500000
2019.06.05 11:10:23.655,1.12629,1.1263,1000000,2620000
2019.06.05 11:10:24.340,1.12629,1.12631,6190000,1000000
2019.06.05 11:10:25.056,1.12629,1.12631,2060000,1000000
2019.06.05 11:10:25.157,1.12629,1.12631,2060000,1000000
2019.06.05 11:10:26.160,1.1263,1.12631,4310000,1000000
2019.06.05 11:10:26.481,1.12629,1.12631,1120000,4120000
2019.06.05 11:10:26.583,1.12629,1.12632,5060000,1950000
2019.06.05 11:10:26.685,1.12629,1.12631,1000000,3450000
2019.06.05 11:10:26.880,1.12629,1.12632,5060000,6450000
2019.06.05 11:10:26.982,1.12629,1.12632,4370000,2060000
2019.06.05 11:10:27.084,1.12629,1.1263,1000000,4310000
2019.06.05 11:10:27.639,1.1263,1.12631,1250000,1000000
2019.06.05 11:10:28.697,1.12629,1.12631,1250000,2810000
2019.06.05 11:10:32.696,1.1263,1.12631,1250000,1000000
2019.06.05 11:10:34.380,1.12629,1.12631,5060000,2890000
2019.06.05 11:10:34.781,1.1263,1.12631,5810000,1000000
2019.06.05 11:10:35.060,1.12629,1.12631,4310000,2140000
2019.06.05 11:10:36.230,1.1263,1.12631,3560000,1000000
2019.06.05 11:10:36.495,1.12629,1.12631,3560000,1690000
2019.06.05 11:10:36.597,1.1263,1.12631,3370000,1000000
2019.06.05 11:10:36.953,1.1263,1.12632,3000000,4310000
2019.06.05 11:10:37.056,1.12631,1.12632,3000000,1500000
2019.06.05 11:10:37.172,1.1263,1.12632,5060000,2170000
2019.06.05 11:10:37.277,1.12631,1.12632,4310000,1120000
2019.06.05 11:10:37.480,1.1263,1.12632,2250000,2170000
2019.06.05 11:10:38.123,1.1263,1.12631,4120000,1000000
2019.06.05 11:10:38.225,1.12629,1.12631,2620000,3000000
2019.06.05 11:10:38.329,1.12629,1.12631,6560000,2240000
2019.06.05 11:10:38.431,1.12629,1.1263,1000000,1120000
2019.06.05 11:10:39.388,1.12629,1.1263,1500000,2620000
2019.06.05 11:10:39.605,1.12629,1.12631,4310000,2120000
2019.06.05 11:10:39.708,1.12629,1.12631,5120000,1120000
2019.06.05 11:10:41.886,1.12629,1.12631,4690000,2500000
2019.06.05 11:10:41.988,1.12629,1.1263,1690000,1500000
2019.06.05 11:10:42.090,1.12627,1.1263,1500000,4950000
2019.06.05 11:10:42.142,1.12626,1.12627,1000000,1100000
2019.06.05 11:10:42.244,1.12623,1.12625,6560000,1100000
2019.06.05 11:10:42.424,1.12623,1.12624,1000000,1000000
2019.06.05 11:10:42.527,1.12623,1.12625,6370000,1500000
2019.06.05 11:10:42.782,1.12623,1.12624,1000000,1500000
2019.06.05 11:10:42.951,1.12623,1.12625,3560000,1500000
2019.06.05 11:10:43.141,1.12623,1.12625,3620000,1500000
2019.06.05 11:10:44.062,1.12623,1.12625,2810000,1500000
2019.06.05 11:10:44.291,1.12623,1.12624,1000000,1500000
2019.06.05 11:10:44.393,1.12623,1.12625,1870000,6000000
2019.06.05 11:10:45.086,1.12624,1.12626,7620000,1120000
2019.06.05 11:10:45.257,1.12624,1.12625,1000000,6560000
2019.06.05 11:10:45.359,1.12625,1.12626,1500000,1000000
2019.06.05 11:10:45.461,1.12625,1.12628,8810000,1500000
2019.06.05 11:10:45.659,1.12626,1.12628,2810000,1250000
2019.06.05 11:10:46.168,1.12626,1.12627,1000000,1000000
2019.06.05 11:10:46.270,1.12624,1.12626,1000000,2320000
2019.06.05 11:10:46.421,1.12624,1.12627,9000000,1870000
2019.06.05 11:10:46.721,1.12624,1.12626,3000000,1000000
2019.06.05 11:10:47.510,1.12624,1.12627,9750000,1000000
2019.06.05 11:10:48.220,1.12624,1.12626,2250000,1000000
2019.06.05 11:10:48.322,1.12624,1.12627,9750000,1000000
2019.06.05 11:10:48.424,1.12624,1.12626,3000000,1000000
2019.06.05 11:10:48.627,1.12624,1.12627,7870000,1000000
2019.06.05 11:10:49.700,1.12624,1.12626,1000000,1000000
2019.06.05 11:10:49.802,1.12624,1.12627,7870000,1000000
2019.06.05 11:10:50.338,1.12625,1.12626,1000000,1000000
2019.06.05 11:10:50.651,1.12624,1.12626,1000000,1000000
2019.06.05 11:10:52.072,1.12624,1.12626,8060000,2120000
2019.06.05 11:10:52.174,1.12624,1.12625,1500000,1000000
2019.06.05 11:10:52.597,1.12624,1.12626,3640000,1000000
2019.06.05 11:10:52.740,1.12624,1.12626,3640000,1000000
2019.06.05 11:10:52.843,1.12624,1.12625,1000000,1000000
2019.06.05 11:10:53.120,1.12624,1.12626,10390000,1000000
2019.06.05 11:10:53.693,1.12624,1.12626,7390000,1000000
2019.06.05 11:10:54.059,1.12624,1.12625,1500000,1000000
2019.06.05 11:10:54.200,1.12624,1.12626,6640000,1000000
2019.06.05 11:10:56.141,1.12624,1.12625,1000000,1000000
2019.06.05 11:10:59.355,1.12624,1.12626,3560000,1000000
2019.06.05 11:10:59.457,1.12624,1.12625,1000000,1000000
2019.06.05 11:10:59.863,1.12624,1.12626,3560000,1000000
2019.06.05 11:10:59.998,1.12624,1.12626,2060000,1000000
2019.06.05 11:11:00.100,1.12624,1.12626,3560000,1000000
2019.06.05 11:11:03.483,1.12624,1.12626,2060000,1000000
2019.06.05 11:11:03.587,1.12624,1.12626,2440000,1870000
2019.06.05 11:11:05.482,1.12624,1.12626,2140000,1000000
2019.06.05 11:11:05.585,1.12624,1.12626,6940000,1000000
2019.06.05 11:11:07.019,1.12624,1.12625,1000000,1000000
2019.06.05 11:11:07.425,1.12624,1.12626,8060000,1000000
2019.06.05 11:11:07.527,1.12624,1.12626,8810000,1000000
2019.06.05 11:11:07.629,1.12624,1.12626,6560000,1000000
2019.06.05 11:11:07.830,1.12623,1.12626,6560000,2250000
2019.06.05 11:11:07.941,1.12623,1.12625,1000000,2250000
2019.06.05 11:11:09.764,1.12625,1.12626,4500000,1000000
2019.06.05 11:11:09.867,1.12626,1.12628,2510000,2440000
2019.06.05 11:11:10.009,1.12626,1.12627,1000000,7310000
2019.06.05 11:11:10.111,1.12627,1.12629,2120000,1000000
2019.06.05 11:11:10.213,1.12627,1.12629,1500000,1690000
2019.06.05 11:11:10.475,1.12627,1.1263,5250000,6560000
2019.06.05 11:11:10.628,1.12629,1.1263,1120000,1250000
2019.06.05 11:11:10.758,1.1263,1.12632,6120000,1000000
2019.06.05 11:11:10.860,1.1263,1.12633,1310000,4610000
2019.06.05 11:11:10.962,1.1263,1.12632,1000000,7310000
2019.06.05 11:11:11.583,1.1263,1.12633,1500000,1950000
2019.06.05 11:11:11.889,1.1263,1.12632,1000000,4870000
2019.06.05 11:11:12.490,1.1263,1.12633,2630000,3750000
2019.06.05 11:11:12.802,1.1263,1.12632,1000000,4500000
2019.06.05 11:11:13.235,1.1263,1.12633,1880000,4500000
2019.06.05 11:11:14.541,1.1263,1.12632,1000000,2250000
2019.06.05 11:11:14.644,1.1263,1.12633,1120000,2250000
2019.06.05 11:11:15.599,1.1263,1.12633,1500000,1870000
2019.06.05 11:11:16.569,1.12629,1.12632,1000000,1570000
2019.06.05 11:11:16.714,1.1263,1.12632,3370000,1000000
2019.06.05 11:11:16.817,1.12629,1.12632,4500000,1000000
2019.06.05 11:11:17.728,1.12629,1.12631,1000000,1000000
2019.06.05 11:11:17.830,1.12629,1.12632,4500000,1000000
2019.06.05 11:11:17.932,1.1263,1.12632,2620000,1000000
2019.06.05 11:11:18.035,1.12631,1.12634,3450000,1250000
2019.06.05 11:11:18.138,1.12633,1.12634,1000000,1000000
2019.06.05 11:11:18.352,1.12633,1.12636,5320000,1000000
2019.06.05 11:11:18.455,1.12632,1.12635,2060000,6070000
2019.06.05 11:11:19.057,1.12633,1.12635,1310000,1000000
2019.06.05 11:11:19.312,1.12632,1.12636,3750000,3070000
2019.06.05 11:11:19.515,1.12633,1.12635,2060000,1000000
2019.06.05 11:11:20.400,1.12632,1.12635,1310000,3820000
2019.06.05 11:11:20.973,1.12633,1.12635,2060000,1000000
2019.06.05 11:11:21.355,1.12633,1.12635,2560000,1000000
2019.06.05 11:11:21.553,1.12632,1.12635,1810000,2620000
2019.06.05 11:11:24.205,1.12631,1.12632,1000000,1100000
2019.06.05 11:11:24.257,1.12627,1.1263,2060000,7510000
2019.06.05 11:11:24.360,1.12627,1.1263,2060000,5700000
2019.06.05 11:11:24.514,1.12628,1.1263,2440000,1000000
2019.06.05 11:11:24.617,1.12627,1.1263,4690000,4570000
2019.06.05 11:11:25.429,1.12627,1.12631,3560000,1310000
2019.06.05 11:11:25.554,1.12627,1.1263,2250000,2060000
2019.06.05 11:11:25.657,1.12627,1.12631,6190000,1310000
2019.06.05 11:11:26.456,1.12628,1.12631,4310000,1500000
2019.06.05 11:11:35.302,1.12628,1.1263,1000000,1000000
2019.06.05 11:11:39.339,1.12627,1.1263,1000000,3560000
2019.06.05 11:11:39.556,1.12627,1.12631,2440000,2890000
2019.06.05 11:11:39.954,1.12628,1.12631,3190000,1000000
2019.06.05 11:11:40.901,1.12627,1.12631,2250000,2620000
2019.06.05 11:11:41.020,1.12627,1.12631,2370000,1500000
2019.06.05 11:11:42.451,1.12627,1.1263,3370000,4820000
2019.06.05 11:11:42.503,1.12627,1.12629,3190000,3320000
2019.06.05 11:11:42.614,1.12626,1.12628,6940000,1320000
2019.06.05 11:11:42.717,1.12621,1.12625,3370000,2690000
2019.06.05 11:11:43.795,1.12621,1.12625,8500000,3240000
2019.06.05 11:11:44.277,1.1262,1.12622,4370000,1950000
2019.06.05 11:11:44.328,1.12619,1.12622,5500000,1200000
2019.06.05 11:11:44.431,1.12618,1.12621,3940000,3610000
2019.06.05 11:11:44.533,1.12618,1.12621,5870000,3240000
2019.06.05 11:11:44.636,1.12616,1.12621,8250000,12200000
2019.06.05 11:11:44.738,1.12616,1.12621,9750000,10830000
2019.06.05 11:11:46.779,1.12616,1.1262,1310000,11680000
2019.06.05 11:11:46.882,1.12616,1.12619,1000000,14380000
2019.06.05 11:11:47.725,1.12616,1.12619,1120000,12180000
2019.06.05 11:11:51.008,1.12616,1.1262,1370000,8490000
2019.06.05 11:11:51.060,1.12616,1.12617,2250000,4740000
2019.06.05 11:11:51.172,1.12615,1.12616,1000000,3990000
2019.06.05 11:11:51.376,1.12614,1.12616,5440000,2490000
2019.06.05 11:11:51.428,1.12613,1.12616,1250000,1740000
2019.06.05 11:11:51.580,1.12613,1.12616,2440000,1820000
2019.06.05 11:11:51.746,1.12613,1.12615,1000000,4070000
2019.06.05 11:11:51.994,1.12613,1.12616,5440000,2570000
2019.06.05 11:11:53.121,1.12613,1.12616,3060000,4240000
2019.06.05 11:11:55.629,1.12613,1.12616,1500000,1610000
2019.06.05 11:11:57.261,1.12613,1.12616,8510000,1000000
2019.06.05 11:11:57.364,1.12612,1.12615,2440000,1120000
2019.06.05 11:12:00.356,1.12612,1.12615,5820000,2250000
2019.06.05 11:12:01.018,1.12613,1.12615,5690000,1500000
2019.06.05 11:12:01.174,1.12611,1.12615,3440000,10610000
2019.06.05 11:12:01.276,1.12612,1.12615,5690000,1000000
2019.06.05 11:12:02.339,1.12613,1.12615,4750000,1000000
2019.06.05 11:12:02.667,1.12612,1.12615,5690000,1000000
2019.06.05 11:12:03.225,1.12613,1.12614,1690000,1000000
2019.06.05 11:12:03.327,1.12612,1.12614,1250000,5250000
2019.06.05 11:12:03.698,1.12611,1.12614,1250000,9000000
2019.06.05 11:12:04.026,1.12612,1.12615,7190000,1000000
2019.06.05 11:12:04.280,1.12613,1.12614,1250000,1000000
2019.06.05 11:12:04.991,1.12611,1.12615,5690000,8250000
2019.06.05 11:12:06.096,1.12613,1.12614,1690000,1000000
2019.06.05 11:12:06.630,1.12611,1.12614,1250000,9600000
2019.06.05 11:12:06.732,1.12612,1.12614,1250000,2250000
2019.06.05 11:12:06.834,1.12613,1.12615,11310000,1000000
2019.06.05 11:12:06.936,1.12612,1.12615,11310000,1000000
2019.06.05 11:12:08.185,1.12612,1.12614,1250000,1500000
2019.06.05 11:12:08.439,1.12612,1.12615,11810000,2250000
2019.06.05 11:12:08.541,1.12612,1.12614,1690000,4500000
2019.06.05 11:12:08.644,1.12612,1.12614,2500000,3750000
2019.06.05 11:12:08.849,1.12611,1.12614,1750000,3000000
2019.06.05 11:12:09.076,1.12611,1.12612,1000000,1000000
2019.06.05 11:12:09.179,1.12609,1.12611,1250000,2250000
2019.06.05 11:12:09.333,1.12608,1.1261,1250000,3370000
2019.06.05 11:12:09.460,1.12607,1.12609,1250000,4620000
2019.06.05 11:12:09.562,1.12606,1.12609,1250000,15060000
2019.06.05 11:12:10.489,1.12606,1.12609,1690000,9190000
2019.06.05 11:12:10.782,1.12607,1.12609,1690000,1120000
2019.06.05 11:12:11.063,1.12606,1.12609,1250000,4120000
2019.06.05 11:12:13.601,1.12606,1.12609,1250000,4690000
2019.06.05 11:12:13.703,1.12606,1.12609,1250000,8560000
2019.06.05 11:12:16.851,1.12606,1.12609,1250000,3940000
2019.06.05 11:12:20.190,1.12606,1.12608,1250000,1120000
2019.06.05 11:12:20.640,1.12605,1.12607,1120000,6370000
2019.06.05 11:12:20.845,1.12604,1.12605,1250000,1000000
2019.06.05 11:12:21.062,1.12603,1.12606,3700000,1000000
2019.06.05 11:12:21.165,1.12603,1.12605,1260000,1500000
2019.06.05 11:12:22.429,1.12602,1.12605,1560000,6000000
2019.06.05 11:12:22.608,1.12602,1.12605,1370000,3710000
2019.06.05 11:12:23.725,1.12603,1.12605,2120000,1000000
2019.06.05 11:12:23.836,1.12602,1.12605,4370000,3000000
2019.06.05 11:12:24.040,1.12602,1.12605,2620000,3000000
2019.06.05 11:12:24.498,1.12602,1.12605,3620000,3000000
2019.06.05 11:12:32.423,1.12601,1.12605,2120000,6750000
2019.06.05 11:12:33.556,1.12602,1.12605,2870000,1000000
2019.06.05 11:12:34.623,1.12603,1.12605,5120000,1000000
2019.06.05 11:12:35.170,1.12602,1.12605,2200000,1000000
2019.06.05 11:12:36.099,1.12604,1.12605,1500000,3040000
2019.06.05 11:12:36.151,1.12606,1.12608,1250000,4500000
2019.06.05 11:12:36.254,1.12607,1.12609,3070000,1000000
2019.06.05 11:12:36.357,1.12607,1.1261,3640000,2250000
2019.06.05 11:12:36.408,1.1261,1.12611,5770000,1000000
2019.06.05 11:12:36.520,1.12611,1.12612,1870000,2250000
2019.06.05 11:12:36.727,1.1261,1.12614,4810000,4120000
2019.06.05 11:12:36.829,1.12611,1.12614,6120000,3190000
2019.06.05 11:12:36.882,1.12612,1.12614,2320000,2250000
2019.06.05 11:12:37.209,1.12611,1.12614,1250000,7440000
2019.06.05 11:12:37.362,1.12611,1.12614,1250000,5060000
2019.06.05 11:12:37.617,1.12612,1.12614,3950000,1000000
2019.06.05 11:12:37.720,1.12611,1.12614,1620000,1000000
2019.06.05 11:12:37.935,1.1261,1.12613,2620000,4120000
2019.06.05 11:12:38.914,1.12611,1.12613,1870000,1000000
2019.06.05 11:12:39.016,1.1261,1.12613,1870000,8250000
2019.06.05 11:12:39.537,1.12611,1.12613,1870000,1000000
2019.06.05 11:12:39.782,1.12612,1.12614,3940000,3000000
2019.06.05 11:12:45.884,1.12613,1.12614,1690000,1000000
2019.06.05 11:12:46.038,1.12612,1.12614,1250000,2250000
2019.06.05 11:12:46.292,1.12613,1.12614,1690000,1000000
2019.06.05 11:12:46.393,1.12612,1.12614,1250000,1000000
2019.06.05 11:12:46.912,1.12613,1.12614,1690000,1000000
2019.06.05 11:12:47.088,1.12612,1.12614,1250000,3370000
2019.06.05 11:12:48.408,1.12612,1.12615,3560000,1000000
2019.06.05 11:12:48.992,1.12611,1.12615,4370000,8000000
2019.06.05 11:12:49.094,1.12611,1.12614,1690000,4120000
2019.06.05 11:12:51.660,1.12611,1.12612,1000000,1000000
2019.06.05 11:12:51.763,1.12608,1.12611,2720000,1500000
2019.06.05 11:12:52.335,1.12609,1.12611,2060000,1000000
2019.06.05 11:12:52.470,1.12608,1.12611,3560000,1000000
2019.06.05 11:12:53.803,1.12607,1.12611,2060000,8810000
2019.06.05 11:12:53.906,1.12607,1.12611,2190000,9310000
2019.06.05 11:12:54.883,1.12607,1.1261,1000000,7310000
2019.06.05 11:12:54.985,1.12607,1.12611,3560000,6560000
2019.06.05 11:12:55.336,1.12608,1.12611,5060000,1000000
2019.06.05 11:12:55.438,1.12607,1.12611,2810000,11060000
2019.06.05 11:12:55.570,1.12608,1.12611,5890000,5250000
2019.06.05 11:12:56.528,1.12607,1.12611,1310000,3560000
2019.06.05 11:12:56.630,1.12607,1.12611,1370000,2620000
2019.06.05 11:12:57.631,1.12609,1.12611,1500000,3940000
2019.06.05 11:12:57.734,1.12611,1.12612,5140000,1500000
2019.06.05 11:12:57.837,1.12612,1.12615,3250000,1350000
2019.06.05 11:12:57.987,1.12612,1.12615,2440000,1350000
2019.06.05 11:12:58.399,1.12613,1.12615,1120000,1250000
2019.06.05 11:12:59.259,1.12612,1.12615,1310000,1870000
2019.06.05 11:12:59.586,1.12612,1.12614,1120000,4120000
2019.06.05 11:12:59.739,1.12612,1.12614,3310000,3000000
2019.06.05 11:13:00.325,1.12611,1.12613,1000000,1000000
2019.06.05 11:13:00.428,1.12611,1.12614,4310000,1000000
2019.06.05 11:13:00.731,1.12611,1.12613,1000000,1000000
2019.06.05 11:13:00.835,1.12612,1.12615,6150000,1000000
2019.06.05 11:13:02.004,1.12612,1.12615,3640000,1000000
2019.06.05 11:13:02.201,1.12613,1.12616,5440000,2440000
2019.06.05 11:13:05.772,1.12613,1.12616,3690000,5060000
2019.06.05 11:13:05.875,1.12614,1.12617,6120000,2440000
2019.06.05 11:13:05.926,1.12614,1.12617,1570000,13910000
2019.06.05 11:13:06.288,1.12614,1.12618,3310000,8810000
2019.06.05 11:13:07.037,1.12614,1.12618,2060000,8440000
2019.06.05 11:13:10.374,1.12615,1.12617,1120000,1000000
2019.06.05 11:13:11.263,1.12614,1.12618,4690000,3190000
2019.06.05 11:13:11.466,1.12615,1.12616,1000000,1000000
2019.06.05 11:13:11.568,1.12614,1.12617,4350000,1500000
2019.06.05 11:13:11.670,1.12613,1.12617,2850000,7310000
2019.06.05 11:13:12.458,1.12613,1.12617,7510000,3370000
2019.06.05 11:13:14.122,1.12612,1.12616,1500000,6190000
2019.06.05 11:13:15.882,1.12613,1.12616,3750000,1000000
2019.06.05 11:13:16.101,1.12612,1.12616,2250000,6190000
2019.06.05 11:13:16.504,1.12612,1.12616,8570000,6820000
2019.06.05 11:13:16.708,1.12613,1.12615,1310000,1000000
2019.06.05 11:13:16.816,1.12612,1.12615,3560000,6370000
2019.06.05 11:13:18.273,1.12611,1.12615,1690000,15490000
2019.06.05 11:13:18.752,1.12612,1.12615,2440000,2250000
2019.06.05 11:13:20.984,1.12611,1.12615,1690000,15490000
2019.06.05 11:13:21.085,1.12612,1.12615,2190000,1100000
2019.06.05 11:13:22.084,1.12611,1.12615,1250000,15490000
2019.06.05 11:13:22.193,1.12612,1.12615,5440000,8250000
2019.06.05 11:13:24.512,1.12612,1.12615,1750000,1200000
2019.06.05 11:13:25.564,1.12611,1.12615,1310000,18040001
2019.06.05 11:13:25.716,1.12611,1.12614,2100000,2810000
2019.06.05 11:13:25.819,1.1261,1.12612,2440000,2250000
2019.06.05 11:13:25.921,1.12609,1.12612,8060000,1250000
2019.06.05 11:13:26.023,1.12608,1.12611,2440000,2810000
2019.06.05 11:13:26.153,1.12609,1.12611,4310000,1000000
2019.06.05 11:13:26.319,1.12608,1.12611,2060000,3560000
2019.06.05 11:13:27.653,1.12609,1.12611,2810000,1000000
2019.06.05 11:13:27.755,1.12608,1.12612,15070000,3640000
2019.06.05 11:13:28.134,1.12608,1.1261,1500000,1250000
2019.06.05 11:13:28.544,1.12608,1.12611,3560000,1250000
2019.06.05 11:13:28.745,1.12608,1.1261,1500000,1250000
2019.06.05 11:13:29.177,1.12608,1.12611,8440000,1250000
2019.06.05 11:13:29.874,1.12608,1.1261,1000000,1250000
2019.06.05 11:13:29.975,1.12608,1.12611,8440000,1250000
2019.06.05 11:13:30.108,1.12607,1.12611,8500000,1200000
2019.06.05 11:13:38.239,1.12606,1.12611,4500000,14960000
2019.06.05 11:13:38.341,1.12607,1.1261,2060000,1500000
2019.06.05 11:13:38.744,1.12606,1.12611,5250000,15710000
2019.06.05 11:13:39.957,1.12607,1.1261,1690000,4500000
2019.06.05 11:13:41.360,1.12606,1.1261,2060000,8210000
2019.06.05 11:13:41.473,1.12607,1.12609,1000000,1000000
2019.06.05 11:13:42.831,1.12607,1.1261,6190000,1000000
2019.06.05 11:13:42.933,1.12605,1.12609,9070000,8140000
2019.06.05 11:13:43.036,1.12605,1.12608,1000000,8500000
2019.06.05 11:13:43.453,1.12605,1.12608,1000000,5810000
2019.06.05 11:13:43.555,1.12606,1.12608,1000000,1000000
2019.06.05 11:13:43.709,1.12605,1.12609,3750000,7310000
2019.06.05 11:13:43.811,1.12605,1.12608,1000000,11700000
2019.06.05 11:13:44.114,1.12605,1.12609,5320000,9820000
2019.06.05 11:13:44.628,1.12605,1.12608,1000000,10950000
2019.06.05 11:13:44.837,1.12605,1.12609,5320000,9070000
2019.06.05 11:13:44.939,1.12605,1.12608,2250000,7310000
2019.06.05 11:13:45.041,1.12606,1.12608,2620000,2250000
2019.06.05 11:13:45.143,1.12605,1.12607,1000000,1570000
2019.06.05 11:13:46.004,1.12606,1.12607,1500000,1690000
2019.06.05 11:13:46.107,1.12606,1.12609,7310000,7310000
2019.06.05 11:13:46.227,1.12607,1.12609,2440000,1000000
2019.06.05 11:13:46.590,1.12608,1.1261,6390000,1000000
2019.06.05 11:13:49.153,1.12608,1.1261,7690000,1000000
2019.06.05 11:13:49.508,1.12606,1.12609,1870000,6390000
2019.06.05 11:13:51.224,1.12606,1.12609,1500000,5890000
2019.06.05 11:13:51.988,1.12607,1.12609,2250000,1000000
2019.06.05 11:13:52.090,1.12606,1.1261,6000000,3640000
2019.06.05 11:13:52.245,1.12607,1.12609,1500000,1000000
2019.06.05 11:13:52.348,1.12606,1.12609,1250000,2060000
2019.06.05 11:13:56.898,1.12606,1.12609,2120000,8190000
2019.06.05 11:13:59.133,1.12606,1.12609,1750000,2060000
2019.06.05 11:14:02.816,1.12606,1.1261,8510000,1500000
2019.06.05 11:14:03.818,1.12606,1.12609,1000000,3750000
2019.06.05 11:14:04.279,1.12606,1.1261,8510000,1500000
2019.06.05 11:14:06.840,1.12606,1.12609,1000000,6000000
2019.06.05 11:14:10.629,1.12606,1.1261,7950000,3120000
2019.06.05 11:14:13.728,1.12605,1.12606,1350000,8250000
2019.06.05 11:14:13.844,1.12607,1.12608,1100000,1500000
2019.06.05 11:14:13.946,1.12607,1.1261,3370000,2290000
2019.06.05 11:14:14.049,1.12608,1.12611,4310000,4000000
2019.06.05 11:14:14.152,1.12611,1.12613,3520000,3750000
2019.06.05 11:14:14.271,1.12611,1.12614,3940000,5620000
2019.06.05 11:14:15.117,1.12612,1.12614,2250000,3750000
2019.06.05 11:14:15.220,1.12611,1.12614,1500000,9370000
2019.06.05 11:14:16.335,1.12612,1.12614,1500000,1500000
2019.06.05 11:14:16.577,1.12611,1.12614,1000000,6560000
2019.06.05 11:14:18.398,1.12612,1.12614,1500000,1500000
2019.06.05 11:14:18.500,1.12611,1.12614,1000000,6940000
2019.06.05 11:14:19.556,1.12611,1.12613,3940000,1120000
2019.06.05 11:14:19.660,1.12609,1.12612,2250000,5890000
2019.06.05 11:14:19.762,1.12609,1.12612,4410000,1000000
2019.06.05 11:14:19.873,1.12609,1.1261,1000000,1000000
2019.06.05 11:14:19.925,1.12607,1.1261,1200000,2620000
2019.06.05 11:14:20.320,1.12607,1.12609,2250000,1000000
2019.06.05 11:14:25.052,1.12607,1.1261,2320000,1000000
2019.06.05 11:14:29.377,1.12606,1.1261,4390000,4310000
2019.06.05 11:14:31.685,1.12607,1.12609,1000000,1000000
2019.06.05 11:14:31.830,1.12606,1.1261,3750000,4310000
2019.06.05 11:14:31.932,1.12606,1.12609,1120000,6940000
2019.06.05 11:14:32.034,1.12607,1.12609,1120000,1500000
2019.06.05 11:14:32.187,1.12606,1.1261,6350000,4310000
2019.06.05 11:14:32.339,1.12606,1.12609,3720000,1000000
2019.06.05 11:14:32.441,1.12605,1.12607,2750000,1500000
2019.06.05 11:14:32.492,1.12603,1.12606,1000000,3340000
2019.06.05 11:14:32.595,1.12602,1.12606,2810000,7760000
2019.06.05 11:14:32.697,1.12602,1.12606,3370000,12690000
2019.06.05 11:14:32.832,1.12604,1.12606,1200000,1000000
2019.06.05 11:14:32.935,1.12603,1.12607,3370000,4310000
2019.06.05 11:14:33.039,1.12603,1.12607,4310000,8120000
2019.06.05 11:14:33.668,1.12604,1.12608,4200000,7310000
2019.06.05 11:14:33.770,1.12604,1.12607,1000000,6370000
2019.06.05 11:14:33.873,1.12603,1.12607,12970000,1870000
2019.06.05 11:14:33.984,1.12602,1.12606,2620000,5060000
2019.06.05 11:14:34.662,1.12602,1.12606,7340000,3370000
2019.06.05 11:14:34.870,1.12602,1.12606,3150000,1120000
2019.06.05 11:14:34.972,1.12602,1.12606,4740000,1870000
2019.06.05 11:14:35.442,1.12602,1.12605,3070000,4250000
2019.06.05 11:14:40.236,1.12602,1.12605,1000000,7570000
2019.06.05 11:14:40.581,1.12602,1.12606,5140000,5620000
2019.06.05 11:14:41.104,1.12606,1.12607,1500000,2440000
2019.06.05 11:14:41.208,1.12607,1.12608,1120000,5250000
2019.06.05 11:14:41.335,1.12609,1.1261,1500000,2440000
2019.06.05 11:14:41.387,1.1261,1.12611,1000000,1250000
2019.06.05 11:14:41.491,1.1261,1.12612,2620000,3370000
2019.06.05 11:14:41.543,1.12612,1.12613,1000000,1120000
2019.06.05 11:14:41.594,1.12612,1.12615,1500000,1870000
2019.06.05 11:14:41.751,1.12612,1.12616,2060000,5620000
2019.06.05 11:14:42.160,1.12613,1.12616,2250000,1500000
2019.06.05 11:14:42.419,1.12612,1.12616,2250000,8140000
2019.06.05 11:14:42.707,1.12613,1.12616,3370000,1000000
2019.06.05 11:14:42.810,1.12612,1.12616,1120000,5890000
2019.06.05 11:14:43.833,1.12612,1.12616,3250000,7120000
2019.06.05 11:14:44.176,1.12613,1.12616,2870000,2250000
2019.06.05 11:14:44.279,1.12612,1.12616,3620000,10120000
2019.06.05 11:14:44.383,1.12613,1.12616,4370000,2250000
2019.06.05 11:14:44.700,1.12612,1.12616,3620000,7870000
2019.06.05 11:14:46.894,1.12613,1.12616,5120000,1000000
2019.06.05 11:14:47.383,1.12612,1.12616,1370000,4120000
2019.06.05 11:14:47.896,1.12612,1.12616,2620000,9560000
2019.06.05 11:14:48.356,1.12612,1.12615,1120000,6640000
2019.06.05 11:14:49.853,1.12613,1.12615,1500000,3000000
2019.06.05 11:14:51.115,1.12612,1.12616,7500000,2890000
2019.06.05 11:14:51.287,1.12612,1.12615,1000000,4390000
2019.06.05 11:14:52.194,1.12612,1.12616,4870000,2890000
2019.06.05 11:14:52.507,1.12612,1.12616,6940000,1500000
2019.06.05 11:14:52.610,1.12613,1.12615,4310000,1000000
2019.06.05 11:14:52.712,1.12612,1.12615,3940000,1120000
2019.06.05 11:14:53.164,1.12612,1.12614,1120000,3750000
2019.06.05 11:14:53.841,1.12611,1.12614,1120000,10760000
2019.06.05 11:14:53.943,1.12611,1.12615,1690000,5810000
2019.06.05 11:14:55.264,1.12612,1.12615,8440000,1000000
2019.06.05 11:14:55.366,1.12611,1.12614,1120000,9640000
2019.06.05 11:14:55.468,1.12612,1.12615,2060000,1000000
2019.06.05 11:14:55.700,1.12611,1.12616,15820000,8810000
2019.06.05 11:14:55.802,1.12612,1.12615,2060000,1500000
2019.06.05 11:14:55.922,1.12612,1.12615,3310000,1120000
2019.06.05 11:14:56.551,1.12612,1.12615,3190000,2250000
2019.06.05 11:14:57.044,1.12611,1.12616,13200000,7310000
2019.06.05 11:14:57.555,1.12612,1.12615,3190000,1000000
2019.06.05 11:14:58.811,1.1261,1.12613,6990000,7100000
2019.06.05 11:14:58.914,1.12609,1.12611,2720000,1000000
2019.06.05 11:14:59.017,1.12608,1.1261,3190000,1000000
2019.06.05 11:14:59.271,1.12608,1.12611,10500000,1000000
2019.06.05 11:14:59.589,1.12608,1.1261,1000000,1000000
2019.06.05 11:14:59.910,1.12607,1.1261,1000000,5060000
2019.06.05 11:15:00.589,1.12606,1.12609,1350000,2810000
2019.06.05 11:15:00.699,1.12604,1.12606,2470000,1000000
2019.06.05 11:15:00.801,1.12603,1.12606,1100000,1500000
2019.06.05 11:15:01.743,1.12602,1.12607,8400000,4310000
2019.06.05 11:15:01.846,1.12603,1.12606,2250000,1000000
2019.06.05 11:15:01.971,1.12603,1.12607,7650000,1500000
2019.06.05 11:15:02.074,1.12603,1.12606,1000000,2250000
2019.06.05 11:15:02.227,1.12602,1.12607,4950000,9640000
2019.06.05 11:15:02.278,1.12605,1.12607,1460000,1000000
2019.06.05 11:15:02.386,1.12605,1.12608,5250000,1000000
2019.06.05 11:15:04.415,1.12606,1.12608,2320000,1000000
2019.06.05 11:15:04.517,1.12605,1.12608,1000000,1310000
2019.06.05 11:15:04.720,1.12605,1.12609,8020000,3560000
2019.06.05 11:15:04.873,1.12605,1.12608,1000000,3560000
2019.06.05 11:15:04.975,1.12604,1.12607,3190000,6750000
2019.06.05 11:15:05.113,1.12603,1.12605,6100000,3820000
2019.06.05 11:15:05.165,1.12602,1.12603,1310000,1000000
2019.06.05 11:15:05.268,1.126,1.12603,3100000,3000000
2019.06.05 11:15:05.541,1.12599,1.12602,1690000,3750000
2019.06.05 11:15:05.644,1.12598,1.12602,1690000,11810000
2019.06.05 11:15:06.103,1.12599,1.12603,4900000,2250000
2019.06.05 11:15:06.265,1.12598,1.12603,6770000,12940000
2019.06.05 11:15:06.418,1.12599,1.12603,6770000,1500000
2019.06.05 11:15:07.354,1.12601,1.12604,2950000,4000000
2019.06.05 11:15:07.458,1.12603,1.12605,1310000,4120000
2019.06.05 11:15:07.561,1.12602,1.12606,4150000,4500000
2019.06.05 11:15:09.576,1.12603,1.12606,4750000,1000000
2019.06.05 11:15:10.034,1.12602,1.12606,5200000,1870000
2019.06.05 11:15:10.575,1.12601,1.12603,1000000,6500000
2019.06.05 11:15:10.678,1.126,1.12603,3370000,5250000
2019.06.05 11:15:11.339,1.126,1.12602,1000000,4870000
2019.06.05 11:15:11.552,1.126,1.12603,1950000,3370000
2019.06.05 11:15:11.654,1.126,1.12603,2450000,3370000
2019.06.05 11:15:15.093,1.12599,1.12602,2810000,2620000
2019.06.05 11:15:15.196,1.12597,1.126,1000000,6970000
2019.06.05 11:15:15.248,1.12597,1.12601,4690000,1120000
2019.06.05 11:15:15.409,1.12598,1.126,2250000,2250000
2019.06.05 11:15:15.715,1.12597,1.12601,4310000,3370000
2019.06.05 11:15:15.817,1.12597,1.126,1000000,5620000
2019.06.05 11:15:15.918,1.12597,1.12601,3560000,3370000
2019.06.05 11:15:16.337,1.12597,1.126,1000000,6370000
2019.06.05 11:15:16.601,1.12597,1.12601,4310000,3370000
2019.06.05 11:15:18.560,1.12597,1.126,1000000,1870000
2019.06.05 11:15:18.662,1.12597,1.12601,5060000,1000000
2019.06.05 11:15:20.059,1.12598,1.126,1000000,1000000
2019.06.05 11:15:20.720,1.12599,1.12601,4310000,2250000
2019.06.05 11:15:20.773,1.12601,1.12602,1880000,3000000
2019.06.05 11:15:20.892,1.12601,1.12604,3010000,2620000
2019.06.05 11:15:20.995,1.12601,1.12604,1690000,1500000
2019.06.05 11:15:21.618,1.12601,1.12605,1870000,3940000
2019.06.05 11:15:21.722,1.12603,1.12605,1570000,1000000
2019.06.05 11:15:21.928,1.12603,1.12606,1120000,1500000
2019.06.05 11:15:26.881,1.12603,1.12607,14810000,1500000
2019.06.05 11:15:27.411,1.12603,1.12606,1200000,2250000
2019.06.05 11:15:27.713,1.12603,1.12606,1700000,2620000
2019.06.05 11:15:28.874,1.12603,1.12607,10890000,1000000
2019.06.05 11:15:32.223,1.12604,1.12606,1120000,1870000
2019.06.05 11:15:32.325,1.12606,1.12607,1000000,3000000
2019.06.05 11:15:32.434,1.12606,1.12608,3000000,1000000
2019.06.05 11:15:32.589,1.12607,1.12608,1500000,1000000
2019.06.05 11:15:32.692,1.12606,1.1261,3940000,7240000
2019.06.05 11:15:32.795,1.12607,1.1261,3560000,3750000
2019.06.05 11:15:33.061,1.12608,1.1261,2250000,1250000
2019.06.05 11:15:33.163,1.1261,1.12612,1000000,6410000
2019.06.05 11:15:33.214,1.1261,1.12613,4200000,7720000
2019.06.05 11:15:33.316,1.1261,1.12614,9560000,1870000
2019.06.05 11:15:33.418,1.1261,1.12613,1000000,3370000
2019.06.05 11:15:35.174,1.12609,1.12614,9310000,11940000
2019.06.05 11:15:35.405,1.1261,1.12614,7120000,1690000
2019.06.05 11:15:35.507,1.12611,1.12614,6450000,1000000
2019.06.05 11:15:35.655,1.1261,1.12614,4200000,6820000
2019.06.05 11:15:36.176,1.12611,1.12614,6450000,1000000
2019.06.05 11:15:36.279,1.1261,1.12613,1120000,10200000
2019.06.05 11:15:36.382,1.1261,1.12614,2250000,1690000
2019.06.05 11:15:37.007,1.12611,1.12614,3070000,1000000
2019.06.05 11:15:37.141,1.1261,1.12615,14640000,7310000
2019.06.05 11:15:37.646,1.12611,1.12614,2620000,1000000
2019.06.05 11:15:37.748,1.1261,1.12615,11640000,11810000
2019.06.05 11:15:38.161,1.12609,1.12613,1500000,13240000
2019.06.05 11:15:38.264,1.1261,1.12613,3820000,1500000
2019.06.05 11:15:38.418,1.12609,1.12613,1000000,10390000
2019.06.05 11:15:38.521,1.1261,1.12613,3750000,4500000
2019.06.05 11:15:38.805,1.12609,1.12612,1000000,13600000
2019.06.05 11:15:38.907,1.12609,1.12613,1870000,4310000
2019.06.05 11:15:39.414,1.1261,1.12612,1000000,1000000
2019.06.05 11:15:39.520,1.12609,1.12613,4570000,7950000
2019.06.05 11:15:39.985,1.12609,1.12612,1000000,7200000
2019.06.05 11:15:41.015,1.12609,1.12613,3070000,4570000
2019.06.05 11:15:41.383,1.1261,1.12612,1000000,2250000
2019.06.05 11:15:41.548,1.12609,1.12614,12450000,8120000
2019.06.05 11:15:42.388,1.12609,1.12613,6260000,8140000
2019.06.05 11:15:43.267,1.1261,1.12613,1120000,6560000
2019.06.05 11:15:43.369,1.1261,1.12614,1950000,4310000
2019.06.05 11:15:43.522,1.12611,1.12613,1000000,1000000
2019.06.05 11:15:43.625,1.12611,1.12614,4870000,2250000
2019.06.05 11:15:43.755,1.12609,1.12614,2140000,14710000
2019.06.05 11:15:44.120,1.1261,1.12613,1000000,5620000
2019.06.05 11:15:44.222,1.12609,1.12614,3260000,12460000
2019.06.05 11:15:44.455,1.12609,1.12614,3260000,12340000
2019.06.05 11:15:44.695,1.12609,1.12613,1120000,12340000
2019.06.05 11:15:44.842,1.1261,1.12613,1870000,1000000
2019.06.05 11:15:44.945,1.12611,1.12613,1870000,2250000
2019.06.05 11:15:45.101,1.1261,1.12613,4500000,5440000
2019.06.05 11:15:45.409,1.12611,1.12613,5620000,1000000
2019.06.05 11:15:45.511,1.1261,1.12613,4870000,7570000
2019.06.05 11:15:48.132,1.12609,1.12612,1500000,8850000
2019.06.05 11:15:48.234,1.1261,1.12612,3370000,1500000
2019.06.05 11:15:48.378,1.12609,1.12612,2620000,8250000
2019.06.05 11:15:48.888,1.1261,1.12612,6370000,1000000
2019.06.05 11:15:49.809,1.12609,1.12612,5620000,6750000
2019.06.05 11:15:50.020,1.1261,1.12612,4870000,1000000
2019.06.05 11:15:50.184,1.1261,1.12613,9750000,1000000
2019.06.05 11:15:50.458,1.12609,1.12613,6000000,6190000
2019.06.05 11:15:51.033,1.12609,1.12612,4870000,6190000
2019.06.05 11:15:51.311,1.1261,1.12612,4870000,1500000
2019.06.05 11:15:54.399,1.12609,1.12612,9750000,3000000
2019.06.05 11:15:55.055,1.12609,1.12611,1000000,1000000
2019.06.05 11:15:56.636,1.12609,1.12612,7200000,1000000
2019.06.05 11:15:57.224,1.12609,1.12611,1120000,1000000
2019.06.05 11:15:57.580,1.12608,1.12611,1500000,3640000
2019.06.05 11:15:58.467,1.12609,1.12611,1000000,3000000
2019.06.05 11:15:58.684,1.12609,1.12612,4500000,3000000
2019.06.05 11:15:59.326,1.12609,1.12611,1500000,1000000
2019.06.05 11:15:59.441,1.12608,1.12611,1000000,2060000
2019.06.05 11:16:00.820,1.12608,1.12611,3100000,1000000
2019.06.05 11:16:01.128,1.12607,1.1261,1120000,1120000
2019.06.05 11:16:01.589,1.12607,1.1261,3300000,1620000
2019.06.05 11:16:01.742,1.12607,1.12609,1120000,2370000
2019.06.05 11:16:01.863,1.12607,1.1261,5550000,2370000
2019.06.05 11:16:02.592,1.12607,1.1261,4050000,1500000
2019.06.05 11:16:04.279,1.12607,1.1261,3680000,3120000
2019.06.05 11:16:06.435,1.12607,1.1261,1870000,1000000
2019.06.05 11:16:06.564,1.12607,1.1261,3120000,1000000
2019.06.05 11:16:06.870,1.12607,1.1261,2620000,1000000
2019.06.05 11:16:12.233,1.12607,1.1261,1120000,1620000
2019.06.05 11:16:12.951,1.12607,1.12609,1000000,2370000
2019.06.05 11:16:13.343,1.12604,1.12607,4920000,9920000
2019.06.05 11:16:13.446,1.12602,1.12605,1000000,4690000
2019.06.05 11:16:13.548,1.12601,1.12603,1500000,1370000
2019.06.05 11:16:13.687,1.126,1.12603,4500000,1250000
2019.06.05 11:16:13.892,1.126,1.12602,1000000,1000000
2019.06.05 11:16:14.125,1.126,1.12603,5620000,1810000
2019.06.05 11:16:14.548,1.126,1.12603,3370000,1120000
2019.06.05 11:16:14.910,1.12601,1.12603,6370000,1000000
2019.06.05 11:16:15.062,1.126,1.12603,3370000,1310000
2019.06.05 11:16:15.889,1.126,1.12602,1000000,1120000
2019.06.05 11:16:15.992,1.126,1.12603,3190000,1120000
2019.06.05 11:16:16.629,1.126,1.12602,1000000,1120000
