2008.04.04 01:00:16.172,1.56511,1.56515,3.00,15.30
2008.04.04 01:00:16.464,1.56497,1.56507,1.00,12.00
2008.04.04 01:00:18.119,1.56487,1.56497,6.00,4.20
2008.04.04 01:00:18.339,1.56476,1.56486,9.00,1.80
2008.04.04 01:00:26.524,1.56468,1.56473,7.80,4.80
2008.04.04 01:00:27.112,1.56455,1.56465,4.80,7.20
2008.04.04 01:00:27.307,1.5644,1.56455,3.60,6.80
2008.04.04 01:00:28.279,1.56427,1.56443,1.80,3.00
2008.04.04 01:00:33.900,1.56429,1.56435,8.40,2.40
2008.04.04 01:00:34.555,1.56435,1.56441,1.00,8.40
2008.04.04 01:00:37.650,1.56446,1.5645,4.80,4.20
2008.04.04 01:00:38.154,1.56452,1.56462,1.00,15.20
2008.04.04 01:00:39.391,1.5646,1.5647,6.30,11.50
2008.04.04 01:00:39.871,1.56469,1.56474,3.00,8.40
2008.04.04 01:00:40.035,1.56474,1.56484,2.40,5.40
2008.04.04 01:00:40.199,1.56484,1.56489,32.40,3.00
2008.04.04 01:00:40.363,1.5649,1.56495,3.00,14.80
2008.04.04 01:00:40.526,1.56498,1.56502,2.40,15.00
2008.04.04 01:00:40.768,1.56504,1.56509,16.20,0.50
2008.04.04 01:00:48.604,1.56509,1.56519,9.60,1.90
2008.04.04 01:00:48.775,1.56516,1.56526,10.20,1.00
2008.04.04 01:00:48.947,1.56525,1.56535,10.20,1.00
2008.04.04 01:00:49.103,1.56534,1.56544,8.40,3.10
2008.04.04 01:00:52.752,1.56537,1.56557,4.80,27.60
2008.04.04 01:00:53.756,1.56538,1.56558,10.20,6.60
2008.04.04 01:00:53.835,1.56529,1.56544,2.40,4.80
2008.04.04 01:00:53.915,1.56514,1.56529,12.60,2.40
2008.04.04 01:00:56.563,1.56497,1.56517,1.00,1.80
2008.04.04 01:00:56.791,1.56486,1.56501,3.00,4.20
2008.04.04 01:00:56.964,1.56472,1.56487,22.80,1.00
2008.04.04 01:00:57.147,1.5646,1.56475,5.40,3.00
2008.04.04 01:00:57.319,1.56449,1.56469,7.80,1.00
2008.04.04 01:01:01.144,1.56447,1.56457,10.20,7.20
2008.04.04 01:01:04.689,1.56445,1.56465,4.80,2.20
2008.04.04 01:01:11.106,1.56443,1.56473,1.00,2.40
2008.04.04 01:01:11.664,1.56458,1.56463,3.60,12.90
2008.04.04 01:01:13.494,1.56448,1.56478,4.80,1.50
2008.04.04 01:01:17.878,1.56444,1.56484,11.40,4.80
2008.04.04 01:01:17.934,1.56458,1.56478,1.00,8.80
2008.04.04 01:01:18.158,1.56463,1.56483,3.00,11.40
2008.04.04 01:01:18.214,1.56474,1.56484,11.40,8.40
2008.04.04 01:01:22.568,1.56468,1.56492,4.80,7.20
2008.04.04 01:01:22.860,1.56458,1.56488,4.80,4.80
2008.04.04 01:01:25.242,1.56449,1.56484,3.70,5.40
2008.04.04 01:01:25.486,1.5645,1.5647,2.40,8.50
2008.04.04 01:01:25.579,1.56446,1.56466,2.40,6.70
2008.04.04 01:01:26.934,1.56448,1.56452,1.80,10.80
2008.04.04 01:01:27.411,1.56434,1.56449,3.00,7.20
2008.04.04 01:01:27.501,1.56428,1.56438,6.00,13.50
2008.04.04 01:01:27.671,1.56426,1.56436,7.80,7.20
2008.04.04 01:01:28.338,1.56432,1.56442,9.00,2.40
2008.04.04 01:01:29.482,1.5644,1.5645,8.40,4.20
2008.04.04 01:01:29.539,1.56449,1.56454,7.80,20.40
2008.04.04 01:01:30.174,1.56452,1.56457,4.80,4.80
2008.04.04 01:01:34.872,1.56451,1.56461,10.20,2.40
2008.04.04 01:01:38.730,1.56439,1.56474,6.00,8.40
2008.04.04 01:01:39.523,1.56453,1.56463,5.40,14.40
2008.04.04 01:01:44.710,1.56453,1.56463,6.00,1.00
2008.04.04 01:01:49.053,1.56451,1.56467,2.40,8.50
2008.04.04 01:02:03.991,1.5647,1.5648,6.00,1.00
2008.04.04 01:02:04.330,1.56489,1.56494,4.80,9.80
2008.04.04 01:02:04.667,1.5649,1.56494,7.20,4.80
2008.04.04 01:02:30.827,1.56468,1.56478,13.20,1.00
2008.04.04 01:02:48.979,1.56454,1.5647,10.40,4.80
2008.04.04 01:02:53.959,1.56464,1.56474,8.40,1.80
2008.04.04 01:02:54.338,1.56476,1.56486,6.00,8.50
2008.04.04 01:02:54.445,1.56485,1.56495,4.80,7.20
2008.04.04 01:03:03.311,1.56497,1.56507,7.80,5.40
2008.04.04 01:03:20.662,1.56494,1.56514,5.40,3.00
2008.04.04 01:03:21.444,1.56482,1.56506,3.60,18.30
2008.04.04 01:03:22.711,1.56464,1.56478,4.80,9.00
2008.04.04 01:03:27.819,1.56451,1.56467,1.00,7.80
2008.04.04 01:03:40.037,1.56453,1.56469,6.60,5.40
2008.04.04 01:03:40.445,1.56464,1.56474,6.00,10.20
2008.04.04 01:03:44.197,1.56465,1.56485,10.20,4.80
2008.04.04 01:04:05.086,1.56473,1.56479,1.00,4.80
2008.04.04 01:04:07.970,1.56465,1.5648,5.40,6.60
2008.04.04 01:04:08.074,1.56466,1.56472,6.60,2.40
2008.04.04 01:04:08.531,1.5646,1.56476,2.50,13.80
2008.04.04 01:04:08.596,1.56468,1.56472,2.40,2.70
2008.04.04 01:04:08.710,1.5647,1.5648,5.50,3.60
2008.04.04 01:04:08.817,1.56477,1.56487,14.40,2.40
2008.04.04 01:04:12.342,1.56479,1.56489,18.00,9.10
2008.04.04 01:04:12.617,1.56476,1.56486,2.40,1.00
2008.04.04 01:04:12.891,1.56473,1.56478,1.20,6.60
2008.04.04 01:04:13.771,1.56465,1.5647,1.80,4.80
2008.04.04 01:04:13.906,1.56457,1.56462,3.00,3.00
2008.04.04 01:04:14.086,1.56449,1.56453,4.80,2.70
2008.04.04 01:04:32.602,1.56442,1.56452,21.80,1.00
2008.04.04 01:04:32.786,1.56449,1.56453,2.40,3.00
2008.04.04 01:04:37.700,1.56454,1.56459,13.40,4.80
2008.04.04 01:04:43.444,1.56459,1.56465,8.40,3.10
2008.04.04 01:04:43.913,1.56461,1.56471,3.00,6.00
2008.04.04 01:04:49.904,1.56467,1.56472,22.80,2.40
2008.04.04 01:04:50.000,1.56469,1.56479,6.00,2.40
2008.04.04 01:04:50.184,1.56473,1.56483,17.10,4.80
2008.04.04 01:04:56.702,1.56474,1.56484,2.40,4.20
2008.04.04 01:05:32.784,1.56455,1.56459,22.80,17.80
2008.04.04 01:05:32.827,1.56436,1.56451,3.00,6.00
2008.04.04 01:05:33.080,1.56441,1.56447,6.40,5.40
2008.04.04 01:05:34.992,1.56456,1.56466,10.80,9.00
2008.04.04 01:05:54.520,1.56469,1.56475,1.00,8.40
2008.04.04 01:05:54.716,1.56466,1.56471,5.40,1.00
2008.04.04 01:05:54.912,1.56464,1.56468,2.40,12.40
2008.04.04 01:06:04.724,1.56452,1.56462,22.40,2.40
2008.04.04 01:06:04.839,1.56449,1.56459,12.60,2.40
2008.04.04 01:06:04.898,1.56445,1.56455,6.00,6.00
2008.04.04 01:06:05.075,1.56442,1.56452,1.00,6.00
2008.04.04 01:06:05.248,1.56435,1.56455,2.40,1.00
2008.04.04 01:06:06.560,1.56429,1.56459,24.00,9.00
2008.04.04 01:06:06.779,1.56431,1.56457,26.40,4.80
2008.04.04 01:06:06.996,1.56435,1.56455,10.20,2.40
2008.04.04 01:06:07.218,1.56439,1.56454,4.80,6.00
2008.04.04 01:06:07.752,1.56441,1.56456,7.80,4.30
2008.04.04 01:06:08.020,1.56447,1.56457,4.80,33.60
2008.04.04 01:06:08.288,1.56454,1.56458,6.00,4.80
2008.04.04 01:06:08.728,1.56459,1.56463,6.00,3.00
2008.04.04 01:06:08.904,1.56462,1.56467,2.40,1.00
2008.04.04 01:06:09.600,1.56463,1.56467,27.90,8.40
2008.04.04 01:06:09.724,1.56458,1.56463,8.40,2.70
2008.04.04 01:06:09.844,1.56452,1.56457,16.80,9.00
2008.04.04 01:06:17.063,1.56445,1.56455,2.40,6.70
2008.04.04 01:06:18.312,1.56441,1.56445,2.40,13.60
2008.04.04 01:06:22.330,1.5643,1.5644,3.00,13.00
2008.04.04 01:06:22.784,1.56424,1.56429,24.00,3.00
2008.04.04 01:06:23.435,1.56416,1.56421,1.00,6.60
2008.04.04 01:06:23.876,1.56409,1.56413,42.00,24.00
2008.04.04 01:06:24.003,1.56406,1.5641,5.40,10.80
2008.04.04 01:06:26.600,1.56408,1.56413,13.80,9.70
2008.04.04 01:06:26.788,1.56412,1.56417,1.00,10.50
2008.04.04 01:06:26.884,1.56416,1.56422,3.60,4.80
2008.04.04 01:06:37.335,1.56418,1.56428,14.40,12.90
2008.04.04 01:06:37.512,1.56425,1.5643,9.60,1.20
2008.04.04 01:06:37.686,1.56427,1.56432,8.40,4.80
2008.04.04 01:06:43.640,1.56429,1.56433,2.40,2.10
2008.04.04 01:06:43.915,1.56426,1.56436,7.20,4.80
2008.04.04 01:06:44.192,1.5643,1.56434,7.20,3.00
2008.04.04 01:06:47.279,1.56431,1.56436,6.00,2.40
2008.04.04 01:06:47.447,1.56431,1.56436,29.40,4.80
2008.04.04 01:06:47.616,1.56427,1.56437,1.00,6.60
2008.04.04 01:06:49.803,1.56428,1.56433,8.40,5.40
2008.04.04 01:06:50.812,1.56426,1.56431,9.60,6.00
2008.04.04 01:06:51.207,1.56424,1.56434,2.40,6.00
2008.04.04 01:06:58.317,1.56426,1.56436,2.40,2.40
2008.04.04 01:06:58.597,1.56428,1.56432,1.00,3.00
2008.04.04 01:07:04.704,1.56427,1.56433,4.80,13.20
2008.04.04 01:07:08.077,1.56429,1.56434,6.00,4.80
2008.04.04 01:07:08.203,1.56428,1.56438,10.80,4.10
2008.04.04 01:07:08.447,1.56429,1.56434,6.00,3.30
2008.04.04 01:07:09.971,1.56424,1.56434,4.80,9.00
2008.04.04 01:07:12.946,1.56418,1.56428,3.00,6.00
2008.04.04 01:07:13.161,1.56412,1.56417,22.90,3.90
2008.04.04 01:07:13.591,1.56401,1.56406,5.40,16.80
2008.04.04 01:07:13.807,1.5639,1.564,3.00,4.20
2008.04.04 01:07:15.976,1.56389,1.56393,2.40,6.00
2008.04.04 01:07:19.663,1.56394,1.56404,29.40,4.80
2008.04.04 01:07:19.915,1.56401,1.56411,11.60,8.40
2008.04.04 01:07:22.703,1.56405,1.56421,1.00,4.80
2008.04.04 01:07:22.790,1.5641,1.56426,6.00,2.50
2008.04.04 01:07:22.879,1.56411,1.56427,6.00,1.00
2008.04.04 01:07:22.959,1.5641,1.5643,10.20,4.20
2008.04.04 01:07:24.768,1.56411,1.56431,1.20,2.40
2008.04.04 01:07:25.111,1.56415,1.5643,9.00,4.80
2008.04.04 01:07:26.459,1.56418,1.56433,6.60,9.00
2008.04.04 01:07:26.859,1.56426,1.56436,9.60,3.00
2008.04.04 01:07:26.983,1.56436,1.56441,4.80,11.40
2008.04.04 01:07:27.111,1.56446,1.56451,4.80,3.00
2008.04.04 01:07:32.625,1.56449,1.56453,13.20,12.60
2008.04.04 01:07:32.879,1.56443,1.56448,9.00,6.00
2008.04.04 01:07:34.211,1.56422,1.56458,7.20,1.80
2008.04.04 01:07:34.503,1.5643,1.56434,18.00,3.00
2008.04.04 01:07:43.952,1.56423,1.56429,17.40,6.60
2008.04.04 01:07:47.446,1.56417,1.56427,9.00,1.80
2008.04.04 01:07:47.700,1.56415,1.56419,1.00,12.70
2008.04.04 01:07:47.791,1.56409,1.56425,1.00,4.20
2008.04.04 01:07:47.875,1.56413,1.56419,1.00,4.80
2008.04.04 01:07:48.162,1.56412,1.56417,9.00,4.80
2008.04.04 01:07:52.914,1.56403,1.56428,7.80,13.80
2008.04.04 01:07:53.116,1.56409,1.56419,3.60,2.40
2008.04.04 01:07:53.346,1.56406,1.56421,5.40,2.40
2008.04.04 01:07:53.986,1.56397,1.56433,1.80,6.40
2008.04.04 01:07:54.143,1.56401,1.56431,4.20,8.40
2008.04.04 01:07:54.885,1.5641,1.56425,14.40,4.80
2008.04.04 01:07:54.969,1.5641,1.56426,7.80,4.80
2008.04.04 01:08:12.986,1.56432,1.56456,12.60,5.10
2008.04.04 01:08:13.158,1.56424,1.56449,8.40,2.40
2008.04.04 01:08:13.329,1.56416,1.56441,11.40,4.80
2008.04.04 01:08:25.955,1.56409,1.56439,1.20,5.40
2008.04.04 01:08:26.175,1.5641,1.56435,0.25,16.60
2008.04.04 01:08:26.394,1.56409,1.56434,2.10,7.80
2008.04.04 01:08:27.671,1.56408,1.56433,3.60,4.80
2008.04.04 01:08:27.905,1.56404,1.56434,9.00,20.50
2008.04.04 01:08:28.143,1.56402,1.56432,3.60,8.40
2008.04.04 01:08:28.379,1.56398,1.56433,6.00,6.80
2008.04.04 01:08:28.615,1.56392,1.56432,2.40,7.80
2008.04.04 01:08:28.849,1.56387,1.56427,7.80,4.80
2008.04.04 01:08:29.055,1.56391,1.56406,14.40,4.80
2008.04.04 01:08:29.258,1.5638,1.56396,2.40,6.70
2008.04.04 01:08:29.362,1.56372,1.56382,1.00,2.40
2008.04.04 01:08:29.466,1.56369,1.56379,2.40,6.00
2008.04.04 01:08:29.571,1.56376,1.5639,3.60,4.80
2008.04.04 01:08:29.675,1.56372,1.56412,7.20,9.60
2008.04.04 01:08:29.877,1.5638,1.5642,1.20,5.40
2008.04.04 01:08:30.152,1.56385,1.56425,22.80,2.40
2008.04.04 01:08:30.440,1.56407,1.56412,3.60,5.70
2008.04.04 01:08:30.718,1.5641,1.5642,2.40,13.00
2008.04.04 01:08:30.977,1.56416,1.5642,0.25,16.60
2008.04.04 01:08:31.235,1.56416,1.56421,7.20,3.60
2008.04.04 01:08:33.093,1.56402,1.56432,12.60,2.40
2008.04.04 01:08:33.465,1.56406,1.56421,22.80,1.00
2008.04.04 01:08:33.601,1.56401,1.56421,6.60,2.40
2008.04.04 01:08:33.726,1.56398,1.56423,26.40,4.80
2008.04.04 01:08:34.090,1.56397,1.56427,2.40,5.20
2008.04.04 01:08:35.054,1.56402,1.56427,2.40,6.60
2008.04.04 01:08:37.154,1.56401,1.56436,1.20,4.80
2008.04.04 01:08:37.590,1.56404,1.56439,1.20,3.00
2008.04.04 01:08:37.690,1.5641,1.5644,1.00,3.00
2008.04.04 01:08:37.886,1.56414,1.56444,22.20,2.40
2008.04.04 01:08:38.274,1.56416,1.56446,24.60,2.40
2008.04.04 01:08:38.374,1.56423,1.56448,6.60,8.40
2008.04.04 01:08:38.570,1.56428,1.56453,7.20,4.80
2008.04.04 01:08:38.717,1.56435,1.56455,2.50,13.80
2008.04.04 01:08:38.864,1.5644,1.56465,5.50,4.20
2008.04.04 01:08:40.834,1.56439,1.56469,20.40,2.40
2008.04.04 01:08:41.178,1.56441,1.56461,5.40,1.80
2008.04.04 01:08:41.883,1.56427,1.56461,2.40,2.40
2008.04.04 01:08:42.151,1.56417,1.56452,4.80,6.60
2008.04.04 01:08:42.551,1.56409,1.56439,6.60,13.00
2008.04.04 01:08:42.686,1.56401,1.56431,3.60,2.40
2008.04.04 01:08:42.818,1.56394,1.56424,10.20,4.80
2008.04.04 01:08:50.750,1.56391,1.56421,3.60,9.70
2008.04.04 01:08:51.018,1.56394,1.56414,7.80,4.80
2008.04.04 01:08:51.277,1.56393,1.56413,1.00,7.20
2008.04.04 01:08:51.538,1.56388,1.56418,1.20,10.20
2008.04.04 01:08:51.793,1.56387,1.56422,2.40,12.40
2008.04.04 01:08:52.050,1.56388,1.56418,2.40,4.20
2008.04.04 01:08:52.304,1.56387,1.56418,8.40,16.30
2008.04.04 01:08:52.718,1.56388,1.56418,15.00,7.80
2008.04.04 01:08:53.262,1.56389,1.56414,6.00,1.00
2008.04.04 01:08:53.691,1.56387,1.56412,7.20,4.80
2008.04.04 01:08:53.890,1.56387,1.56407,16.80,3.00
2008.04.04 01:08:54.090,1.56379,1.56404,2.40,9.40
2008.04.04 01:08:54.290,1.56369,1.56404,6.60,7.20
2008.04.04 01:08:54.490,1.56367,1.56401,15.60,1.00
2008.04.04 01:09:05.958,1.56358,1.56382,8.40,10.90
2008.04.04 01:09:09.526,1.56345,1.56375,3.60,9.70
2008.04.04 01:09:11.496,1.56351,1.56377,11.40,33.10
2008.04.04 01:09:21.715,1.56382,1.56392,6.00,1.00
2008.04.04 01:09:22.708,1.56402,1.56406,5.40,6.40
2008.04.04 01:09:22.956,1.56405,1.56415,3.00,11.70
2008.04.04 01:09:28.379,1.56399,1.56423,4.80,6.00
2008.04.04 01:10:20.018,1.56439,1.56465,13.20,6.00
2008.04.04 01:10:29.338,1.56434,1.5647,3.60,5.40
2008.04.04 01:10:40.134,1.56435,1.56441,2.40,5.40
2008.04.04 01:10:40.553,1.56406,1.56412,12.20,2.40
2008.04.04 01:10:40.835,1.56393,1.56397,2.40,2.40
2008.04.04 01:10:42.570,1.56397,1.56403,8.40,3.30
2008.04.04 01:10:46.401,1.56401,1.56425,18.00,4.80
2008.04.04 01:10:46.560,1.56419,1.56423,7.80,2.40
2008.04.04 01:11:02.913,1.5643,1.56436,7.20,2.40
2008.04.04 01:11:13.813,1.56434,1.56439,2.40,9.00
2008.04.04 01:11:19.109,1.56439,1.56444,2.40,6.00
2008.04.04 01:11:19.213,1.56446,1.56451,2.40,9.20
2008.04.04 01:11:19.317,1.56453,1.56459,2.40,2.70
2008.04.04 01:11:27.657,1.56459,1.56463,12.30,4.80
2008.04.04 01:11:28.272,1.56456,1.5646,14.80,2.40
2008.04.04 01:11:29.973,1.56442,1.56448,4.80,2.20
2008.04.04 01:11:33.880,1.56422,1.56436,4.80,1.20
2008.04.04 01:11:34.063,1.5641,1.56415,10.20,4.80
2008.04.04 01:11:34.256,1.56391,1.56401,14.20,4.80
2008.04.04 01:11:34.441,1.56376,1.56386,10.40,4.80
2008.04.04 01:11:35.285,1.5637,1.5638,2.40,11.40
2008.04.04 01:11:35.626,1.56379,1.56384,2.40,9.00
2008.04.04 01:11:38.815,1.5639,1.56395,3.60,6.00
2008.04.04 01:11:39.046,1.564,1.5641,6.00,2.40
2008.04.04 01:11:54.705,1.56406,1.5642,2.40,9.20
2008.04.04 01:12:10.579,1.56408,1.56418,1.00,4.80
2008.04.04 01:12:12.268,1.56413,1.56423,7.80,4.25
2008.04.04 01:12:12.432,1.56417,1.56427,5.40,4.80
2008.04.04 01:12:12.596,1.56425,1.5643,11.40,4.80
2008.04.04 01:12:13.732,1.56428,1.56438,2.40,6.60
2008.04.04 01:12:14.315,1.56434,1.5644,18.60,5.40
2008.04.04 01:12:14.478,1.56433,1.56447,17.40,1.00
2008.04.04 01:12:19.084,1.56428,1.56448,8.40,1.80
2008.04.04 01:12:22.322,1.56415,1.56435,1.20,14.80
2008.04.04 01:12:22.478,1.56404,1.56419,1.20,9.00
2008.04.04 01:12:25.079,1.5639,1.56405,2.40,4.80
2008.04.04 01:12:25.428,1.56378,1.56398,2.40,4.50
2008.04.04 01:12:30.055,1.5637,1.5639,22.20,1.00
2008.04.04 01:12:35.679,1.56369,1.56389,5.40,7.20
2008.04.04 01:12:36.053,1.5638,1.56395,8.40,3.30
2008.04.04 01:12:44.242,1.56387,1.56403,6.00,13.90
2008.04.04 01:12:44.521,1.56393,1.56409,4.80,7.20
2008.04.04 01:12:46.723,1.56395,1.56415,7.20,17.20
2008.04.04 01:12:47.166,1.564,1.5642,2.40,17.20
2008.04.04 01:12:47.390,1.56406,1.5642,13.80,6.00
2008.04.04 01:12:47.747,1.56415,1.5642,6.00,3.00
2008.04.04 01:12:47.883,1.56418,1.56423,1.00,8.80
2008.04.04 01:12:53.052,1.56423,1.56428,1.80,8.40
2008.04.04 01:12:53.594,1.56425,1.5643,4.80,17.70
2008.04.04 01:12:54.259,1.56425,1.5643,8.40,10.90
2008.04.04 01:12:54.495,1.56424,1.56434,16.20,2.40
2008.04.04 01:13:00.249,1.56414,1.5643,7.20,4.80
2008.04.04 01:13:00.590,1.56416,1.5643,2.40,4.80
2008.04.04 01:13:08.275,1.56416,1.56432,19.80,6.00
2008.04.04 01:13:08.399,1.56416,1.56432,3.60,5.40
2008.04.04 01:13:08.687,1.56417,1.56433,12.00,8.40
2008.04.04 01:13:08.794,1.56418,1.56432,4.80,4.40
2008.04.04 01:13:08.837,1.56416,1.5643,3.00,1.90
2008.04.04 01:13:11.225,1.56414,1.5643,4.20,10.20
2008.04.04 01:13:13.682,1.56414,1.56428,7.80,5.40
2008.04.04 01:13:13.877,1.56415,1.56431,4.80,2.40
2008.04.04 01:13:14.077,1.56421,1.56431,22.20,4.80
2008.04.04 01:13:14.277,1.56427,1.56437,12.00,7.50
2008.04.04 01:13:24.222,1.56435,1.56445,25.20,15.40
2008.04.04 01:13:24.379,1.56438,1.56448,2.40,17.70
2008.04.04 01:13:24.695,1.56436,1.56446,6.00,6.80
2008.04.04 01:13:27.444,1.56432,1.56442,7.80,12.60
2008.04.04 01:13:32.513,1.56426,1.5644,2.40,11.40
2008.04.04 01:13:32.745,1.56426,1.56436,1.80,1.00
2008.04.04 01:13:32.983,1.56425,1.56435,10.80,6.00
2008.04.04 01:13:33.217,1.56422,1.56432,3.00,1.80
2008.04.04 01:13:33.569,1.56416,1.56426,4.80,1.80
2008.04.04 01:13:33.800,1.56411,1.56421,4.20,2.40
2008.04.04 01:13:34.029,1.56407,1.56411,2.40,2.50
2008.04.04 01:13:34.145,1.56403,1.56413,2.40,3.00
2008.04.04 01:13:43.572,1.56407,1.56417,9.90,6.00
2008.04.04 01:13:43.691,1.56413,1.56423,13.20,8.40
2008.04.04 01:13:43.713,1.56417,1.56427,7.40,2.40
2008.04.04 01:13:43.847,1.56423,1.56427,7.80,8.70
2008.04.04 01:13:43.974,1.56422,1.56428,1.20,1.00
2008.04.04 01:13:44.091,1.56424,1.56428,4.80,1.80
2008.04.04 01:13:45.785,1.5642,1.5643,13.00,2.40
2008.04.04 01:13:46.038,1.56419,1.56429,4.80,1.90
2008.04.04 01:13:46.169,1.56419,1.56429,2.40,6.00
2008.04.04 01:13:46.472,1.56421,1.56431,2.40,4.50
2008.04.04 01:13:54.944,1.56423,1.56433,7.80,1.80
2008.04.04 01:13:55.058,1.56426,1.5643,18.00,7.20
2008.04.04 01:13:55.390,1.56426,1.56432,4.80,10.20
2008.04.04 01:13:55.945,1.56427,1.56433,4.20,4.00
2008.04.04 01:13:56.088,1.56428,1.56432,3.00,1.80
2008.04.04 01:14:13.940,1.56418,1.56428,10.80,3.60
2008.04.04 01:14:14.291,1.56422,1.56432,4.20,1.80
2008.04.04 01:14:14.464,1.56427,1.56437,13.20,5.40
2008.04.04 01:14:19.203,1.56428,1.56438,24.00,9.00
2008.04.04 01:14:19.367,1.56423,1.56433,14.40,17.40
2008.04.04 01:14:19.532,1.56417,1.56427,2.40,7.20
2008.04.04 01:14:19.696,1.56411,1.56421,19.30,7.20
2008.04.04 01:14:24.723,1.564,1.56416,11.40,7.20
2008.04.04 01:14:24.982,1.56398,1.56412,7.80,17.50
2008.04.04 01:14:25.362,1.56398,1.56414,2.40,20.60
2008.04.04 01:14:29.786,1.56397,1.56417,4.80,7.20
2008.04.04 01:14:30.744,1.56403,1.56413,22.90,16.20
2008.04.04 01:14:30.892,1.56399,1.56419,1.00,7.20
2008.04.04 01:14:31.040,1.56399,1.56419,4.20,4.00
2008.04.04 01:15:01.144,1.56403,1.56423,11.40,3.00
2008.04.04 01:15:01.360,1.56408,1.56423,6.60,16.80
2008.04.04 01:15:01.661,1.56408,1.56423,18.00,2.40
2008.04.04 01:15:05.580,1.56405,1.5642,1.00,9.60
2008.04.04 01:15:05.979,1.56398,1.56413,4.50,4.80
2008.04.04 01:15:06.180,1.5639,1.56405,2.40,9.20
2008.04.04 01:15:06.672,1.56382,1.56402,1.20,2.40
2008.04.04 01:15:09.156,1.5638,1.564,1.00,2.70
2008.04.04 01:15:09.284,1.56388,1.56408,4.20,7.30
2008.04.04 01:15:09.413,1.56398,1.56418,1.20,6.30
2008.04.04 01:15:21.242,1.56404,1.56428,11.40,1.00
2008.04.04 01:15:21.486,1.56411,1.56436,6.00,6.00
2008.04.04 01:15:22.508,1.56417,1.56447,8.70,2.40
2008.04.04 01:15:22.758,1.56424,1.56454,2.40,6.60
2008.04.04 01:15:22.916,1.56426,1.56456,10.20,2.40
2008.04.04 01:15:23.173,1.56426,1.56446,5.40,9.10
2008.04.04 01:15:23.301,1.5642,1.56436,20.40,15.60
2008.04.04 01:15:25.239,1.56414,1.5643,13.20,15.60
2008.04.04 01:15:25.348,1.56411,1.56426,4.80,2.70
2008.04.04 01:15:25.531,1.56404,1.56429,1.00,2.40
2008.04.04 01:15:25.716,1.56404,1.56429,4.80,7.20
2008.04.04 01:15:42.731,1.56397,1.56437,1.80,8.40
2008.04.04 01:15:43.018,1.56401,1.56436,25.20,15.40
2008.04.04 01:15:43.307,1.56418,1.56422,19.80,24.00
2008.04.04 01:16:00.583,1.56412,1.56418,2.40,10.20
2008.04.04 01:16:00.883,1.564,1.5642,10.40,4.80
2008.04.04 01:16:01.066,1.56404,1.56424,13.20,15.60
2008.04.04 01:16:02.212,1.56426,1.56432,7.20,7.80
2008.04.04 01:16:03.769,1.56431,1.56447,13.20,23.40
2008.04.04 01:16:31.707,1.56436,1.5644,3.00,9.30
2008.04.04 01:16:48.386,1.56429,1.56439,3.00,6.10
2008.04.04 01:16:48.658,1.56422,1.56436,1.00,8.40
2008.04.04 01:16:48.995,1.56411,1.56441,8.40,17.50
2008.04.04 01:16:58.182,1.56413,1.56433,4.20,3.00
2008.04.04 01:17:04.021,1.56418,1.56448,9.60,5.00
2008.04.04 01:17:04.753,1.56419,1.56454,13.20,14.50
2008.04.04 01:17:05.085,1.56427,1.56457,15.60,1.00
2008.04.04 01:17:05.358,1.56437,1.56457,4.80,9.00
2008.04.04 01:17:05.622,1.56441,1.56466,2.40,8.80
2008.04.04 01:17:07.134,1.56449,1.56469,14.40,17.40
2008.04.04 01:17:07.258,1.56453,1.56469,15.60,2.40
2008.04.04 01:17:07.773,1.56449,1.56459,4.20,8.40
2008.04.04 01:17:08.025,1.56444,1.56448,5.10,8.10
2008.04.04 01:17:08.341,1.56435,1.56441,4.20,4.00
2008.04.04 01:17:08.660,1.56432,1.56436,2.40,6.60
2008.04.04 01:17:08.980,1.56426,1.56431,4.80,9.00
2008.04.04 01:17:09.460,1.56418,1.56428,13.80,4.80
2008.04.04 01:17:12.220,1.5641,1.5642,4.20,2.40
2008.04.04 01:17:12.461,1.56403,1.56417,7.80,5.40
2008.04.04 01:17:20.671,1.56405,1.5642,0.25,16.60
2008.04.04 01:17:25.032,1.56415,1.56431,2.40,13.00
2008.04.04 01:17:25.164,1.56427,1.56442,11.40,10.00
2008.04.04 01:17:25.439,1.56436,1.56452,7.20,4.20
2008.04.04 01:17:26.959,1.56442,1.56458,2.40,5.40
2008.04.04 01:17:45.095,1.56446,1.56456,7.20,4.80
2008.04.04 01:17:48.117,1.56443,1.56458,9.60,1.90
2008.04.04 01:17:53.608,1.56442,1.56457,2.40,2.70
2008.04.04 01:17:54.061,1.56441,1.56456,2.40,5.40
2008.04.04 01:17:59.221,1.56434,1.56464,2.40,2.40
2008.04.04 01:17:59.837,1.56442,1.56458,6.60,21.00
2008.04.04 01:18:18.827,1.56443,1.56467,11.40,4.80
2008.04.04 01:18:19.610,1.56436,1.56461,13.80,2.40
2008.04.04 01:18:19.806,1.56433,1.56453,3.60,9.00
2008.04.04 01:18:19.980,1.5643,1.56454,2.40,6.00
2008.04.04 01:18:24.224,1.56432,1.56462,2.40,1.80
2008.04.04 01:18:24.508,1.56442,1.56468,7.20,5.80
2008.04.04 01:18:24.792,1.56447,1.56473,1.00,14.70
2008.04.04 01:18:25.088,1.56442,1.56472,3.00,4.80
2008.04.04 01:18:28.503,1.56443,1.56463,2.40,1.00
2008.04.04 01:18:36.344,1.56436,1.56461,11.40,4.20
2008.04.04 01:18:36.691,1.56433,1.56453,11.80,2.40
2008.04.04 01:18:36.828,1.56422,1.56446,20.40,4.80
2008.04.04 01:18:37.230,1.56412,1.56437,4.80,7.20
2008.04.04 01:18:37.567,1.56406,1.5643,24.00,3.00
2008.04.04 01:18:37.683,1.56409,1.56429,12.60,1.00
2008.04.04 01:18:37.797,1.56412,1.56436,7.60,3.00
2008.04.04 01:18:42.142,1.56416,1.56446,7.80,7.20
2008.04.04 01:18:42.724,1.56421,1.56451,8.40,2.40
2008.04.04 01:18:42.954,1.56426,1.56451,1.20,8.20
2008.04.04 01:18:43.187,1.56427,1.56452,1.00,2.40
2008.04.04 01:18:43.418,1.56424,1.56454,4.80,7.20
2008.04.04 01:18:43.652,1.56428,1.56452,7.20,9.60
2008.04.04 01:19:05.106,1.56429,1.56459,2.40,5.40
2008.04.04 01:19:05.398,1.56421,1.56451,6.60,11.70
2008.04.04 01:19:05.693,1.5642,1.56435,3.00,7.20
2008.04.04 01:19:05.989,1.56416,1.56426,2.40,3.30
2008.04.04 01:19:06.087,1.56412,1.56422,6.00,18.60
2008.04.04 01:19:19.400,1.56396,1.56432,6.60,7.80
2008.04.04 01:19:19.704,1.56398,1.56434,4.20,1.00
2008.04.04 01:19:19.855,1.56407,1.56433,6.00,6.00
2008.04.04 01:19:20.007,1.56414,1.56434,11.40,1.90
2008.04.04 01:19:20.312,1.56415,1.56435,3.60,7.40
2008.04.04 01:19:44.779,1.56421,1.56426,1.00,4.80
2008.04.04 01:19:45.175,1.56421,1.56425,2.40,6.60
2008.04.04 01:19:45.335,1.56423,1.56428,2.40,7.80
2008.04.04 01:19:45.491,1.56429,1.56434,7.20,4.40
2008.04.04 01:19:45.807,1.56423,1.56447,25.20,15.40
2008.04.04 01:20:10.734,1.56476,1.56506,3.40,4.80
2008.04.04 01:20:10.966,1.5649,1.56495,1.20,2.40
2008.04.04 01:20:11.085,1.56491,1.56496,4.80,5.40
2008.04.04 01:20:15.863,1.56492,1.56497,2.40,12.70
2008.04.04 01:20:16.069,1.56493,1.56498,1.80,9.60
2008.04.04 01:20:16.230,1.56482,1.56506,10.20,6.60
2008.04.04 01:20:16.390,1.56475,1.565,24.00,9.00
2008.04.04 01:20:16.713,1.56477,1.56481,12.00,5.40
2008.04.04 01:20:18.496,1.56467,1.56471,2.40,8.40
2008.04.04 01:20:21.683,1.56456,1.56462,32.40,4.80
2008.04.04 01:20:22.283,1.56446,1.5645,3.00,1.90
2008.04.04 01:20:22.599,1.56435,1.5644,8.40,4.80
2008.04.04 01:20:22.655,1.56425,1.5643,9.60,14.50
2008.04.04 01:20:22.737,1.56413,1.56417,1.00,4.80
2008.04.04 01:20:25.917,1.56399,1.56409,3.60,7.20
2008.04.04 01:20:28.510,1.56397,1.56402,2.40,25.60
2008.04.04 01:20:29.201,1.56398,1.56408,9.00,1.80
2008.04.04 01:20:34.296,1.56398,1.56418,4.80,4.20
2008.04.04 01:20:34.522,1.56406,1.56426,1.00,8.40
2008.04.04 01:20:39.530,1.56417,1.56427,9.00,8.80
2008.04.04 01:20:39.733,1.56419,1.56434,12.00,8.40
2008.04.04 01:20:39.934,1.5642,1.5644,2.40,4.80
2008.04.04 01:20:40.134,1.56425,1.56445,6.00,8.40
2008.04.04 01:20:57.632,1.56428,1.56448,1.20,4.80
2008.04.04 01:21:12.188,1.56447,1.56457,4.80,22.00
2008.04.04 01:21:14.410,1.56452,1.56457,10.40,4.80
2008.04.04 01:21:31.073,1.56441,1.56457,1.20,2.40
2008.04.04 01:21:32.695,1.5643,1.56446,6.00,2.40
2008.04.04 01:21:45.445,1.56425,1.56439,5.40,6.60
2008.04.04 01:21:48.031,1.5643,1.5644,27.90,8.40
2008.04.04 01:21:56.285,1.56432,1.56452,6.00,1.90
2008.04.04 01:21:56.511,1.56438,1.56454,1.20,4.80
2008.04.04 01:22:02.314,1.5642,1.5644,10.80,6.00
2008.04.04 01:22:02.606,1.56425,1.56435,8.40,8.40
2008.04.04 01:22:02.921,1.56421,1.56441,4.80,7.80
2008.04.04 01:22:03.126,1.56426,1.5644,6.60,7.20
2008.04.04 01:22:03.218,1.56427,1.56447,1.20,8.40
2008.04.04 01:22:03.514,1.56432,1.56452,3.00,14.80
2008.04.04 01:22:04.035,1.56439,1.56454,19.20,9.00
2008.04.04 01:22:04.405,1.56443,1.56458,2.40,2.40
2008.04.04 01:22:16.467,1.56443,1.56463,2.40,13.60
2008.04.04 01:22:16.695,1.56443,1.56463,27.90,8.40
2008.04.04 01:22:22.939,1.56443,1.56463,3.60,6.80
2008.04.04 01:22:23.475,1.56443,1.56463,10.50,4.80
2008.04.04 01:22:23.778,1.5644,1.5647,9.00,11.70
2008.04.04 01:22:34.523,1.5644,1.5647,2.40,12.00
2008.04.04 01:22:34.791,1.56437,1.56467,17.60,15.60
2008.04.04 01:22:34.926,1.56429,1.56459,1.00,7.80
2008.04.04 01:22:35.063,1.56427,1.56447,8.40,9.60
2008.04.04 01:22:35.198,1.56423,1.56443,9.60,1.90
2008.04.04 01:22:35.335,1.56416,1.56446,23.40,1.80
2008.04.04 01:22:35.603,1.56416,1.56446,2.40,6.60
2008.04.04 01:22:36.247,1.56417,1.56447,11.40,1.00
2008.04.04 01:22:36.411,1.56418,1.56448,12.60,16.20
2008.04.04 01:22:36.735,1.56424,1.56444,1.00,7.20
2008.04.04 01:22:38.124,1.56419,1.56449,6.60,3.90
2008.04.04 01:22:38.455,1.5642,1.5645,3.60,2.40
2008.04.04 01:22:39.104,1.56415,1.56459,3.00,6.00
2008.04.04 01:22:39.202,1.56416,1.5646,19.50,7.90
2008.04.04 01:22:39.687,1.56414,1.56458,2.40,1.00
2008.04.04 01:22:39.766,1.56413,1.56459,28.20,8.40
2008.04.04 01:22:39.817,1.56414,1.56458,2.40,1.80
2008.04.04 01:22:39.855,1.56419,1.56459,1.00,4.80
2008.04.04 01:22:40.130,1.56427,1.56452,4.20,2.40
2008.04.04 01:22:41.380,1.56426,1.56456,2.40,3.60
2008.04.04 01:22:41.707,1.56434,1.56444,27.60,4.80
2008.04.04 01:22:41.871,1.56432,1.56437,6.00,5.70
2008.04.04 01:22:44.299,1.56428,1.56433,3.00,6.00
2008.04.04 01:22:44.699,1.56414,1.56439,1.20,4.80
2008.04.04 01:22:44.859,1.56409,1.56434,3.00,10.80
2008.04.04 01:22:45.343,1.56406,1.56426,6.90,4.80
2008.04.04 01:22:45.503,1.56395,1.56425,1.00,5.20
2008.04.04 01:22:45.886,1.56405,1.5642,27.60,8.40
2008.04.04 01:22:46.067,1.56415,1.5643,7.80,14.70
2008.04.04 01:22:46.265,1.56424,1.56444,9.00,3.00
2008.04.04 01:22:46.449,1.56428,1.56454,1.80,10.20
2008.04.04 01:22:46.635,1.56439,1.56449,11.00,3.60
2008.04.04 01:22:46.869,1.56443,1.56448,5.40,11.40
2008.04.04 01:22:47.107,1.56439,1.56449,1.20,15.60
2008.04.04 01:22:47.341,1.56437,1.56447,1.00,4.20
2008.04.04 01:22:47.738,1.56437,1.56447,8.40,6.00
2008.04.04 01:22:47.900,1.56436,1.56446,11.40,2.70
2008.04.04 01:22:48.073,1.56436,1.56446,13.80,4.20
2008.04.04 01:22:49.347,1.56441,1.56446,3.00,4.80
2008.04.04 01:22:50.197,1.56435,1.56455,2.40,5.80
2008.04.04 01:22:50.594,1.56438,1.56458,10.80,9.00
2008.04.04 01:22:50.674,1.56442,1.56457,27.90,8.40
2008.04.04 01:22:50.870,1.56441,1.56456,2.40,5.40
2008.04.04 01:22:51.073,1.56444,1.56449,6.00,2.40
2008.04.04 01:22:51.274,1.56435,1.56445,3.00,1.90
2008.04.04 01:22:52.649,1.56424,1.56439,3.00,10.80
2008.04.04 01:22:52.968,1.56418,1.56434,6.00,14.20
2008.04.04 01:23:05.917,1.56405,1.56425,7.20,4.80
2008.04.04 01:23:07.106,1.56409,1.56439,7.40,4.80
2008.04.04 01:23:17.107,1.56417,1.56447,5.40,1.00
2008.04.04 01:23:18.689,1.5643,1.56454,3.00,8.70
2008.04.04 01:23:21.850,1.5644,1.56466,3.00,10.80
2008.04.04 01:23:22.811,1.5645,1.5647,8.40,4.80
2008.04.04 01:23:38.517,1.56442,1.56472,5.40,3.00
2008.04.04 01:23:39.949,1.56442,1.56462,2.40,7.20
2008.04.04 01:23:43.062,1.56434,1.56464,5.40,2.40
2008.04.04 01:23:44.503,1.56435,1.56455,8.40,2.40
2008.04.04 01:23:45.124,1.56428,1.56458,8.40,4.80
2008.04.04 01:23:47.467,1.56427,1.56457,4.80,12.60
2008.04.04 01:24:06.138,1.56412,1.56418,7.20,9.10
2008.04.04 01:24:08.702,1.56409,1.56414,3.30,4.80
2008.04.04 01:24:10.884,1.56412,1.56422,7.20,9.60
2008.04.04 01:24:20.580,1.5643,1.5644,7.80,12.60
2008.04.04 01:24:32.499,1.56443,1.56453,6.00,2.40
2008.04.04 01:24:40.016,1.56446,1.56456,2.40,12.40
2008.04.04 01:24:48.686,1.56449,1.56454,6.00,8.80
2008.04.04 01:24:52.595,1.56436,1.56466,7.20,2.40
2008.04.04 01:25:04.049,1.56433,1.56443,6.00,3.30
2008.04.04 01:25:14.288,1.56419,1.56429,7.80,3.60
2008.04.04 01:25:21.306,1.5642,1.56424,7.80,4.80
2008.04.04 01:25:27.790,1.56424,1.56449,9.60,14.50
2008.04.04 01:25:28.727,1.56431,1.56461,7.20,4.80
2008.04.04 01:25:43.508,1.56443,1.56448,7.80,4.80
2008.04.04 01:25:48.430,1.56434,1.5645,6.60,7.20
2008.04.04 01:25:48.883,1.56436,1.56446,8.70,4.80
2008.04.04 01:25:50.340,1.56437,1.56447,9.00,4.80
2008.04.04 01:25:52.899,1.56443,1.56448,1.00,12.00
2008.04.04 01:25:54.475,1.56443,1.56453,6.00,3.00
2008.04.04 01:26:04.765,1.56419,1.56449,22.20,26.40
2008.04.04 01:26:06.159,1.56422,1.56432,2.40,4.80
2008.04.04 01:26:10.159,1.56422,1.56432,10.00,2.40
2008.04.04 01:26:23.573,1.56435,1.56445,18.00,6.00
2008.04.04 01:26:25.500,1.56434,1.56464,6.00,5.20
2008.04.04 01:26:26.170,1.56444,1.56454,6.00,6.00
2008.04.04 01:26:35.236,1.56433,1.56463,3.60,7.80
2008.04.04 01:26:35.457,1.56432,1.56457,2.40,6.00
2008.04.04 01:26:35.678,1.56431,1.56457,2.40,1.20
2008.04.04 01:26:35.793,1.56434,1.56459,9.30,4.80
2008.04.04 01:26:45.365,1.56445,1.56451,6.60,11.70
2008.04.04 01:27:05.619,1.5644,1.5645,1.00,4.80
2008.04.04 01:27:13.539,1.56444,1.56454,12.00,5.40
2008.04.04 01:27:18.041,1.56436,1.56452,6.00,5.10
2008.04.04 01:27:25.019,1.56424,1.56438,5.20,4.80
2008.04.04 01:27:25.866,1.56417,1.56427,1.00,5.60
2008.04.04 01:27:30.291,1.56412,1.56432,8.40,1.00
2008.04.04 01:27:32.537,1.56413,1.56439,13.20,1.00
2008.04.04 01:27:32.745,1.56415,1.56439,9.60,4.20
2008.04.04 01:27:33.015,1.56413,1.56439,1.20,2.40
2008.04.04 01:27:41.126,1.56419,1.56429,11.40,6.60
2008.04.04 01:27:56.187,1.56417,1.56427,4.80,7.20
2008.04.04 01:28:15.861,1.5643,1.5646,6.90,4.80
2008.04.04 01:28:21.866,1.56444,1.56454,6.00,3.00
2008.04.04 01:28:23.834,1.56433,1.56447,2.40,4.20
2008.04.04 01:28:34.442,1.56417,1.56421,15.00,2.40
2008.04.04 01:28:37.048,1.56401,1.56411,3.00,8.40
2008.04.04 01:28:41.730,1.56398,1.56408,7.80,1.00
2008.04.04 01:28:44.236,1.5639,1.5642,3.00,6.40
2008.04.04 01:28:56.083,1.56406,1.5641,2.40,4.20
2008.04.04 01:29:02.829,1.56426,1.56446,7.20,5.40
2008.04.04 01:29:02.944,1.56421,1.56441,4.20,5.40
2008.04.04 01:29:03.060,1.56416,1.56436,15.60,1.00
2008.04.04 01:29:03.289,1.56416,1.56436,7.80,6.00
2008.04.04 01:29:03.516,1.56416,1.56436,2.40,4.20
2008.04.04 01:29:07.759,1.56414,1.5644,2.40,13.30
2008.04.04 01:29:08.731,1.5642,1.56436,13.20,8.40
2008.04.04 01:29:16.077,1.56419,1.56439,2.40,2.40
2008.04.04 01:29:18.214,1.56422,1.56436,4.80,3.70
2008.04.04 01:29:18.895,1.56419,1.56439,8.40,10.80
2008.04.04 01:29:22.452,1.56416,1.56436,12.00,9.90
2008.04.04 01:29:22.501,1.56414,1.56434,6.00,3.30
2008.04.04 01:29:22.597,1.56416,1.5643,3.00,1.00
2008.04.04 01:29:22.689,1.56414,1.5643,2.40,21.60
2008.04.04 01:29:25.699,1.56417,1.56431,1.00,4.80
2008.04.04 01:29:26.139,1.56421,1.56435,22.20,2.40
2008.04.04 01:29:26.678,1.56426,1.5644,5.40,16.80
2008.04.04 01:29:26.826,1.5643,1.5645,7.80,9.60
2008.04.04 01:29:26.974,1.56438,1.56458,7.80,4.80
2008.04.04 01:29:27.123,1.56451,1.56465,10.80,6.00
2008.04.04 01:29:27.271,1.56449,1.56469,4.80,7.20
2008.04.04 01:29:27.351,1.5644,1.56464,7.20,1.00
2008.04.04 01:29:27.429,1.56434,1.56454,14.40,6.00
2008.04.04 01:29:27.509,1.56427,1.56447,6.00,3.00
2008.04.04 01:29:27.589,1.56418,1.56448,13.20,11.40
2008.04.04 01:29:27.898,1.56418,1.56442,2.40,7.80
2008.04.04 01:29:27.978,1.56418,1.56438,15.60,10.80
2008.04.04 01:29:28.214,1.56416,1.56436,2.40,11.20
2008.04.04 01:29:28.293,1.56415,1.56435,1.00,7.20
2008.04.04 01:29:28.636,1.56415,1.56429,2.40,4.60
2008.04.04 01:29:28.973,1.56407,1.56433,4.80,7.20
2008.04.04 01:29:29.313,1.56405,1.56435,6.00,18.60
2008.04.04 01:29:29.468,1.56406,1.56436,3.00,4.80
2008.04.04 01:29:30.437,1.56412,1.56432,7.80,6.00
2008.04.04 01:29:30.593,1.56412,1.56432,7.80,4.80
2008.04.04 01:29:30.817,1.56412,1.56426,4.80,6.00
2008.04.04 01:29:31.041,1.56408,1.56424,4.80,11.40
2008.04.04 01:29:31.267,1.56401,1.56421,5.50,4.20
2008.04.04 01:29:31.491,1.56391,1.56421,7.80,10.80
2008.04.04 01:29:32.721,1.56389,1.56409,1.00,2.40
2008.04.04 01:29:32.857,1.56381,1.56401,6.00,4.80
2008.04.04 01:29:35.411,1.56377,1.56403,7.80,9.30
2008.04.04 01:29:35.541,1.56383,1.56409,1.00,7.90
2008.04.04 01:29:35.652,1.56391,1.56417,3.60,2.40
2008.04.04 01:29:35.701,1.56392,1.56422,3.00,3.00
2008.04.04 01:29:35.801,1.56395,1.56425,11.00,4.80
2008.04.04 01:29:35.939,1.56398,1.56424,1.00,7.90
2008.04.04 01:29:36.153,1.56397,1.56427,2.40,4.00
2008.04.04 01:29:37.512,1.56397,1.56427,5.40,4.80
2008.04.04 01:29:39.748,1.56402,1.56426,9.60,1.20
2008.04.04 01:29:39.954,1.56403,1.56427,3.00,6.00
2008.04.04 01:29:40.168,1.56406,1.56432,3.30,2.40
2008.04.04 01:29:40.216,1.56409,1.56439,2.40,6.40
2008.04.04 01:29:40.473,1.5641,1.5644,2.40,4.80
2008.04.04 01:29:40.496,1.56412,1.56442,3.00,17.10
2008.04.04 01:29:40.621,1.5641,1.5644,18.00,9.10
2008.04.04 01:29:40.800,1.56409,1.56439,18.00,2.40
2008.04.04 01:29:45.889,1.56407,1.56437,5.40,7.80
2008.04.04 01:29:46.506,1.56407,1.56437,2.40,11.20
2008.04.04 01:29:46.650,1.56408,1.56434,7.80,1.00
2008.04.04 01:29:46.796,1.56409,1.56435,1.00,6.00
2008.04.04 01:29:47.078,1.56413,1.56433,19.80,24.00
2008.04.04 01:29:47.370,1.56416,1.56436,9.60,14.50
2008.04.04 01:29:47.568,1.56416,1.5644,4.80,5.70
2008.04.04 01:29:47.962,1.56413,1.56443,17.40,4.80
2008.04.04 01:29:57.350,1.56422,1.56436,2.40,2.40
2008.04.04 01:30:10.894,1.56412,1.56416,7.80,3.60
2008.04.04 01:30:19.756,1.56389,1.56409,8.40,17.80
2008.04.04 01:30:23.113,1.56383,1.56413,6.60,6.60
2008.04.04 01:30:24.305,1.56415,1.5642,2.40,16.00
2008.04.04 01:30:25.227,1.5643,1.56434,2.40,7.00
2008.04.04 01:30:27.578,1.56429,1.56439,7.80,1.00
2008.04.04 01:30:31.927,1.56425,1.56435,4.80,10.80
2008.04.04 01:30:40.429,1.56418,1.56433,2.40,5.80
2008.04.04 01:30:44.020,1.56419,1.56425,2.40,4.50
2008.04.04 01:30:46.512,1.56406,1.56436,2.40,4.80
2008.04.04 01:30:50.736,1.56413,1.56427,0.25,16.60
2008.04.04 01:31:43.820,1.56422,1.56462,2.40,12.10
2008.04.04 01:31:44.019,1.56437,1.56472,10.00,4.80
2008.04.04 01:31:44.219,1.56431,1.56465,5.40,1.80
2008.04.04 01:31:44.518,1.56405,1.5644,4.20,2.40
2008.04.04 01:31:49.448,1.56392,1.56432,14.40,10.90
2008.04.04 01:31:53.634,1.56422,1.56427,24.40,5.20
2008.04.04 01:31:53.655,1.56416,1.56456,10.20,4.80
2008.04.04 01:32:04.712,1.56438,1.56448,2.40,4.80
2008.04.04 01:32:04.932,1.56432,1.56437,11.00,4.80
2008.04.04 01:32:05.630,1.56404,1.56448,2.40,2.40
2008.04.04 01:32:10.655,1.56419,1.56425,7.20,1.00
2008.04.04 01:32:10.766,1.56409,1.56453,3.00,6.10
2008.04.04 01:32:14.562,1.56438,1.56442,2.40,8.50
2008.04.04 01:32:22.953,1.56428,1.56473,12.60,10.50
2008.04.04 01:32:27.212,1.56444,1.56474,2.40,1.00
2008.04.04 01:32:27.664,1.56449,1.56479,2.40,3.00
2008.04.04 01:32:27.729,1.56461,1.56466,11.40,10.00
2008.04.04 01:32:29.228,1.56453,1.56468,14.40,4.80
2008.04.04 01:32:33.750,1.56436,1.56482,1.20,2.40
2008.04.04 01:32:36.667,1.56443,1.56473,1.00,15.20
2008.04.04 01:32:37.247,1.56447,1.56467,7.20,1.00
2008.04.04 01:32:37.366,1.56452,1.56457,14.40,2.40
2008.04.04 01:32:53.785,1.5645,1.56454,3.60,2.40
2008.04.04 01:33:02.916,1.56442,1.56448,13.40,4.80
2008.04.04 01:33:13.429,1.56436,1.56441,7.80,4.80
2008.04.04 01:33:13.753,1.56427,1.56437,4.80,17.70
2008.04.04 01:33:13.919,1.5642,1.5644,14.50,4.80
2008.04.04 01:33:21.276,1.56432,1.56446,7.20,1.00
2008.04.04 01:33:24.814,1.56446,1.56456,4.20,5.80
2008.04.04 01:33:24.942,1.56454,1.56474,14.20,4.80
2008.04.04 01:33:25.742,1.56468,1.56472,2.40,1.00
2008.04.04 01:33:26.019,1.56468,1.56472,2.40,5.40
2008.04.04 01:33:26.171,1.56466,1.5647,8.40,3.30
2008.04.04 01:33:47.769,1.56454,1.56474,6.00,6.00
2008.04.04 01:33:48.440,1.5646,1.56465,2.40,1.80
2008.04.04 01:33:48.778,1.5646,1.56465,16.20,1.20
2008.04.04 01:33:48.854,1.56451,1.56471,2.40,1.20
2008.04.04 01:34:09.693,1.56463,1.56467,11.40,1.00
2008.04.04 01:34:19.100,1.5644,1.56455,10.00,4.80
2008.04.04 01:34:20.128,1.5644,1.5645,3.00,3.00
2008.04.04 01:34:34.133,1.56457,1.56467,15.00,4.50
2008.04.04 01:34:37.379,1.56471,1.56477,1.20,13.20
2008.04.04 01:34:45.322,1.56468,1.56478,8.40,2.50
2008.04.04 01:34:48.758,1.56466,1.56471,7.80,11.70
2008.04.04 01:34:49.413,1.5646,1.56464,8.40,7.20
2008.04.04 01:34:50.007,1.56453,1.56458,6.60,5.40
2008.04.04 01:34:50.185,1.56443,1.56463,8.40,9.40
2008.04.04 01:35:16.716,1.5646,1.56474,25.80,12.00
2008.04.04 01:35:24.231,1.56448,1.56458,8.40,3.00
2008.04.04 01:35:32.614,1.56447,1.56457,6.60,13.00
2008.04.04 01:35:37.704,1.56461,1.56471,4.80,13.80
2008.04.04 01:35:45.974,1.56476,1.5648,2.40,12.00
2008.04.04 01:35:46.578,1.56474,1.5648,18.60,1.00
2008.04.04 01:35:48.365,1.56472,1.56477,3.00,7.80
2008.04.04 01:35:49.006,1.56471,1.56475,1.00,7.20
2008.04.04 01:37:15.180,1.56462,1.56468,5.70,3.00
2008.04.04 01:37:16.300,1.56457,1.56461,7.20,4.80
2008.04.04 01:37:35.714,1.56448,1.56453,1.00,5.60
2008.04.04 01:37:35.987,1.56439,1.56444,7.80,2.40
2008.04.04 01:37:36.263,1.56434,1.5644,2.40,5.80
2008.04.04 01:37:39.983,1.56435,1.56445,3.60,4.20
2008.04.04 01:37:40.053,1.56446,1.5645,9.00,4.80
2008.04.04 01:37:40.717,1.56454,1.56458,11.40,13.00
2008.04.04 01:37:47.908,1.56463,1.56468,4.20,15.30
2008.04.04 01:37:53.096,1.56474,1.56478,10.80,2.40
2008.04.04 01:37:55.252,1.56485,1.56489,1.00,12.00
2008.04.04 01:37:55.491,1.56488,1.56494,6.00,9.60
2008.04.04 01:37:55.669,1.56486,1.5649,1.20,9.10
2008.04.04 01:37:59.203,1.56481,1.56485,7.20,9.60
2008.04.04 01:37:59.316,1.56476,1.56481,6.00,6.60
2008.04.04 01:37:59.401,1.5647,1.5648,3.60,18.10
2008.04.04 01:37:59.474,1.5647,1.56476,12.00,7.80
2008.04.04 01:38:05.062,1.56465,1.56469,6.60,7.20
2008.04.04 01:38:05.643,1.56451,1.56456,7.30,1.00
2008.04.04 01:38:06.001,1.5645,1.56454,11.40,33.10
2008.04.04 01:38:06.211,1.56463,1.56467,11.50,4.80
2008.04.04 01:38:27.367,1.56475,1.56481,2.40,4.00
2008.04.04 01:38:27.432,1.56477,1.56483,3.00,7.80
2008.04.04 01:38:27.519,1.56477,1.56481,12.60,6.00
2008.04.04 01:38:27.544,1.56472,1.56477,2.40,1.80
2008.04.04 01:38:51.947,1.56469,1.56475,6.60,4.80
2008.04.04 01:39:52.984,1.5646,1.56466,3.00,6.00
2008.04.04 01:39:53.349,1.56452,1.56457,2.40,18.60
2008.04.04 01:39:53.704,1.56454,1.56458,6.00,4.80
2008.04.04 01:39:54.043,1.56467,1.56472,11.40,2.40
2008.04.04 01:39:54.427,1.56477,1.56483,15.00,4.80
2008.04.04 01:39:56.745,1.5648,1.56485,3.00,4.80
2008.04.04 01:39:56.867,1.56479,1.56483,3.00,1.90
2008.04.04 01:40:01.501,1.5646,1.56466,12.00,3.00
2008.04.04 01:40:20.597,1.56452,1.56458,4.80,5.50
2008.04.04 01:40:21.735,1.56456,1.5646,2.40,1.80
2008.04.04 01:40:27.288,1.56468,1.56482,6.00,1.90
2008.04.04 01:40:28.555,1.56481,1.56485,12.60,5.80
2008.04.04 01:40:31.712,1.56477,1.56482,10.80,3.30
2008.04.04 01:40:52.644,1.56474,1.56478,4.20,7.80
2008.04.04 01:41:09.488,1.56474,1.5648,4.80,4.20
2008.04.04 01:41:11.747,1.5647,1.565,12.40,4.80
2008.04.04 01:41:16.985,1.56477,1.56481,5.40,7.20
2008.04.04 01:41:22.890,1.56454,1.56464,4.80,7.80
2008.04.04 01:41:28.143,1.56445,1.56449,16.80,11.90
2008.04.04 01:41:36.696,1.5644,1.56454,9.60,1.00
2008.04.04 01:41:41.624,1.56443,1.56467,2.40,11.40
2008.04.04 01:41:49.116,1.56453,1.56473,3.00,1.90
2008.04.04 01:41:51.997,1.56461,1.56481,2.40,2.40
2008.04.04 01:41:55.704,1.56474,1.56484,4.80,4.80
2008.04.04 01:41:56.034,1.56481,1.56487,12.60,4.80
2008.04.04 01:42:08.562,1.56499,1.56505,8.40,3.00
2008.04.04 01:42:08.706,1.56509,1.56519,3.60,8.80
2008.04.04 01:42:08.852,1.5651,1.56514,27.00,7.80
2008.04.04 01:42:27.083,1.56481,1.56496,3.00,9.60
2008.04.04 01:42:51.592,1.56474,1.56484,6.00,2.40
2008.04.04 01:42:52.435,1.56486,1.56501,20.40,3.00
2008.04.04 01:42:53.228,1.56494,1.56514,7.80,6.80
2008.04.04 01:43:14.568,1.56506,1.5651,17.20,8.80
2008.04.04 01:43:16.980,1.56501,1.56511,2.40,10.30
2008.04.04 01:43:17.914,1.56503,1.56508,4.80,2.40
2008.04.04 01:43:18.607,1.56497,1.56512,10.20,7.30
2008.04.04 01:43:19.164,1.56496,1.56511,7.20,29.60
2008.04.04 01:43:19.268,1.56494,1.56514,39.00,7.80
2008.04.04 01:43:19.297,1.56491,1.56511,14.40,17.40
2008.04.04 01:43:19.469,1.56487,1.56507,5.40,4.80
2008.04.04 01:43:21.259,1.56479,1.56499,14.40,4.80
2008.04.04 01:43:21.364,1.56468,1.56488,10.80,8.50
2008.04.04 01:43:25.256,1.56456,1.56476,18.00,7.20
2008.04.04 01:43:29.004,1.56451,1.56471,2.40,6.00
2008.04.04 01:43:29.187,1.56453,1.56473,1.80,4.00
2008.04.04 01:43:29.372,1.56463,1.56477,6.00,13.30
2008.04.04 01:43:33.838,1.5647,1.56486,13.20,6.00
2008.04.04 01:43:34.784,1.56468,1.56498,6.00,10.20
2008.04.04 01:43:35.047,1.56476,1.565,8.40,1.80
2008.04.04 01:43:35.115,1.56481,1.56506,4.80,5.40
2008.04.04 01:43:35.255,1.56492,1.56507,4.80,9.60
2008.04.04 01:43:37.213,1.565,1.56515,7.20,4.80
2008.04.04 01:43:37.780,1.56505,1.56525,21.00,5.40
2008.04.04 01:43:38.014,1.56521,1.56525,12.00,2.40
2008.04.04 01:43:38.136,1.56528,1.56533,10.80,9.90
2008.04.04 01:43:38.254,1.56536,1.56542,20.40,6.00
2008.04.04 01:43:38.374,1.56533,1.56543,4.80,17.70
2008.04.04 01:43:38.607,1.56527,1.56532,12.60,1.00
2008.04.04 01:43:38.723,1.56517,1.56522,8.40,2.50
2008.04.04 01:43:39.786,1.56505,1.56515,1.80,25.90
2008.04.04 01:43:40.222,1.56499,1.56509,2.40,3.60
2008.04.04 01:43:40.441,1.56494,1.56504,1.20,19.80
2008.04.04 01:43:40.664,1.56493,1.56503,12.00,6.10
2008.04.04 01:43:43.692,1.56491,1.56501,4.80,19.50
2008.04.04 01:43:43.924,1.56491,1.56501,7.20,2.40
2008.04.04 01:43:44.162,1.56495,1.565,4.20,2.40
2008.04.04 01:43:44.312,1.56494,1.56504,10.20,4.80
2008.04.04 01:43:44.744,1.56495,1.56505,7.20,4.80
2008.04.04 01:44:02.855,1.56505,1.56541,4.80,11.20
2008.04.04 01:44:04.080,1.56509,1.56523,1.20,20.40
2008.04.04 01:44:04.268,1.56502,1.56517,3.00,11.50
2008.04.04 01:44:04.481,1.56497,1.56512,4.20,11.10
2008.04.04 01:44:08.447,1.56487,1.56522,21.00,7.80
2008.04.04 01:44:11.072,1.56495,1.56515,1.20,14.70
2008.04.04 01:44:17.604,1.56503,1.56507,4.80,4.80
2008.04.04 01:44:19.209,1.56497,1.56517,6.40,10.20
2008.04.04 01:44:19.357,1.56498,1.56518,5.40,5.40
2008.04.04 01:44:19.505,1.56499,1.56519,2.40,6.00
2008.04.04 01:44:19.821,1.56505,1.56525,2.40,8.40
2008.04.04 01:44:20.352,1.56512,1.56537,5.40,12.90
2008.04.04 01:44:22.931,1.56524,1.56544,16.00,13.80
2008.04.04 01:44:23.369,1.56526,1.56556,1.20,4.80
2008.04.04 01:44:23.517,1.56529,1.56549,13.20,4.80
2008.04.04 01:44:23.677,1.56528,1.56538,5.40,6.00
2008.04.04 01:44:23.825,1.56519,1.56539,21.00,3.30
2008.04.04 01:44:24.127,1.56514,1.56534,20.40,1.00
2008.04.04 01:44:24.275,1.56512,1.56536,2.40,2.40
2008.04.04 01:44:24.353,1.5651,1.56536,3.00,4.80
2008.04.04 01:44:27.058,1.56521,1.56526,11.40,1.80
2008.04.04 01:44:27.378,1.56521,1.56526,12.60,4.80
2008.04.04 01:44:28.347,1.56506,1.56541,13.20,4.80
2008.04.04 01:44:44.720,1.56516,1.56526,7.20,3.60
2008.04.04 01:44:44.808,1.56513,1.56523,11.40,2.50
2008.04.04 01:44:44.897,1.56507,1.56517,29.00,1.00
2008.04.04 01:44:44.985,1.56501,1.56511,9.60,7.30
2008.04.04 01:44:45.071,1.56491,1.56501,5.40,2.40
2008.04.04 01:44:45.159,1.56476,1.56496,2.40,6.60
2008.04.04 01:44:46.923,1.56466,1.56502,21.00,4.80
2008.04.04 01:44:51.416,1.56482,1.56502,13.00,2.40
2008.04.04 01:44:51.680,1.56489,1.56509,6.00,1.80
2008.04.04 01:44:52.203,1.56491,1.56516,7.90,10.20
2008.04.04 01:44:52.688,1.56493,1.56519,2.40,17.80
2008.04.04 01:44:52.918,1.56494,1.56519,1.00,4.40
2008.04.04 01:44:53.136,1.565,1.56515,2.40,8.70
2008.04.04 01:44:54.489,1.56504,1.56514,14.40,12.00
2008.04.04 01:44:55.336,1.56489,1.56529,2.40,11.40
2008.04.04 01:44:55.508,1.56493,1.56528,1.00,6.00
2008.04.04 01:44:55.679,1.56495,1.5653,3.00,6.10
2008.04.04 01:44:55.767,1.56513,1.56518,15.00,7.20
2008.04.04 01:44:56.579,1.56516,1.5652,3.00,9.90
2008.04.04 01:45:04.223,1.56515,1.56525,3.00,6.10
2008.04.04 01:45:05.254,1.56503,1.56517,3.00,1.00
2008.04.04 01:45:08.545,1.56512,1.56516,5.40,8.40
2008.04.04 01:45:14.448,1.56534,1.5654,1.00,8.40
2008.04.04 01:45:37.270,1.5655,1.5656,2.40,6.10
2008.04.04 01:45:37.401,1.56554,1.5656,5.70,8.80
2008.04.04 01:45:37.931,1.56553,1.56558,4.80,1.80
2008.04.04 01:45:47.802,1.56551,1.56555,1.80,6.00
2008.04.04 01:46:27.127,1.56555,1.56559,10.80,8.40
2008.04.04 01:46:27.468,1.56527,1.56552,4.80,1.80
2008.04.04 01:46:27.576,1.5651,1.56535,4.80,7.80
2008.04.04 01:46:28.612,1.56503,1.56529,1.00,13.80
2008.04.04 01:46:28.801,1.5652,1.56524,3.00,4.80
2008.04.04 01:46:39.428,1.56532,1.56537,2.40,1.00
2008.04.04 01:46:41.420,1.56532,1.56572,6.60,11.70
2008.04.04 01:46:41.720,1.56566,1.56572,9.60,3.60
2008.04.04 01:46:42.020,1.5657,1.56576,7.20,1.00
2008.04.04 01:46:42.319,1.56559,1.56569,3.00,9.40
2008.04.04 01:46:42.720,1.56537,1.56572,9.60,1.00
2008.04.04 01:46:42.824,1.56545,1.56549,10.80,16.20
2008.04.04 01:46:42.928,1.56531,1.56555,17.60,1.90
2008.04.04 01:46:43.032,1.56534,1.56554,11.40,9.70
2008.04.04 01:46:43.237,1.56543,1.56548,3.00,3.00
2008.04.04 01:46:43.356,1.56536,1.5656,10.20,12.00
2008.04.04 01:47:14.538,1.5654,1.56544,4.80,10.60
2008.04.04 01:47:14.930,1.5651,1.56535,9.90,1.00
2008.04.04 01:47:40.422,1.56507,1.56531,4.80,12.60
2008.04.04 01:47:40.640,1.56526,1.56551,4.80,2.40
2008.04.04 01:47:41.081,1.5655,1.5656,6.00,1.00
2008.04.04 01:47:41.314,1.56557,1.56562,22.80,2.40
2008.04.04 01:47:53.193,1.56556,1.5656,21.60,15.60
2008.04.04 01:47:53.370,1.56549,1.56559,4.20,6.00
2008.04.04 01:47:53.549,1.56547,1.56557,7.20,5.40
2008.04.04 01:48:14.770,1.56533,1.56553,19.80,1.00
2008.04.04 01:48:20.961,1.56542,1.56552,3.60,3.00
2008.04.04 01:48:21.246,1.56549,1.56553,4.80,1.20
2008.04.04 01:48:27.590,1.56546,1.56556,4.80,8.40
2008.04.04 01:48:29.359,1.56537,1.56547,7.80,4.50
2008.04.04 01:48:35.289,1.5653,1.56534,5.40,13.30
2008.04.04 01:48:37.674,1.5652,1.56524,3.00,9.00
2008.04.04 01:48:40.760,1.56509,1.56514,23.40,4.20
2008.04.04 01:48:42.046,1.56505,1.56509,21.70,3.00
2008.04.04 01:49:04.611,1.56474,1.56494,4.80,1.20
2008.04.04 01:49:09.862,1.56468,1.56472,15.40,3.60
2008.04.04 01:49:21.748,1.56475,1.56479,2.40,4.80
2008.04.04 01:49:22.068,1.56507,1.56511,2.40,8.40
2008.04.04 01:49:29.626,1.5653,1.56534,9.00,1.20
2008.04.04 01:49:44.995,1.56529,1.56535,8.40,17.80
2008.04.04 01:49:45.948,1.56515,1.56531,4.80,8.10
2008.04.04 01:49:59.515,1.56512,1.56522,8.40,2.20
2008.04.04 01:50:06.316,1.56505,1.56519,4.80,1.67
2008.04.04 01:50:06.464,1.56508,1.56523,1.00,2.80
2008.04.04 01:50:06.761,1.56506,1.56526,11.40,1.00
2008.04.04 01:50:09.805,1.56505,1.56525,2.40,6.60
2008.04.04 01:50:12.814,1.56499,1.56515,6.80,4.80
2008.04.04 01:50:14.978,1.5649,1.56504,6.00,6.00
2008.04.04 01:50:15.114,1.56485,1.56499,4.80,3.00
2008.04.04 01:50:15.251,1.56487,1.56507,4.80,8.50
2008.04.04 01:50:15.500,1.56494,1.56514,3.00,8.40
2008.04.04 01:50:17.568,1.56496,1.56522,9.60,6.00
2008.04.04 01:50:17.784,1.56501,1.56525,7.80,1.50
2008.04.04 01:50:17.999,1.56502,1.56526,2.40,1.00
2008.04.04 01:50:18.235,1.56503,1.56528,9.20,5.30
2008.04.04 01:50:20.431,1.56502,1.56532,3.00,17.40
2008.04.04 01:50:20.832,1.5651,1.56535,2.40,4.80
2008.04.04 01:50:21.156,1.56515,1.56541,6.00,7.90
2008.04.04 01:50:21.480,1.56515,1.56541,7.20,19.80
2008.04.04 01:50:22.332,1.56506,1.56536,1.00,3.00
2008.04.04 01:50:22.540,1.56504,1.56528,16.20,1.20
2008.04.04 01:50:27.194,1.56501,1.56531,10.20,1.00
2008.04.04 01:50:35.209,1.56501,1.56531,3.00,9.00
2008.04.04 01:50:35.595,1.56502,1.56532,31.20,4.80
2008.04.04 01:50:35.856,1.56505,1.56525,13.20,3.00
2008.04.04 01:50:40.593,1.56494,1.56524,3.00,4.80
2008.04.04 01:50:40.878,1.56491,1.56511,8.40,7.20
2008.04.04 01:50:59.702,1.56487,1.56503,7.20,4.80
2008.04.04 01:51:02.344,1.56493,1.56503,1.80,2.40
2008.04.04 01:51:05.261,1.56482,1.56512,2.40,6.00
2008.04.04 01:51:05.383,1.5649,1.5652,22.20,9.60
2008.04.04 01:51:05.507,1.56507,1.56537,2.40,8.50
2008.04.04 01:51:07.113,1.56527,1.56537,1.00,8.40
2008.04.04 01:51:10.745,1.56522,1.56538,4.80,6.00
2008.04.04 01:51:11.910,1.56512,1.56547,6.00,11.40
2008.04.04 01:51:20.838,1.56519,1.56539,8.40,12.60
2008.04.04 01:52:09.428,1.56491,1.56525,2.40,3.30
2008.04.04 01:52:09.628,1.56493,1.56523,3.00,2.40
2008.04.04 01:52:10.764,1.56492,1.56527,1.00,2.40
2008.04.04 01:52:10.962,1.56497,1.56532,4.80,5.50
2008.04.04 01:52:11.260,1.56506,1.56536,1.20,3.30
2008.04.04 01:52:28.892,1.56508,1.56543,2.40,3.00
2008.04.04 01:52:28.944,1.56514,1.56544,12.60,6.10
2008.04.04 01:52:29.076,1.56516,1.56546,1.00,12.00
2008.04.04 01:52:29.232,1.5652,1.5655,30.00,3.00
2008.04.04 01:52:29.284,1.56525,1.56555,14.40,1.00
2008.04.04 01:52:29.336,1.56523,1.56553,5.40,7.20
2008.04.04 01:52:32.979,1.5651,1.56546,8.40,6.60
2008.04.04 01:52:34.160,1.565,1.56536,5.40,7.20
2008.04.04 01:52:34.400,1.56497,1.56527,10.80,2.40
2008.04.04 01:52:34.640,1.56493,1.56528,8.40,4.20
2008.04.04 01:52:34.800,1.56494,1.56529,1.00,9.00
2008.04.04 01:52:34.880,1.56497,1.56532,12.00,2.40
2008.04.04 01:52:34.959,1.56502,1.56536,3.00,9.30
2008.04.04 01:52:35.866,1.56505,1.56541,10.20,5.20
2008.04.04 01:52:36.540,1.56502,1.56546,4.80,2.20
2008.04.04 01:52:36.879,1.56506,1.56531,1.00,8.40
2008.04.04 01:52:37.215,1.56493,1.56523,2.40,6.60
2008.04.04 01:52:37.338,1.5649,1.5652,7.30,4.20
2008.04.04 01:52:37.460,1.56494,1.56534,3.00,2.40
2008.04.04 01:52:41.403,1.56518,1.56524,4.80,32.40
2008.04.04 01:52:42.172,1.56508,1.56543,2.40,4.80
2008.04.04 01:52:42.428,1.56513,1.56543,2.40,1.00
2008.04.04 01:52:42.763,1.56511,1.56545,6.00,12.10
2008.04.04 01:52:43.098,1.56511,1.56546,4.80,1.00
2008.04.04 01:52:43.480,1.56514,1.56544,8.40,8.40
2008.04.04 01:52:43.612,1.56513,1.56543,4.20,8.40
2008.04.04 01:52:50.736,1.56519,1.56533,2.40,10.60
2008.04.04 01:52:50.941,1.56516,1.56532,4.80,3.00
2008.04.04 01:52:53.245,1.56501,1.56536,8.40,2.70
2008.04.04 01:52:53.483,1.56497,1.56532,2.40,7.50
2008.04.04 01:52:53.548,1.56493,1.56528,6.00,8.40
2008.04.04 01:52:53.612,1.56491,1.56526,2.40,2.40
2008.04.04 01:52:53.764,1.56493,1.56523,13.40,4.80
2008.04.04 01:52:53.828,1.56491,1.56526,16.80,11.90
2008.04.04 01:52:54.020,1.56493,1.56528,3.00,9.60
2008.04.04 01:52:54.084,1.56492,1.56528,2.40,11.10
2008.04.04 01:53:03.733,1.565,1.56536,7.00,6.00
2008.04.04 01:53:04.070,1.56512,1.56542,6.00,4.20
2008.04.04 01:53:04.330,1.56514,1.56549,9.00,5.40
2008.04.04 01:53:04.590,1.56515,1.5655,19.00,4.80
2008.04.04 01:53:04.850,1.56516,1.56551,2.40,3.00
2008.04.04 01:53:05.185,1.5652,1.5655,4.20,2.80
2008.04.04 01:53:05.522,1.56521,1.56556,5.40,1.20
2008.04.04 01:53:28.597,1.56523,1.56559,18.00,7.20
2008.04.04 01:53:37.001,1.56526,1.56556,2.40,6.60
2008.04.04 01:53:37.503,1.56526,1.56552,16.20,1.80
2008.04.04 01:53:37.575,1.56526,1.5655,9.00,5.20
2008.04.04 01:53:37.650,1.56525,1.56555,7.80,2.40
2008.04.04 01:53:37.884,1.56527,1.56562,1.20,13.50
2008.04.04 01:53:38.357,1.56533,1.56568,8.40,6.90
2008.04.04 01:53:38.832,1.56533,1.56567,10.20,3.00
2008.04.04 01:53:39.072,1.56528,1.56558,4.50,4.80
2008.04.04 01:53:39.354,1.56524,1.56554,18.20,1.00
2008.04.04 01:53:40.276,1.56523,1.56553,10.20,4.80
2008.04.04 01:53:40.481,1.56526,1.5655,15.20,3.00
2008.04.04 01:53:40.889,1.56525,1.56549,16.00,5.40
2008.04.04 01:53:41.095,1.56521,1.56551,3.60,8.40
2008.04.04 01:53:49.720,1.5652,1.5655,20.20,2.40
2008.04.04 01:53:49.974,1.56522,1.56546,1.00,15.60
2008.04.04 01:53:50.058,1.56523,1.56549,3.00,9.90
2008.04.04 01:53:53.221,1.56519,1.56549,9.00,3.00
2008.04.04 01:53:53.888,1.56517,1.56552,2.40,6.10
2008.04.04 01:53:54.853,1.56517,1.56547,7.80,3.60
2008.04.04 01:53:55.266,1.56513,1.56543,2.40,9.30
2008.04.04 01:53:55.489,1.56509,1.56534,6.60,8.40
2008.04.04 01:53:55.712,1.56503,1.56528,4.80,7.20
2008.04.04 01:53:56.161,1.565,1.56526,7.20,4.80
2008.04.04 01:54:04.513,1.56529,1.56555,11.40,1.50
2008.04.04 01:54:04.848,1.56518,1.56543,12.60,6.10
2008.04.04 01:54:05.190,1.56506,1.56531,5.40,1.00
2008.04.04 01:54:06.277,1.56492,1.56522,2.40,10.30
2008.04.04 01:54:06.511,1.56488,1.56522,4.80,2.40
2008.04.04 01:54:06.746,1.56502,1.56532,11.20,12.60
2008.04.04 01:54:46.745,1.56515,1.56545,4.80,8.10
2008.04.04 01:54:46.901,1.56533,1.56553,1.00,2.80
2008.04.04 01:54:57.451,1.56534,1.56558,3.60,3.00
2008.04.04 01:54:58.195,1.56528,1.56548,9.00,1.90
2008.04.04 01:54:58.247,1.56517,1.56537,3.00,13.60
2008.04.04 01:54:58.351,1.56507,1.56531,6.60,5.40
2008.04.04 01:55:06.862,1.56508,1.56538,2.40,7.50
2008.04.04 01:55:09.431,1.56532,1.56542,4.80,2.40
2008.04.04 01:55:20.581,1.56533,1.56543,2.40,4.80
2008.04.04 01:55:21.743,1.5652,1.5653,3.00,2.80
2008.04.04 01:55:30.654,1.56511,1.56521,1.00,16.80
2008.04.04 01:55:35.976,1.56516,1.56526,1.20,4.80
2008.04.04 01:55:36.820,1.56518,1.56542,18.00,2.40
2008.04.04 01:55:50.370,1.56537,1.56542,7.20,3.00
2008.04.04 01:55:54.162,1.56536,1.56552,5.40,6.10
2008.04.04 01:56:07.305,1.56521,1.56557,2.40,9.00
2008.04.04 01:56:08.733,1.56525,1.56555,2.40,18.60
2008.04.04 01:56:11.425,1.56527,1.56557,5.40,6.90
2008.04.04 01:56:11.600,1.56534,1.56564,1.80,4.80
2008.04.04 01:56:11.822,1.56542,1.56562,1.00,8.80
2008.04.04 01:56:11.878,1.56534,1.5656,12.00,1.90
2008.04.04 01:56:16.298,1.56526,1.56556,10.80,9.00
2008.04.04 01:56:23.005,1.56516,1.56552,9.00,4.20
2008.04.04 01:56:25.743,1.56518,1.56543,7.20,7.30
2008.04.04 01:56:29.004,1.56513,1.56543,1.80,4.80
2008.04.04 01:56:32.314,1.5651,1.5654,7.80,4.80
2008.04.04 01:56:32.670,1.56503,1.56538,4.80,8.40
2008.04.04 01:56:32.846,1.56504,1.56534,6.00,3.00
2008.04.04 01:56:33.036,1.56509,1.56539,11.40,13.90
2008.04.04 01:56:33.562,1.56513,1.56543,5.40,6.40
2008.04.04 01:56:34.006,1.56517,1.56547,5.40,6.90
2008.04.04 01:56:34.228,1.56526,1.56541,2.40,10.20
2008.04.04 01:56:34.553,1.5653,1.56544,13.20,14.50
2008.04.04 01:56:58.663,1.5652,1.56555,11.40,4.80
2008.04.04 01:56:59.746,1.56524,1.56554,5.40,10.20
2008.04.04 01:57:01.485,1.5653,1.5655,26.40,10.80
2008.04.04 01:57:01.875,1.56527,1.56552,6.60,5.40
2008.04.04 01:57:02.082,1.56523,1.56553,8.40,1.00
2008.04.04 01:57:02.278,1.56521,1.56551,2.20,5.40
2008.04.04 01:57:02.661,1.56519,1.56549,4.80,1.80
2008.04.04 01:57:02.714,1.56516,1.56546,7.80,4.90
2008.04.04 01:57:10.036,1.56514,1.56539,14.40,11.40
2008.04.04 01:57:10.376,1.56512,1.56532,3.00,2.40
2008.04.04 01:57:10.717,1.56503,1.56529,3.90,14.10
2008.04.04 01:57:11.054,1.56495,1.56525,2.40,6.10
2008.04.04 01:57:11.319,1.56497,1.56521,2.40,8.50
2008.04.04 01:57:11.586,1.565,1.5653,1.00,4.80
2008.04.04 01:57:12.110,1.56504,1.56539,7.80,1.50
2008.04.04 01:57:12.942,1.56511,1.56545,3.60,4.80
2008.04.04 01:57:13.222,1.56519,1.56549,7.80,1.00
2008.04.04 01:57:13.499,1.56525,1.56555,9.60,2.40
2008.04.04 01:57:13.618,1.56531,1.56556,2.40,12.60
2008.04.04 01:57:14.511,1.5653,1.56555,6.00,3.00
2008.04.04 01:57:14.805,1.56526,1.56551,2.40,6.00
2008.04.04 01:57:15.083,1.5652,1.56545,8.40,1.80
2008.04.04 01:57:15.362,1.56512,1.56542,6.00,3.00
2008.04.04 01:57:15.645,1.5651,1.56535,4.20,6.10
2008.04.04 01:57:15.825,1.56512,1.56532,23.40,1.00
2008.04.04 01:57:16.005,1.56512,1.56532,19.80,6.60
2008.04.04 01:57:16.380,1.56513,1.56537,8.00,1.00
2008.04.04 01:57:32.774,1.56519,1.56543,5.40,8.80
2008.04.04 01:57:39.389,1.56527,1.56551,2.40,5.40
2008.04.04 01:57:40.978,1.56532,1.56557,2.40,2.40
2008.04.04 01:57:46.470,1.56536,1.5656,11.40,3.00
2008.04.04 01:57:47.875,1.56541,1.56565,13.20,6.00
2008.04.04 01:57:52.424,1.56544,1.56568,7.20,9.70
2008.04.04 01:57:52.705,1.56541,1.56566,4.80,6.60
2008.04.04 01:57:54.272,1.56533,1.56559,5.40,7.20
2008.04.04 01:57:54.916,1.5653,1.5655,2.40,4.60
2008.04.04 01:57:55.241,1.56521,1.56551,6.60,1.90
2008.04.04 01:57:55.525,1.56521,1.56551,4.20,18.30
2008.04.04 01:57:55.809,1.56521,1.56551,10.20,4.80
2008.04.04 01:57:56.373,1.5652,1.5655,1.20,3.00
2008.04.04 01:57:56.658,1.56524,1.56549,2.40,1.80
2008.04.04 01:57:56.865,1.56525,1.5655,10.20,3.00
2008.04.04 01:57:57.072,1.56529,1.56549,7.80,6.00
2008.04.04 01:57:57.282,1.56527,1.56551,2.40,12.00
2008.04.04 01:58:02.044,1.56519,1.56545,3.00,6.00
2008.04.04 01:58:03.046,1.56518,1.56548,21.60,4.80
2008.04.04 01:58:03.472,1.56512,1.56547,2.40,1.80
2008.04.04 01:58:03.606,1.56507,1.56537,10.00,2.40
2008.04.04 01:58:03.770,1.56506,1.5653,2.40,7.50
2008.04.04 01:58:03.926,1.56509,1.56535,6.00,28.20
2008.04.04 01:58:03.994,1.56522,1.56546,3.60,11.80
2008.04.04 01:58:04.126,1.56536,1.56562,6.00,2.40
2008.04.04 01:58:04.192,1.56541,1.56571,7.80,13.90
2008.04.04 01:58:04.501,1.56543,1.56567,36.00,3.00
2008.04.04 01:58:40.636,1.56537,1.56563,7.80,12.60
2008.04.04 01:58:51.551,1.56534,1.56559,3.00,9.30
2008.04.04 01:58:51.972,1.56527,1.56552,2.40,6.00
2008.04.04 01:58:52.120,1.5652,1.5655,3.00,4.20
2008.04.04 01:59:19.188,1.56512,1.56542,13.50,4.80
2008.04.04 01:59:19.530,1.565,1.56546,13.80,10.80
2008.04.04 01:59:19.870,1.56494,1.56539,2.40,4.20
2008.04.04 01:59:20.349,1.56493,1.56529,3.00,7.80
2008.04.04 01:59:20.494,1.56511,1.56515,7.80,14.70
2008.04.04 01:59:32.370,1.5652,1.5653,11.40,1.00
2008.04.04 01:59:32.518,1.56535,1.56545,4.80,1.00
2008.04.04 01:59:33.885,1.56545,1.56555,15.00,7.80
2008.04.04 01:59:36.508,1.5655,1.56554,1.00,7.20
2008.04.04 01:59:45.014,1.56544,1.56554,9.00,4.80
2008.04.04 01:59:45.354,1.56541,1.56551,3.60,4.80
2008.04.04 01:59:49.199,1.56542,1.56546,2.40,10.20
2008.04.04 01:59:53.094,1.56538,1.56548,7.20,14.40
2008.04.04 01:59:53.249,1.56534,1.56549,7.80,9.10
2008.04.04 01:59:53.634,1.56529,1.56553,3.00,3.00
