2013.06.28 04:00:03.548,1.30676,1.30678,4.05,1.00
2013.06.28 04:00:03.908,1.30674,1.30676,2.63,1.00
2013.06.28 04:00:04.210,1.30673,1.30675,1.00,1.00
2013.06.28 04:00:04.748,1.30672,1.30676,1.50,1.00
2013.06.28 04:00:05.258,1.30672,1.30675,1.50,1.00
2013.06.28 04:00:40.769,1.30673,1.30675,2.25,1.00
2013.06.28 04:01:00.170,1.30672,1.30675,8.25,1.00
2013.06.28 04:01:00.729,1.30673,1.30675,1.50,1.00
2013.06.28 04:01:04.478,1.30673,1.30675,1.69,1.00
2013.06.28 04:01:05.716,1.30671,1.30674,3.75,1.00
2013.06.28 04:01:08.758,1.30672,1.30675,1.00,1.00
2013.06.28 04:01:09.059,1.30674,1.30676,2.50,1.00
2013.06.28 04:01:11.484,1.30675,1.30678,2.60,1.00
2013.06.28 04:01:11.794,1.30674,1.30676,3.19,1.00
2013.06.28 04:01:12.339,1.30674,1.30676,3.19,1.00
2013.06.28 04:01:14.398,1.30674,1.30676,3.19,1.00
2013.06.28 04:01:17.709,1.30674,1.30675,3.00,1.00
2013.06.28 04:01:18.269,1.30673,1.30675,3.75,1.00
2013.06.28 04:01:19.529,1.30672,1.30674,3.94,1.00
2013.06.28 04:01:20.253,1.30671,1.30674,4.69,1.00
2013.06.28 04:01:20.799,1.30672,1.30674,1.00,1.00
2013.06.28 04:01:34.439,1.30673,1.30674,1.00,1.00
2013.06.28 04:01:35.489,1.30674,1.30675,2.25,1.30
2013.06.28 04:01:35.789,1.30675,1.30677,1.50,1.25
2013.06.28 04:01:36.149,1.30676,1.30677,1.00,1.25
2013.06.28 04:01:39.159,1.30677,1.30679,1.00,1.25
2013.06.28 04:01:40.889,1.30678,1.3068,1.00,1.00
2013.06.28 04:01:41.129,1.30679,1.30681,3.00,2.44
2013.06.28 04:01:41.489,1.30682,1.30683,1.50,1.00
2013.06.28 04:01:42.398,1.30682,1.30685,1.50,3.00
2013.06.28 04:01:43.419,1.30681,1.30685,5.07,1.50
2013.06.28 04:01:53.408,1.30681,1.30685,6.57,1.00
2013.06.28 04:02:07.960,1.30683,1.30685,1.00,1.00
2013.06.28 04:02:11.241,1.30684,1.30685,1.13,1.00
2013.06.28 04:02:11.359,1.30685,1.30689,4.50,3.56
2013.06.28 04:02:11.420,1.30687,1.30689,1.00,1.00
2013.06.28 04:02:11.661,1.30689,1.30693,3.38,3.19
2013.06.28 04:02:12.208,1.3069,1.30693,1.69,1.00
2013.06.28 04:02:12.270,1.30691,1.30695,1.00,6.94
2013.06.28 04:02:33.369,1.30691,1.30694,1.00,1.50
2013.06.28 04:02:33.729,1.30683,1.30687,2.44,1.00
2013.06.28 04:02:34.270,1.30683,1.30687,2.25,2.07
2013.06.28 04:02:34.811,1.30683,1.30687,4.35,1.69
2013.06.28 04:02:35.358,1.30684,1.30687,2.25,1.25
2013.06.28 04:02:40.419,1.30685,1.30687,1.00,1.00
2013.06.28 04:02:40.540,1.30686,1.30688,1.00,1.00
2013.06.28 04:02:40.720,1.30687,1.3069,1.50,1.50
2013.06.28 04:02:41.259,1.30688,1.30692,1.00,1.69
2013.06.28 04:02:42.607,1.30688,1.3069,1.00,1.00
2013.06.28 04:02:42.730,1.30686,1.30689,3.00,1.00
2013.06.28 04:02:42.970,1.30685,1.30687,1.00,1.50
2013.06.28 04:02:43.209,1.30683,1.30686,2.25,1.32
2013.06.28 04:02:44.759,1.30682,1.30685,1.50,1.00
2013.06.28 04:03:04.289,1.30681,1.30685,5.44,1.13
2013.06.28 04:03:20.419,1.30681,1.30684,3.94,1.00
2013.06.28 04:03:26.689,1.30681,1.30683,2.44,1.00
2013.06.28 04:03:26.991,1.30678,1.30682,1.50,4.32
2013.06.28 04:03:27.051,1.30676,1.30678,2.25,2.13
2013.06.28 04:03:27.169,1.30674,1.30677,2.25,1.00
2013.06.28 04:03:28.009,1.30676,1.30678,1.00,1.13
2013.06.28 04:03:28.310,1.30678,1.3068,1.00,2.07
2013.06.28 04:03:29.718,1.30678,1.30682,1.50,4.69
2013.06.28 04:03:36.689,1.30678,1.3068,1.50,1.00
2013.06.28 04:03:49.619,1.30678,1.30682,1.25,3.00
2013.06.28 04:03:50.251,1.30678,1.30681,1.25,1.00
2013.06.28 04:03:56.531,1.30677,1.30679,1.50,1.00
2013.06.28 04:03:56.710,1.30676,1.30678,4.69,1.00
2013.06.28 04:03:56.771,1.30676,1.3068,4.69,1.00
2013.06.28 04:04:01.179,1.30677,1.3068,1.00,1.00
2013.06.28 04:04:01.599,1.30678,1.30682,1.25,1.50
2013.06.28 04:04:04.398,1.30678,1.30681,1.25,1.00
2013.06.28 04:04:08.899,1.30678,1.3068,1.25,1.00
2013.06.28 04:04:09.439,1.30676,1.3068,6.19,2.25
2013.06.28 04:04:13.729,1.30676,1.3068,5.44,2.25
2013.06.28 04:04:19.760,1.30676,1.30679,2.25,1.00
2013.06.28 04:04:20.299,1.30674,1.30678,1.25,1.00
2013.06.28 04:04:29.719,1.30675,1.30678,1.00,1.13
2013.06.28 04:04:43.390,1.30674,1.30678,1.00,1.50
2013.06.28 04:04:43.870,1.30674,1.30675,1.00,1.50
2013.06.28 04:04:44.109,1.30672,1.30674,1.00,1.00
2013.06.28 04:04:45.069,1.30672,1.30673,1.00,1.00
2013.06.28 04:04:45.578,1.30671,1.30673,2.25,1.00
2013.06.28 04:04:46.130,1.30671,1.30673,2.25,1.00
2013.06.28 04:04:53.871,1.30671,1.30675,1.50,5.07
2013.06.28 04:04:54.409,1.30672,1.30675,2.25,1.69
2013.06.28 04:04:57.829,1.30674,1.30675,1.50,1.00
2013.06.28 04:04:58.070,1.30674,1.30677,1.50,1.50
2013.06.28 04:04:58.521,1.30673,1.30677,1.48,1.50
2013.06.28 04:04:59.063,1.30676,1.30677,1.32,1.00
2013.06.28 04:04:59.190,1.30672,1.30675,3.19,1.00
2013.06.28 04:04:59.249,1.30672,1.30675,3.04,1.00
2013.06.28 04:04:59.311,1.30674,1.30675,2.25,1.00
2013.06.28 04:04:59.896,1.30674,1.30676,2.25,1.00
2013.06.28 04:05:02.779,1.30674,1.30677,1.00,2.44
2013.06.28 04:05:22.400,1.30673,1.30677,2.25,1.69
2013.06.28 04:05:22.759,1.30672,1.30675,1.50,1.00
2013.06.28 04:05:23.299,1.30671,1.30675,1.25,1.50
2013.06.28 04:05:28.549,1.30672,1.30675,1.50,2.07
2013.06.28 04:05:29.089,1.30671,1.30675,1.50,1.69
2013.06.28 04:05:29.629,1.30671,1.30674,1.50,1.05
2013.06.28 04:05:42.889,1.30671,1.30673,1.00,1.00
2013.06.28 04:05:48.979,1.30671,1.30674,1.00,1.54
2013.06.28 04:05:49.659,1.30672,1.30674,1.00,1.50
2013.06.28 04:05:49.960,1.30675,1.30677,4.73,1.00
2013.06.28 04:05:50.021,1.30677,1.30678,1.00,1.50
2013.06.28 04:05:50.200,1.30675,1.30677,2.18,1.38
2013.06.28 04:05:50.319,1.30674,1.30675,1.50,1.00
2013.06.28 04:05:50.561,1.30676,1.30679,5.13,5.63
2013.06.28 04:05:50.619,1.30678,1.30679,1.00,5.63
2013.06.28 04:05:50.860,1.30678,1.30681,1.00,1.13
2013.06.28 04:05:51.219,1.30678,1.30679,1.00,1.00
2013.06.28 04:05:51.761,1.30677,1.30678,1.00,1.00
2013.06.28 04:05:52.239,1.30675,1.30677,4.50,1.00
2013.06.28 04:05:57.190,1.30676,1.30677,3.23,1.00
2013.06.28 04:05:57.249,1.30676,1.3068,3.23,3.94
2013.06.28 04:05:57.429,1.30678,1.30682,1.00,5.07
2013.06.28 04:05:58.729,1.30678,1.30681,1.00,1.00
2013.06.28 04:06:03.889,1.30677,1.30679,2.07,1.00
2013.06.28 04:06:04.429,1.30677,1.30679,1.00,5.25
2013.06.28 04:06:04.549,1.30675,1.30679,2.07,6.00
2013.06.28 04:06:05.199,1.30675,1.30678,2.07,1.00
2013.06.28 04:06:05.739,1.30675,1.30678,1.13,1.00
2013.06.28 04:06:22.522,1.30675,1.30677,1.73,1.00
2013.06.28 04:06:22.819,1.30673,1.30677,1.00,2.82
2013.06.28 04:06:22.940,1.30673,1.30674,1.00,1.00
2013.06.28 04:06:23.479,1.30671,1.30674,4.69,1.00
2013.06.28 04:06:24.389,1.30673,1.30674,1.00,1.00
2013.06.28 04:06:24.569,1.30673,1.30677,4.88,1.25
2013.06.28 04:06:24.690,1.30673,1.30677,4.69,1.00
2013.06.28 04:06:25.250,1.30675,1.30678,1.13,1.25
2013.06.28 04:06:25.830,1.30675,1.30676,1.13,1.88
2013.06.28 04:06:25.890,1.30673,1.30675,1.88,1.00
2013.06.28 04:06:26.429,1.30672,1.30674,1.00,1.25
2013.06.28 04:06:26.670,1.3067,1.30674,1.50,5.07
2013.06.28 04:06:27.211,1.3067,1.30673,1.50,1.00
2013.06.28 04:06:28.259,1.3067,1.30672,1.50,1.00
2013.06.28 04:06:31.099,1.30671,1.30672,1.00,1.00
2013.06.28 04:06:40.249,1.30671,1.30673,1.00,1.00
2013.06.28 04:06:53.129,1.30672,1.30673,1.00,1.00
2013.06.28 04:06:53.649,1.30672,1.30675,1.00,4.13
2013.06.28 04:06:53.949,1.30672,1.30673,1.00,1.50
2013.06.28 04:07:03.189,1.30672,1.30675,1.00,3.38
2013.06.28 04:07:03.249,1.30673,1.30675,1.00,4.13
2013.06.28 04:07:04.559,1.30674,1.30676,1.00,2.25
2013.06.28 04:07:08.180,1.30675,1.30678,6.35,3.38
2013.06.28 04:07:08.300,1.30677,1.30678,1.00,3.00
2013.06.28 04:07:08.479,1.30677,1.3068,1.00,7.88
2013.06.28 04:07:08.960,1.30677,1.30678,1.00,2.25
2013.06.28 04:07:09.080,1.30674,1.30676,4.88,4.75
2013.06.28 04:07:09.620,1.30674,1.30676,3.00,1.00
2013.06.28 04:07:19.299,1.30675,1.30676,1.00,1.00
2013.06.28 04:07:30.671,1.30675,1.30677,1.00,1.50
2013.06.28 04:07:31.219,1.30675,1.30676,1.00,1.00
2013.06.28 04:07:33.991,1.30674,1.30676,3.75,1.38
2013.06.28 04:07:34.169,1.30673,1.30676,1.69,1.50
2013.06.28 04:07:34.719,1.30673,1.30675,1.69,1.13
2013.06.28 04:07:36.561,1.30674,1.30677,4.23,2.85
2013.06.28 04:07:36.740,1.30676,1.30677,5.78,1.00
2013.06.28 04:07:36.861,1.30678,1.3068,1.00,5.55
2013.06.28 04:07:36.980,1.30678,1.3068,1.00,1.88
2013.06.28 04:07:42.239,1.30679,1.30681,1.00,2.63
2013.06.28 04:07:57.089,1.30678,1.30679,2.25,1.00
2013.06.28 04:07:57.212,1.30676,1.30678,1.88,1.00
2013.06.28 04:07:57.930,1.30675,1.30677,9.38,1.00
2013.06.28 04:08:04.820,1.30674,1.30677,3.38,2.25
2013.06.28 04:08:04.879,1.30674,1.30676,1.88,1.00
2013.06.28 04:08:05.420,1.30672,1.30674,2.44,1.00
2013.06.28 04:08:07.499,1.30671,1.30674,1.69,1.00
2013.06.28 04:08:08.009,1.30671,1.30673,1.69,1.00
2013.06.28 04:08:13.872,1.30671,1.30672,1.00,2.25
2013.06.28 04:08:13.931,1.30669,1.30672,1.50,3.75
2013.06.28 04:08:14.050,1.30669,1.3067,1.50,1.00
2013.06.28 04:08:18.160,1.30668,1.3067,2.25,2.50
2013.06.28 04:08:18.340,1.30666,1.30668,2.85,3.63
2013.06.28 04:08:21.240,1.30664,1.30667,1.15,1.50
2013.06.28 04:08:21.429,1.30663,1.30667,3.38,1.50
2013.06.28 04:08:21.671,1.30666,1.30667,1.00,1.00
2013.06.28 04:08:22.210,1.30663,1.30667,7.67,1.00
2013.06.28 04:08:26.381,1.30665,1.30669,1.25,5.63
2013.06.28 04:08:26.920,1.30665,1.30669,1.25,8.26
2013.06.28 04:08:27.549,1.30665,1.30668,1.25,2.88
2013.06.28 04:08:29.493,1.30665,1.30666,1.00,1.00
2013.06.28 04:08:29.739,1.30662,1.30666,1.50,2.07
2013.06.28 04:08:30.281,1.30662,1.30665,1.00,2.25
2013.06.28 04:08:32.459,1.30661,1.30664,1.50,1.00
2013.06.28 04:08:33.509,1.30662,1.30664,1.00,1.00
2013.06.28 04:08:38.740,1.30662,1.30664,1.00,1.00
2013.06.28 04:08:50.559,1.30663,1.30665,1.00,1.50
2013.06.28 04:08:53.529,1.30664,1.30667,1.00,4.32
2013.06.28 04:08:53.710,1.30666,1.30667,6.15,1.00
2013.06.28 04:08:53.769,1.30666,1.30668,3.75,1.69
2013.06.28 04:08:54.189,1.30668,1.30669,1.00,1.00
2013.06.28 04:08:54.700,1.30668,1.3067,1.00,1.50
2013.06.28 04:08:54.821,1.30667,1.30669,2.63,1.00
2013.06.28 04:08:55.360,1.30667,1.30668,1.00,1.50
2013.06.28 04:08:57.090,1.30665,1.30668,3.75,1.50
2013.06.28 04:09:09.989,1.30666,1.30668,1.00,1.50
2013.06.28 04:09:11.802,1.30668,1.3067,1.00,3.00
2013.06.28 04:09:11.983,1.30668,1.3067,1.69,1.50
2013.06.28 04:09:12.529,1.30668,1.30671,2.44,1.00
2013.06.28 04:09:23.090,1.30669,1.30671,2.25,1.00
2013.06.28 04:09:33.489,1.30669,1.30671,1.00,1.00
2013.06.28 04:09:38.979,1.30669,1.3067,1.00,1.00
2013.06.28 04:09:39.673,1.30667,1.3067,3.00,4.00
2013.06.28 04:09:39.740,1.30667,1.3067,1.88,7.38
2013.06.28 04:09:39.861,1.30665,1.3067,5.47,7.88
2013.06.28 04:09:39.920,1.30666,1.30669,1.25,3.38
2013.06.28 04:09:40.040,1.30665,1.30667,2.29,3.00
2013.06.28 04:09:40.220,1.30663,1.30667,4.50,3.00
2013.06.28 04:09:40.643,1.30666,1.30667,1.65,1.00
2013.06.28 04:09:40.891,1.30667,1.3067,1.88,2.25
2013.06.28 04:09:41.190,1.30667,1.3067,2.63,1.00
2013.06.28 04:09:45.690,1.30667,1.30669,1.69,1.00
2013.06.28 04:09:46.240,1.30668,1.3067,1.00,1.75
2013.06.28 04:09:47.016,1.30668,1.3067,1.00,1.50
2013.06.28 04:09:48.100,1.30668,1.3067,1.50,1.00
2013.06.28 04:09:55.379,1.30665,1.30669,6.00,1.00
2013.06.28 04:09:55.499,1.30666,1.30669,3.00,1.08
2013.06.28 04:09:55.679,1.30665,1.30668,3.00,2.35
2013.06.28 04:09:56.242,1.30668,1.3067,1.00,2.25
2013.06.28 04:09:57.059,1.30669,1.3067,1.00,2.25
2013.06.28 04:09:58.401,1.30668,1.3067,1.00,2.25
2013.06.28 04:10:01.670,1.30669,1.30671,1.00,1.00
2013.06.28 04:10:01.970,1.30669,1.30671,1.50,1.00
2013.06.28 04:10:03.492,1.3067,1.30671,1.00,1.00
2013.06.28 04:10:06.189,1.30671,1.30674,1.00,1.50
2013.06.28 04:10:06.250,1.30671,1.30674,1.00,1.13
2013.06.28 04:10:06.550,1.30673,1.30674,1.00,1.00
2013.06.28 04:10:09.320,1.30673,1.30676,1.69,1.13
2013.06.28 04:10:09.682,1.30677,1.30681,6.94,1.13
2013.06.28 04:10:10.241,1.30679,1.30681,3.19,1.00
2013.06.28 04:10:11.759,1.3068,1.30681,1.00,1.00
2013.06.28 04:10:15.779,1.30679,1.30681,1.50,3.75
2013.06.28 04:10:23.900,1.30678,1.30681,1.50,3.75
2013.06.28 04:10:23.960,1.30677,1.30679,1.88,1.50
2013.06.28 04:10:24.020,1.30676,1.30678,3.00,2.78
2013.06.28 04:10:24.382,1.30674,1.30676,4.13,1.00
2013.06.28 04:10:46.048,1.30674,1.30677,1.65,1.00
2013.06.28 04:10:46.320,1.30674,1.30676,1.50,1.00
2013.06.28 04:10:46.860,1.30675,1.30676,1.00,1.00
2013.06.28 04:10:47.350,1.30673,1.30676,2.25,1.00
2013.06.28 04:10:49.441,1.30673,1.30676,1.00,4.50
2013.06.28 04:10:49.500,1.30671,1.30673,4.32,1.00
2013.06.28 04:10:50.700,1.30671,1.30672,1.00,1.00
2013.06.28 04:10:50.880,1.30669,1.30671,2.25,1.00
2013.06.28 04:10:52.020,1.30669,1.30671,1.50,1.00
2013.06.28 04:10:56.849,1.30669,1.30671,2.25,1.00
2013.06.28 04:11:02.027,1.30669,1.3067,1.25,1.00
2013.06.28 04:11:03.010,1.30669,1.30671,1.25,1.50
2013.06.28 04:11:18.636,1.30669,1.3067,1.00,1.00
2013.06.28 04:11:28.485,1.30669,1.30671,1.00,3.00
2013.06.28 04:11:30.692,1.30667,1.30671,3.94,3.00
2013.06.28 04:11:31.580,1.30668,1.30671,1.25,5.50
2013.06.28 04:11:33.859,1.30668,1.3067,1.25,3.00
2013.06.28 04:11:36.890,1.30667,1.3067,3.38,3.00
2013.06.28 04:11:51.810,1.30667,1.3067,1.32,3.00
2013.06.28 04:11:51.871,1.30667,1.3067,1.00,7.50
2013.06.28 04:11:51.993,1.30665,1.30668,4.32,7.50
2013.06.28 04:11:52.061,1.30663,1.30666,3.38,2.13
2013.06.28 04:11:52.180,1.30663,1.30665,1.00,3.95
2013.06.28 04:11:52.300,1.30661,1.30665,1.00,4.70
2013.06.28 04:11:52.361,1.30662,1.30665,1.00,4.70
2013.06.28 04:11:52.421,1.30663,1.30665,1.00,4.70
2013.06.28 04:11:52.961,1.30662,1.30665,1.00,5.45
2013.06.28 04:11:53.651,1.30663,1.30667,3.35,2.25
2013.06.28 04:11:53.832,1.30666,1.30667,5.59,2.25
2013.06.28 04:11:53.953,1.30667,1.30669,3.13,1.00
2013.06.28 04:11:54.141,1.30668,1.30671,1.25,1.88
2013.06.28 04:11:55.881,1.30669,1.30671,1.00,1.50
2013.06.28 04:11:56.430,1.30668,1.30671,1.25,1.50
2013.06.28 04:11:57.970,1.30668,1.3067,1.25,1.00
2013.06.28 04:11:58.509,1.30667,1.3067,1.00,1.00
2013.06.28 04:11:59.049,1.30668,1.30672,1.00,4.69
2013.06.28 04:11:59.590,1.30667,1.30671,1.50,3.44
2013.06.28 04:12:03.500,1.30666,1.30668,1.25,1.00
2013.06.28 04:12:04.041,1.30667,1.30669,1.50,1.50
2013.06.28 04:12:04.101,1.30667,1.30671,2.63,4.69
2013.06.28 04:12:04.671,1.30668,1.30671,5.63,1.00
2013.06.28 04:12:06.926,1.30668,1.30671,6.57,1.00
2013.06.28 04:12:09.705,1.30668,1.3067,4.32,1.00
2013.06.28 04:12:10.250,1.30668,1.3067,1.50,1.50
2013.06.28 04:12:10.779,1.30667,1.3067,4.13,1.50
2013.06.28 04:12:11.291,1.30667,1.3067,2.63,3.25
2013.06.28 04:12:11.350,1.30667,1.3067,1.13,7.92
2013.06.28 04:12:11.410,1.30667,1.30669,1.13,6.42
2013.06.28 04:12:11.531,1.30663,1.30667,1.88,3.19
2013.06.28 04:12:11.591,1.30662,1.30667,3.57,6.19
2013.06.28 04:12:11.780,1.30661,1.30666,2.44,5.13
2013.06.28 04:12:12.320,1.30661,1.30666,2.07,2.13
2013.06.28 04:12:15.699,1.30661,1.30663,1.25,1.00
2013.06.28 04:12:16.701,1.30661,1.30663,1.69,1.00
2013.06.28 04:12:16.820,1.30662,1.30666,1.13,2.44
2013.06.28 04:12:17.360,1.30662,1.30666,1.32,3.00
2013.06.28 04:12:21.152,1.30664,1.30666,2.50,1.50
2013.06.28 04:12:21.281,1.30667,1.3067,1.88,4.69
2013.06.28 04:12:21.521,1.30667,1.30671,2.82,3.00
2013.06.28 04:12:25.253,1.30669,1.30671,1.00,1.50
2013.06.28 04:12:25.770,1.3067,1.30671,1.50,1.00
2013.06.28 04:12:33.724,1.30671,1.30673,1.00,1.00
2013.06.28 04:12:36.730,1.30673,1.30677,3.60,1.69
2013.06.28 04:12:36.791,1.30674,1.30676,1.50,1.00
2013.06.28 04:12:37.350,1.30675,1.30677,1.50,1.00
2013.06.28 04:12:45.290,1.30675,1.30678,4.88,2.25
2013.06.28 04:12:45.830,1.30679,1.30683,1.50,2.63
2013.06.28 04:12:55.716,1.30678,1.3068,1.50,1.00
2013.06.28 04:13:03.781,1.30675,1.30678,10.32,1.00
2013.06.28 04:13:03.900,1.30675,1.30676,1.00,1.50
2013.06.28 04:13:04.439,1.30673,1.30676,1.69,1.00
2013.06.28 04:13:05.021,1.30673,1.30676,1.69,1.50
2013.06.28 04:13:05.910,1.30672,1.30676,2.44,2.25
2013.06.28 04:13:07.579,1.30672,1.30676,2.25,3.00
2013.06.28 04:13:10.009,1.30672,1.30674,1.50,1.00
2013.06.28 04:13:18.270,1.30673,1.30676,1.00,1.50
2013.06.28 04:13:18.450,1.30673,1.30677,4.50,1.69
2013.06.28 04:13:18.570,1.30675,1.30677,1.00,1.69
2013.06.28 04:13:22.775,1.30676,1.30677,3.15,1.50
2013.06.28 04:13:23.082,1.3068,1.30682,1.00,1.25
2013.06.28 04:13:23.621,1.30681,1.30682,1.00,1.00
2013.06.28 04:13:26.921,1.3068,1.30682,3.00,1.00
2013.06.28 04:13:27.741,1.30679,1.30682,3.00,1.38
2013.06.28 04:13:29.439,1.30679,1.30681,2.25,1.00
2013.06.28 04:13:37.260,1.3068,1.30683,1.00,1.88
2013.06.28 04:13:39.066,1.3068,1.30682,1.25,1.13
2013.06.28 04:13:40.979,1.30678,1.30682,3.19,1.13
2013.06.28 04:13:41.340,1.30676,1.30678,1.50,1.00
2013.06.28 04:13:52.330,1.30676,1.30678,3.00,1.00
2013.06.28 04:13:53.633,1.30676,1.30679,3.15,1.88
2013.06.28 04:13:53.761,1.30678,1.30679,1.00,1.00
2013.06.28 04:13:54.182,1.3068,1.30684,1.00,3.94
2013.06.28 04:13:54.737,1.30681,1.30684,1.00,1.50
2013.06.28 04:13:57.440,1.30682,1.30684,1.00,1.88
2013.06.28 04:13:57.683,1.30681,1.30682,1.00,1.00
2013.06.28 04:13:58.241,1.30681,1.30682,1.00,1.00
2013.06.28 04:13:58.986,1.30681,1.30684,1.00,1.88
2013.06.28 04:14:27.030,1.30682,1.30684,2.25,1.00
2013.06.28 04:14:27.571,1.30683,1.30684,1.00,1.00
2013.06.28 04:14:36.942,1.30683,1.30685,2.25,1.00
2013.06.28 04:14:37.061,1.30683,1.30686,4.88,1.00
2013.06.28 04:14:37.359,1.30685,1.30687,1.50,1.50
2013.06.28 04:15:03.291,1.30686,1.30687,1.00,2.25
2013.06.28 04:15:03.800,1.30685,1.30687,3.00,2.25
2013.06.28 04:15:12.281,1.30684,1.30687,1.25,3.38
2013.06.28 04:15:12.522,1.30682,1.30684,2.25,1.00
2013.06.28 04:15:13.060,1.30683,1.30684,1.50,1.00
2013.06.28 04:15:13.601,1.30683,1.30685,1.00,1.13
2013.06.28 04:15:14.104,1.30683,1.30685,1.50,1.00
2013.06.28 04:15:15.800,1.30684,1.30685,1.00,1.00
2013.06.28 04:15:20.900,1.30684,1.30685,1.00,4.50
2013.06.28 04:15:21.441,1.30684,1.30685,1.00,1.50
2013.06.28 04:15:24.641,1.30684,1.30687,1.00,3.19
2013.06.28 04:15:25.660,1.30684,1.30687,1.00,3.94
2013.06.28 04:15:34.202,1.30683,1.30687,1.50,5.44
2013.06.28 04:16:00.530,1.30683,1.30685,1.00,1.00
2013.06.28 04:16:01.490,1.30683,1.30684,1.00,1.00
2013.06.28 04:16:01.550,1.30681,1.30684,2.82,1.50
2013.06.28 04:16:01.670,1.3068,1.30682,3.38,1.50
2013.06.28 04:16:01.971,1.30678,1.3068,3.94,1.50
2013.06.28 04:16:02.272,1.30675,1.30677,1.50,4.63
2013.06.28 04:16:02.330,1.30672,1.30675,1.00,3.63
2013.06.28 04:16:02.814,1.30671,1.30673,1.69,1.50
2013.06.28 04:16:06.161,1.3067,1.30673,1.32,3.75
2013.06.28 04:16:08.180,1.3067,1.30674,1.32,7.88
2013.06.28 04:16:11.910,1.3067,1.30673,1.13,1.00
2013.06.28 04:16:29.030,1.3067,1.30674,1.88,2.82
2013.06.28 04:16:32.751,1.30671,1.30674,1.00,2.44
2013.06.28 04:16:39.273,1.30672,1.30674,1.00,1.00
2013.06.28 04:16:40.230,1.30671,1.30674,1.00,1.00
2013.06.28 04:17:02.340,1.30671,1.30675,1.00,2.44
2013.06.28 04:17:03.880,1.30671,1.30675,1.00,2.44
2013.06.28 04:17:06.572,1.3067,1.30675,1.69,3.19
2013.06.28 04:17:19.870,1.3067,1.30675,1.25,4.69
2013.06.28 04:17:23.043,1.3067,1.30675,1.25,4.69
2013.06.28 04:17:30.105,1.3067,1.30675,1.25,2.44
2013.06.28 04:17:30.781,1.3067,1.30675,1.25,3.57
2013.06.28 04:17:32.381,1.30671,1.30675,1.00,3.19
2013.06.28 04:17:39.587,1.30673,1.30675,1.00,1.69
2013.06.28 04:17:52.050,1.30672,1.30674,1.13,1.00
2013.06.28 04:17:52.230,1.3067,1.30674,2.82,1.50
2013.06.28 04:17:55.361,1.30671,1.30674,2.07,1.00
2013.06.28 04:17:55.420,1.30673,1.30674,1.00,1.00
2013.06.28 04:17:55.481,1.30673,1.30676,1.50,1.69
2013.06.28 04:17:55.602,1.30675,1.30676,1.00,1.50
2013.06.28 04:17:56.140,1.30676,1.30677,1.00,1.00
2013.06.28 04:17:56.683,1.30675,1.30677,1.50,1.00
2013.06.28 04:17:57.253,1.30674,1.30677,1.25,2.25
2013.06.28 04:17:57.802,1.30673,1.30676,1.32,3.00
2013.06.28 04:17:58.342,1.30675,1.30676,1.00,1.00
2013.06.28 04:17:58.881,1.30675,1.30677,2.63,1.00
2013.06.28 04:17:59.400,1.30674,1.30677,2.82,1.00
2013.06.28 04:18:04.322,1.30673,1.30676,3.94,1.00
2013.06.28 04:18:04.871,1.30673,1.30676,2.25,1.00
2013.06.28 04:18:05.731,1.30673,1.30674,1.00,1.00
2013.06.28 04:18:06.153,1.30672,1.30673,1.13,1.00
2013.06.28 04:18:06.462,1.30668,1.3067,1.50,2.82
2013.06.28 04:18:06.581,1.30668,1.3067,1.50,3.57
2013.06.28 04:18:06.941,1.30664,1.30669,2.82,3.44
2013.06.28 04:18:07.451,1.30665,1.30669,1.50,2.07
2013.06.28 04:18:08.731,1.30665,1.30669,1.00,4.57
2013.06.28 04:18:08.791,1.30665,1.30669,1.00,5.82
2013.06.28 04:18:08.911,1.30662,1.30666,3.38,5.44
2013.06.28 04:18:09.452,1.3066,1.30665,6.19,4.50
2013.06.28 04:18:10.020,1.3066,1.30665,2.44,4.69
2013.06.28 04:18:12.821,1.3066,1.30664,1.25,7.13
2013.06.28 04:18:12.880,1.3066,1.30664,1.25,7.13
2013.06.28 04:18:13.243,1.30658,1.30661,4.50,7.13
2013.06.28 04:18:13.311,1.30657,1.30659,1.00,2.88
2013.06.28 04:18:13.430,1.30656,1.30659,2.48,5.69
2013.06.28 04:18:14.151,1.30656,1.30659,7.84,1.50
2013.06.28 04:18:14.588,1.30658,1.30661,1.00,3.00
2013.06.28 04:18:15.236,1.30658,1.30662,1.00,1.69
2013.06.28 04:18:17.182,1.30657,1.30659,2.44,1.00
2013.06.28 04:18:17.731,1.30656,1.30659,3.38,1.19
2013.06.28 04:18:18.032,1.30659,1.30661,1.50,1.00
2013.06.28 04:18:18.571,1.30659,1.30662,1.50,1.50
2013.06.28 04:18:20.473,1.3066,1.30662,1.50,1.00
2013.06.28 04:18:22.071,1.30659,1.30662,3.19,1.00
2013.06.28 04:18:23.721,1.30658,1.30661,4.50,1.00
2013.06.28 04:18:24.323,1.3066,1.30664,1.25,1.50
2013.06.28 04:18:25.222,1.3066,1.30664,2.44,1.00
2013.06.28 04:18:29.930,1.30661,1.30664,1.00,1.00
2013.06.28 04:18:35.836,1.30661,1.30664,4.32,1.00
2013.06.28 04:18:36.021,1.30663,1.30667,1.00,5.44
2013.06.28 04:18:37.091,1.30664,1.30667,1.00,3.94
2013.06.28 04:18:37.270,1.30666,1.30667,1.50,1.69
2013.06.28 04:18:37.451,1.30668,1.3067,1.50,2.44
2013.06.28 04:18:37.631,1.30668,1.30672,1.50,1.32
2013.06.28 04:18:38.780,1.30668,1.30672,3.00,1.00
2013.06.28 04:18:38.901,1.30667,1.3067,1.00,3.25
2013.06.28 04:18:39.140,1.30665,1.30669,3.19,3.63
2013.06.28 04:18:39.680,1.30665,1.30668,2.25,2.69
2013.06.28 04:18:40.771,1.30667,1.3067,1.50,5.29
2013.06.28 04:18:40.831,1.30667,1.3067,2.25,2.82
2013.06.28 04:18:41.013,1.30668,1.30672,1.13,1.69
2013.06.28 04:18:41.131,1.3067,1.30672,1.00,1.25
2013.06.28 04:18:41.491,1.30668,1.3067,1.88,1.88
2013.06.28 04:18:41.551,1.30668,1.30671,2.07,1.88
2013.06.28 04:18:41.790,1.30667,1.30671,1.50,3.82
2013.06.28 04:18:47.510,1.30666,1.30669,1.69,1.00
2013.06.28 04:18:48.281,1.30665,1.30669,7.32,5.13
2013.06.28 04:18:48.862,1.30665,1.30668,3.75,2.13
2013.06.28 04:19:31.100,1.30665,1.30666,1.00,1.00
2013.06.28 04:19:41.595,1.30665,1.30666,1.00,1.00
2013.06.28 04:19:41.840,1.30667,1.3067,2.88,4.32
2013.06.28 04:19:42.081,1.30665,1.30669,6.57,4.38
2013.06.28 04:19:42.621,1.30665,1.30669,2.25,4.19
2013.06.28 04:19:44.201,1.30665,1.30669,1.13,6.57
2013.06.28 04:19:44.531,1.30666,1.30669,2.25,2.82
2013.06.28 04:19:44.771,1.30668,1.30672,1.13,3.19
2013.06.28 04:19:44.891,1.30667,1.30672,4.50,5.32
2013.06.28 04:19:50.763,1.30667,1.30668,3.00,1.50
2013.06.28 04:19:51.315,1.30667,1.30668,1.50,1.50
2013.06.28 04:19:51.561,1.30665,1.30668,5.44,3.00
2013.06.28 04:19:52.104,1.30665,1.30668,1.50,6.19
2013.06.28 04:19:52.610,1.30663,1.30667,3.94,3.25
2013.06.28 04:19:53.794,1.30663,1.30666,1.00,3.25
2013.06.28 04:19:56.520,1.30662,1.30664,1.50,1.00
2013.06.28 04:19:56.702,1.30658,1.30663,8.25,6.73
2013.06.28 04:19:56.822,1.30659,1.30662,3.75,9.40
2013.06.28 04:19:56.942,1.30656,1.30659,1.88,4.38
2013.06.28 04:19:57.121,1.30654,1.30658,1.73,3.63
2013.06.28 04:19:57.721,1.30656,1.30658,2.55,2.13
2013.06.28 04:19:57.963,1.30657,1.3066,1.00,2.82
2013.06.28 04:19:58.502,1.30659,1.30662,1.00,1.50
2013.06.28 04:19:58.561,1.30659,1.30662,1.00,2.25
2013.06.28 04:20:00.931,1.30658,1.3066,2.25,1.00
2013.06.28 04:20:01.051,1.30657,1.30659,1.50,4.88
2013.06.28 04:20:01.171,1.30656,1.30657,1.13,1.00
2013.06.28 04:20:01.351,1.30654,1.30657,1.23,1.50
2013.06.28 04:20:01.892,1.30654,1.30657,1.23,2.44
2013.06.28 04:20:02.881,1.30654,1.30657,1.23,2.25
2013.06.28 04:20:06.671,1.30657,1.30659,1.00,4.88
2013.06.28 04:20:06.732,1.30658,1.30659,1.00,1.00
2013.06.28 04:20:06.851,1.3066,1.30661,2.25,1.00
2013.06.28 04:20:07.312,1.3066,1.30664,5.63,1.00
2013.06.28 04:20:08.842,1.30661,1.30664,1.00,1.00
2013.06.28 04:20:09.391,1.30663,1.30665,1.00,1.50
2013.06.28 04:20:11.171,1.30663,1.30666,1.00,1.50
2013.06.28 04:20:13.291,1.30664,1.30666,1.00,1.00
2013.06.28 04:20:13.831,1.30663,1.30666,1.50,1.00
2013.06.28 04:20:14.340,1.30664,1.30666,1.00,1.00
2013.06.28 04:20:14.881,1.30663,1.30666,1.50,1.00
2013.06.28 04:20:15.940,1.30663,1.30667,1.00,3.75
2013.06.28 04:20:19.111,1.30663,1.30665,1.00,1.00
2013.06.28 04:20:20.173,1.30663,1.30665,1.00,2.25
2013.06.28 04:20:20.411,1.30658,1.30662,4.35,2.50
2013.06.28 04:20:20.924,1.30655,1.30658,1.30,2.13
2013.06.28 04:20:21.183,1.30655,1.30659,2.48,1.32
2013.06.28 04:20:21.672,1.30657,1.30659,1.00,1.32
2013.06.28 04:20:22.032,1.30659,1.3066,2.25,1.00
2013.06.28 04:20:22.571,1.30659,1.30662,4.13,2.44
2013.06.28 04:20:22.933,1.30658,1.3066,1.50,8.86
2013.06.28 04:20:23.113,1.30654,1.30657,1.00,8.10
2013.06.28 04:20:23.602,1.30656,1.3066,4.73,9.00
2013.06.28 04:20:23.732,1.30658,1.3066,4.69,4.88
2013.06.28 04:20:23.852,1.3066,1.30661,1.00,1.50
2013.06.28 04:20:24.391,1.30661,1.30664,1.00,2.44
2013.06.28 04:20:24.934,1.30662,1.30665,3.00,1.32
2013.06.28 04:20:25.831,1.30661,1.30665,2.25,2.07
2013.06.28 04:20:27.414,1.30662,1.30665,1.00,1.13
2013.06.28 04:20:29.694,1.30659,1.30663,6.75,1.00
2013.06.28 04:20:30.122,1.30661,1.30664,2.25,1.00
2013.06.28 04:20:30.666,1.30662,1.30665,3.75,1.32
2013.06.28 04:20:33.331,1.30661,1.30665,2.44,1.13
2013.06.28 04:20:42.181,1.30662,1.30665,1.00,1.00
2013.06.28 04:20:42.364,1.30664,1.30667,1.00,5.44
2013.06.28 04:20:43.982,1.30663,1.30667,1.50,6.94
2013.06.28 04:20:44.049,1.30661,1.30666,3.57,5.07
2013.06.28 04:20:44.820,1.30661,1.30665,1.50,8.07
2013.06.28 04:20:47.081,1.30658,1.30662,2.44,1.65
2013.06.28 04:20:47.142,1.30659,1.3066,1.00,1.00
2013.06.28 04:20:47.501,1.30656,1.30659,2.82,1.00
2013.06.28 04:20:47.682,1.30656,1.30659,1.00,3.67
2013.06.28 04:20:48.222,1.30655,1.30659,1.69,9.57
2013.06.28 04:20:48.581,1.30657,1.30659,1.00,3.13
2013.06.28 04:20:48.702,1.30655,1.30659,1.13,6.07
2013.06.28 04:20:49.207,1.30654,1.30658,1.35,3.94
2013.06.28 04:20:51.051,1.30655,1.30658,1.50,3.44
2013.06.28 04:20:54.471,1.30656,1.30659,1.00,2.44
2013.06.28 04:20:54.602,1.30658,1.30659,1.50,1.13
2013.06.28 04:20:55.141,1.30658,1.3066,1.00,1.50
2013.06.28 04:20:59.962,1.30659,1.30661,1.00,1.32
2013.06.28 04:21:00.141,1.30659,1.30662,3.00,1.00
2013.06.28 04:21:00.502,1.30661,1.30664,1.00,1.50
2013.06.28 04:21:02.340,1.30661,1.30664,1.50,1.13
2013.06.28 04:21:03.751,1.30661,1.30664,1.00,2.13
2013.06.28 04:21:04.111,1.30657,1.30661,3.00,2.32
2013.06.28 04:21:04.351,1.30659,1.30661,1.00,1.00
2013.06.28 04:21:04.869,1.30659,1.30662,1.00,1.69
2013.06.28 04:21:05.901,1.30659,1.30662,1.00,1.50
2013.06.28 04:21:06.450,1.30659,1.30662,1.00,4.00
2013.06.28 04:21:08.701,1.3066,1.30662,1.00,2.25
2013.06.28 04:21:08.881,1.30661,1.30664,1.00,3.94
2013.06.28 04:21:09.565,1.30661,1.30664,1.00,1.69
2013.06.28 04:21:11.061,1.30659,1.30662,3.42,1.00
2013.06.28 04:21:11.482,1.30657,1.30661,1.13,8.63
2013.06.28 04:21:13.960,1.30657,1.30661,1.13,9.76
2013.06.28 04:21:14.021,1.30656,1.3066,6.15,2.13
2013.06.28 04:21:14.322,1.30655,1.30658,1.50,5.25
2013.06.28 04:21:14.382,1.30653,1.30657,2.25,5.44
2013.06.28 04:21:14.502,1.30653,1.30657,1.50,8.44
2013.06.28 04:21:20.903,1.30653,1.30656,1.13,1.00
2013.06.28 04:21:23.710,1.30654,1.30656,1.00,1.00
2013.06.28 04:21:25.440,1.30653,1.30656,1.88,1.00
2013.06.28 04:21:26.581,1.30653,1.30657,1.88,6.75
2013.06.28 04:21:27.601,1.30655,1.30657,1.00,4.50
2013.06.28 04:21:27.903,1.30657,1.30659,1.00,1.50
2013.06.28 04:21:28.022,1.30659,1.3066,1.13,1.00
2013.06.28 04:21:28.502,1.30656,1.3066,1.00,2.25
2013.06.28 04:21:29.102,1.30656,1.3066,1.00,3.76
2013.06.28 04:21:29.641,1.30655,1.30659,1.00,3.25
2013.06.28 04:21:31.981,1.30653,1.30657,1.88,1.50
2013.06.28 04:21:32.447,1.30655,1.30657,2.25,1.50
2013.06.28 04:21:32.755,1.30657,1.30661,1.13,2.44
2013.06.28 04:21:33.062,1.30658,1.30661,1.88,1.69
2013.06.28 04:21:33.991,1.30658,1.3066,1.13,2.09
2013.06.28 04:21:34.171,1.30656,1.3066,1.13,8.28
2013.06.28 04:21:34.592,1.30656,1.30659,1.00,2.88
2013.06.28 04:21:39.542,1.30653,1.30657,1.13,1.69
2013.06.28 04:21:40.448,1.30653,1.30657,1.00,4.63
2013.06.28 04:21:42.782,1.30653,1.30657,1.00,6.07
2013.06.28 04:21:43.021,1.30651,1.30655,2.85,4.88
2013.06.28 04:21:43.141,1.30651,1.30653,2.85,2.88
2013.06.28 04:21:44.370,1.3065,1.30652,1.13,1.32
2013.06.28 04:21:47.171,1.30651,1.30653,1.00,1.19
2013.06.28 04:21:47.410,1.30651,1.30654,1.00,1.50
2013.06.28 04:21:47.920,1.3065,1.30654,7.13,1.50
2013.06.28 04:21:49.541,1.30651,1.30654,1.50,1.50
2013.06.28 04:21:49.661,1.30653,1.30654,1.00,1.00
2013.06.28 04:21:50.392,1.30653,1.30655,1.00,1.50
2013.06.28 04:21:57.040,1.30654,1.30656,2.63,3.38
2013.06.28 04:21:57.461,1.30655,1.30658,2.63,1.00
2013.06.28 04:21:57.942,1.30654,1.30658,2.63,6.57
2013.06.28 04:22:01.032,1.30653,1.30658,3.00,6.19
2013.06.28 04:22:01.932,1.30653,1.30657,1.50,7.50
2013.06.28 04:22:02.171,1.30651,1.30654,1.50,1.50
2013.06.28 04:22:07.142,1.3065,1.30652,2.63,1.00
2013.06.28 04:22:10.011,1.30651,1.30653,1.00,3.19
2013.06.28 04:22:24.981,1.3065,1.30654,3.75,1.69
2013.06.28 04:22:25.501,1.30651,1.30654,1.00,1.25
2013.06.28 04:22:26.193,1.30652,1.30654,1.00,1.25
2013.06.28 04:22:30.863,1.30651,1.30652,1.00,1.13
2013.06.28 04:22:31.401,1.3065,1.30652,3.75,1.13
2013.06.28 04:22:32.953,1.30649,1.30652,2.44,1.28
2013.06.28 04:22:33.253,1.30648,1.3065,1.25,3.00
2013.06.28 04:22:33.312,1.30646,1.30649,1.50,3.07
2013.06.28 04:22:33.852,1.30645,1.30649,2.63,1.00
2013.06.28 04:22:34.365,1.30645,1.30649,3.00,1.00
2013.06.28 04:22:34.931,1.30645,1.30649,3.00,1.32
2013.06.28 04:22:35.651,1.30646,1.30649,1.00,1.32
2013.06.28 04:22:38.861,1.30649,1.3065,2.63,2.63
2013.06.28 04:22:38.982,1.3065,1.30651,1.00,1.88
2013.06.28 04:22:39.041,1.30649,1.30651,1.00,1.88
2013.06.28 04:22:39.464,1.30647,1.3065,1.25,2.50
2013.06.28 04:22:40.012,1.30646,1.3065,1.00,5.26
2013.06.28 04:22:42.331,1.30646,1.3065,1.00,6.20
2013.06.28 04:22:48.612,1.30646,1.30649,1.00,1.25
2013.06.28 04:22:52.784,1.30647,1.30649,1.00,1.25
2013.06.28 04:22:53.091,1.30649,1.30651,1.00,2.07
2013.06.28 04:22:53.153,1.30649,1.30652,1.00,3.00
2013.06.28 04:22:53.393,1.3065,1.30653,3.00,1.13
2013.06.28 04:22:53.931,1.30651,1.30654,1.00,1.00
2013.06.28 04:22:55.413,1.30652,1.30654,1.00,1.00
2013.06.28 04:22:59.741,1.30652,1.30653,1.00,1.00
2013.06.28 04:22:59.803,1.3065,1.30653,6.19,4.88
2013.06.28 04:23:00.041,1.30652,1.30654,1.00,1.69
2013.06.28 04:23:00.161,1.30652,1.30654,1.00,1.69
2013.06.28 04:23:00.281,1.30652,1.30654,1.00,1.69
2013.06.28 04:23:06.421,1.30652,1.30654,1.00,1.69
2013.06.28 04:23:09.092,1.30651,1.30654,2.25,1.25
2013.06.28 04:23:15.852,1.30651,1.30652,2.25,1.00
2013.06.28 04:23:16.031,1.30649,1.30653,1.50,1.19
2013.06.28 04:23:16.091,1.30645,1.3065,7.50,3.07
2013.06.28 04:23:16.272,1.30645,1.30648,2.63,5.07
2013.06.28 04:23:16.511,1.30646,1.30648,2.25,1.50
2013.06.28 04:23:17.052,1.30646,1.30649,2.25,1.00
2013.06.28 04:23:17.601,1.30646,1.3065,2.25,1.25
2013.06.28 04:23:18.651,1.30647,1.3065,1.00,1.25
2013.06.28 04:23:19.952,1.30646,1.30648,1.00,1.50
2013.06.28 04:23:20.154,1.30644,1.30647,1.25,1.00
2013.06.28 04:23:20.742,1.30643,1.30647,1.50,1.32
2013.06.28 04:23:21.481,1.30645,1.30647,1.00,1.32
2013.06.28 04:23:22.532,1.30646,1.30649,1.50,3.00
2013.06.28 04:23:23.081,1.30646,1.30649,2.25,1.50
2013.06.28 04:23:23.583,1.30647,1.30649,1.00,1.00
2013.06.28 04:23:24.331,1.30647,1.3065,1.00,1.69
2013.06.28 04:23:28.012,1.30646,1.3065,4.35,1.69
2013.06.28 04:23:28.371,1.30648,1.30651,3.00,1.19
2013.06.28 04:23:28.672,1.30647,1.3065,1.00,2.88
2013.06.28 04:23:28.792,1.30644,1.30648,3.75,2.63
2013.06.28 04:23:28.912,1.3064,1.30645,1.00,11.63
2013.06.28 04:23:28.971,1.30639,1.30643,3.00,5.50
2013.06.28 04:23:29.272,1.30641,1.30643,1.00,3.38
2013.06.28 04:23:29.512,1.30642,1.30645,1.00,6.75
2013.06.28 04:23:29.872,1.30644,1.30645,1.00,1.00
2013.06.28 04:23:30.233,1.30646,1.30649,1.00,5.25
2013.06.28 04:23:30.291,1.30645,1.30649,1.13,7.75
2013.06.28 04:23:30.535,1.30644,1.30648,1.00,2.63
2013.06.28 04:23:30.661,1.30642,1.30647,3.75,3.01
2013.06.28 04:23:30.782,1.30644,1.30647,1.00,4.51
2013.06.28 04:23:31.023,1.30647,1.30651,4.32,5.63
2013.06.28 04:23:31.331,1.3065,1.30653,1.50,5.07
2013.06.28 04:23:33.521,1.3065,1.30653,2.25,1.13
2013.06.28 04:23:34.031,1.30651,1.30653,1.50,1.13
2013.06.28 04:23:34.352,1.3065,1.30652,1.00,1.00
2013.06.28 04:23:35.374,1.30651,1.30654,1.00,4.67
2013.06.28 04:23:36.151,1.30652,1.30654,1.00,4.65
2013.06.28 04:23:36.691,1.30652,1.30654,1.50,1.25
2013.06.28 04:23:40.314,1.30653,1.30655,1.00,2.63
2013.06.28 04:23:40.742,1.30652,1.30655,1.00,1.50
2013.06.28 04:23:40.861,1.30652,1.30653,1.00,1.50
2013.06.28 04:23:57.251,1.30652,1.30654,1.00,2.25
2013.06.28 04:24:08.661,1.30649,1.30652,2.82,1.50
2013.06.28 04:24:09.141,1.30649,1.30653,1.32,5.25
2013.06.28 04:24:15.642,1.30651,1.30653,1.00,4.32
2013.06.28 04:24:16.002,1.30649,1.30652,1.13,1.50
2013.06.28 04:24:17.931,1.30649,1.30653,1.13,5.82
2013.06.28 04:24:18.171,1.30649,1.30651,1.13,2.25
2013.06.28 04:24:18.711,1.30646,1.30649,1.25,1.00
2013.06.28 04:24:18.831,1.30645,1.30646,3.38,1.13
2013.06.28 04:24:19.252,1.30646,1.30648,1.00,2.63
2013.06.28 04:24:19.803,1.30647,1.30651,1.50,6.94
2013.06.28 04:24:19.861,1.30647,1.30651,1.50,6.19
2013.06.28 04:24:24.091,1.30647,1.30651,1.50,7.47
2013.06.28 04:24:24.272,1.30647,1.30648,1.00,1.00
2013.06.28 04:24:24.331,1.30645,1.30648,2.44,1.50
2013.06.28 04:24:25.170,1.30646,1.30648,1.00,2.25
2013.06.28 04:24:32.791,1.30644,1.30648,1.69,1.50
2013.06.28 04:24:32.972,1.30644,1.30646,1.25,1.00
2013.06.28 04:24:33.511,1.30644,1.30646,1.00,1.00
2013.06.28 04:24:34.172,1.30644,1.30647,1.00,1.25
2013.06.28 04:24:36.295,1.30645,1.30648,1.00,4.32
2013.06.28 04:24:36.601,1.30647,1.3065,1.00,2.44
2013.06.28 04:24:37.102,1.30649,1.30651,2.25,1.38
2013.06.28 04:24:37.401,1.30651,1.30654,1.00,2.82
2013.06.28 04:24:40.052,1.3065,1.30652,1.00,1.00
2013.06.28 04:24:40.233,1.30649,1.30651,1.13,3.00
2013.06.28 04:24:40.352,1.30648,1.30651,2.44,4.50
2013.06.28 04:24:40.928,1.30648,1.30651,1.25,4.88
2013.06.28 04:24:41.721,1.30649,1.30651,1.00,4.13
2013.06.28 04:24:41.902,1.30649,1.30652,1.88,1.50
2013.06.28 04:24:41.961,1.30651,1.30654,1.00,2.07
2013.06.28 04:24:43.861,1.30649,1.30652,1.50,3.00
2013.06.28 04:24:45.671,1.30645,1.3065,3.94,6.38
2013.06.28 04:24:45.792,1.30644,1.30648,3.19,2.25
2013.06.28 04:24:46.331,1.30644,1.30648,1.00,3.19
2013.06.28 04:24:46.572,1.30646,1.30648,1.00,1.69
2013.06.28 04:24:47.111,1.30647,1.30649,1.00,1.69
2013.06.28 04:24:47.442,1.30647,1.3065,1.00,3.94
2013.06.28 04:24:48.141,1.30647,1.30649,1.00,1.00
2013.06.28 04:24:48.622,1.30644,1.30648,4.32,3.75
2013.06.28 04:24:51.561,1.30645,1.30648,1.00,8.07
2013.06.28 04:24:59.101,1.30644,1.30648,1.50,9.94
2013.06.28 04:25:02.083,1.30644,1.30648,7.13,1.13
2013.06.28 04:25:02.561,1.30647,1.3065,1.00,6.27
2013.06.28 04:25:03.081,1.30647,1.30648,1.00,1.50
2013.06.28 04:25:03.881,1.30647,1.30649,1.00,1.50
2013.06.28 04:25:04.242,1.30644,1.30648,1.69,3.75
2013.06.28 04:25:04.602,1.30646,1.30648,1.00,2.25
2013.06.28 04:25:04.961,1.30646,1.3065,2.25,1.00
2013.06.28 04:25:05.511,1.30646,1.30651,2.25,5.25
2013.06.28 04:25:06.991,1.30646,1.30651,2.25,6.57
2013.06.28 04:25:08.152,1.30645,1.30647,5.07,2.50
2013.06.28 04:25:08.331,1.30643,1.30646,1.69,4.50
2013.06.28 04:25:08.877,1.30642,1.30646,1.00,7.32
2013.06.28 04:25:10.901,1.30644,1.30646,1.00,5.44
2013.06.28 04:25:11.021,1.30645,1.30647,2.25,1.25
2013.06.28 04:25:11.322,1.30646,1.3065,1.00,1.19
2013.06.28 04:25:14.044,1.30646,1.30648,1.00,1.50
2013.06.28 04:25:14.641,1.30646,1.30649,1.00,1.25
2013.06.28 04:25:24.744,1.30646,1.30648,1.00,1.00
2013.06.28 04:25:24.992,1.30645,1.30647,1.69,1.50
2013.06.28 04:25:25.172,1.30644,1.30646,1.00,1.50
2013.06.28 04:25:29.511,1.30644,1.30645,1.00,1.00
2013.06.28 04:25:43.281,1.30644,1.30645,1.00,1.00
2013.06.28 04:25:43.583,1.30647,1.30648,1.50,1.50
2013.06.28 04:25:43.644,1.30648,1.3065,3.38,1.88
2013.06.28 04:25:43.954,1.30651,1.30654,1.00,4.50
2013.06.28 04:25:44.462,1.30652,1.30655,1.00,1.13
2013.06.28 04:25:44.951,1.30652,1.30655,1.00,1.50
2013.06.28 04:25:45.774,1.30652,1.30653,1.00,2.25
2013.06.28 04:25:46.131,1.30648,1.30651,3.00,7.69
2013.06.28 04:25:46.372,1.30648,1.3065,1.00,1.00
2013.06.28 04:25:46.731,1.30646,1.30649,1.25,1.50
2013.06.28 04:25:47.771,1.30646,1.30648,1.25,1.00
2013.06.28 04:25:50.784,1.30646,1.30647,1.25,2.25
2013.06.28 04:25:50.972,1.30644,1.30646,1.32,1.00
2013.06.28 04:25:51.453,1.30644,1.30646,1.00,2.25
2013.06.28 04:25:52.831,1.30644,1.30645,1.00,1.00
2013.06.28 04:25:53.932,1.30641,1.30644,3.57,1.50
2013.06.28 04:25:54.053,1.30642,1.30644,1.25,1.88
2013.06.28 04:25:54.292,1.30637,1.30641,3.94,1.50
2013.06.28 04:25:54.413,1.30637,1.30639,1.00,1.88
2013.06.28 04:25:54.771,1.30639,1.30641,1.50,2.07
2013.06.28 04:25:55.011,1.30639,1.30641,2.44,1.00
2013.06.28 04:25:55.691,1.3064,1.30641,1.00,1.00
2013.06.28 04:25:58.182,1.3064,1.30642,2.25,1.00
2013.06.28 04:25:58.242,1.30641,1.30643,1.00,1.00
2013.06.28 04:25:58.825,1.30642,1.30643,1.00,1.00
2013.06.28 04:26:36.761,1.3064,1.30643,1.69,1.00
2013.06.28 04:26:37.003,1.3064,1.30642,1.25,3.00
2013.06.28 04:26:37.301,1.30638,1.30641,1.00,1.00
2013.06.28 04:26:39.873,1.30638,1.30642,1.00,4.32
2013.06.28 04:26:47.431,1.3064,1.30642,1.50,2.63
2013.06.28 04:26:47.971,1.30641,1.30643,1.00,1.00
2013.06.28 04:26:58.074,1.30642,1.30643,1.50,1.00
2013.06.28 04:26:58.818,1.30641,1.30643,5.44,1.00
2013.06.28 04:27:06.842,1.30641,1.30642,1.25,1.00
2013.06.28 04:27:15.911,1.3064,1.30642,3.00,1.00
2013.06.28 04:27:16.549,1.30639,1.30642,3.19,1.00
2013.06.28 04:27:29.680,1.30639,1.30641,2.44,1.00
2013.06.28 04:27:31.792,1.3064,1.30641,1.00,1.00
2013.06.28 04:27:32.632,1.3064,1.30642,1.25,1.00
2013.06.28 04:27:33.171,1.30641,1.30642,1.00,1.00
2013.06.28 04:27:34.532,1.30639,1.30642,1.32,1.00
2013.06.28 04:27:34.893,1.30637,1.3064,1.19,1.50
2013.06.28 04:27:35.821,1.30637,1.30639,1.19,1.00
2013.06.28 04:27:36.341,1.30636,1.30639,3.19,1.00
2013.06.28 04:27:37.591,1.30636,1.30639,2.44,1.00
2013.06.28 04:27:37.952,1.30635,1.30637,3.19,1.00
2013.06.28 04:27:38.432,1.30635,1.30639,6.19,1.13
2013.06.28 04:27:38.852,1.30639,1.3064,1.13,1.00
2013.06.28 04:27:39.153,1.30639,1.30641,1.00,2.63
2013.06.28 04:27:39.272,1.30639,1.3064,1.00,1.00
2013.06.28 04:27:39.811,1.30638,1.30639,1.00,1.00
2013.06.28 04:27:41.971,1.30636,1.30639,1.69,1.00
2013.06.28 04:27:46.742,1.30638,1.30642,1.88,4.22
2013.06.28 04:27:46.802,1.30639,1.3064,2.63,1.00
2013.06.28 04:27:47.341,1.30637,1.30639,3.00,1.00
2013.06.28 04:27:47.402,1.30637,1.30639,1.50,1.00
2013.06.28 04:27:47.953,1.30636,1.30639,3.94,1.00
2013.06.28 04:27:57.411,1.30636,1.3064,3.19,1.00
2013.06.28 04:27:58.694,1.30637,1.3064,1.00,1.00
2013.06.28 04:28:03.672,1.3064,1.30642,1.00,1.69
2013.06.28 04:28:04.032,1.30642,1.30644,1.00,1.50
2013.06.28 04:28:04.511,1.30643,1.30645,1.00,2.07
2013.06.28 04:28:05.572,1.30644,1.30645,1.50,1.00
2013.06.28 04:28:05.633,1.30642,1.30645,1.32,2.88
2013.06.28 04:28:05.992,1.30638,1.3064,1.88,1.00
2013.06.28 04:28:06.232,1.30635,1.30639,3.00,2.82
2013.06.28 04:28:06.353,1.30635,1.30637,3.00,1.00
2013.06.28 04:28:11.105,1.30636,1.30637,1.00,1.00
2013.06.28 04:28:11.593,1.30636,1.30639,3.75,1.25
2013.06.28 04:28:12.142,1.30637,1.3064,1.00,2.82
2013.06.28 04:28:12.675,1.30637,1.3064,1.50,2.07
2013.06.28 04:28:16.693,1.30638,1.3064,1.00,2.25
2013.06.28 04:28:16.753,1.30638,1.3064,1.63,1.32
2013.06.28 04:28:17.175,1.30641,1.30644,1.00,1.00
2013.06.28 04:28:17.772,1.30641,1.30645,1.00,1.69
2013.06.28 04:28:32.111,1.30643,1.30645,1.00,1.69
2013.06.28 04:28:32.473,1.30644,1.30647,1.00,4.69
2013.06.28 04:28:32.532,1.30644,1.30647,1.00,4.32
2013.06.28 04:28:33.011,1.30642,1.30645,1.25,1.00
2013.06.28 04:28:36.121,1.30641,1.30645,2.44,1.00
2013.06.28 04:28:44.452,1.30641,1.30645,3.57,1.00
2013.06.28 04:28:44.992,1.30643,1.30646,1.00,1.00
2013.06.28 04:28:47.682,1.30642,1.30645,4.13,2.25
2013.06.28 04:28:48.192,1.30642,1.30644,3.38,1.00
2013.06.28 04:28:49.032,1.30641,1.30643,2.82,4.13
2013.06.28 04:28:49.573,1.30641,1.30643,1.00,1.00
2013.06.28 04:28:51.849,1.30641,1.30645,1.50,2.82
2013.06.28 04:28:56.213,1.30641,1.30645,1.50,1.69
2013.06.28 04:29:07.992,1.30641,1.30644,1.00,1.50
2013.06.28 04:29:12.851,1.30641,1.30644,1.00,2.44
2013.06.28 04:29:17.882,1.30641,1.30644,1.00,1.00
2013.06.28 04:29:18.421,1.30641,1.30645,3.75,1.69
2013.06.28 04:29:20.652,1.30641,1.30645,4.69,1.50
2013.06.28 04:29:26.851,1.30643,1.30645,1.00,1.13
2013.06.28 04:29:30.732,1.30643,1.30645,1.00,1.00
2013.06.28 04:29:31.080,1.30647,1.30649,4.50,1.00
2013.06.28 04:29:31.146,1.30648,1.30649,6.00,1.00
2013.06.28 04:29:31.273,1.30649,1.30652,1.00,1.00
2013.06.28 04:29:31.831,1.3065,1.30652,1.50,1.00
2013.06.28 04:29:32.371,1.30649,1.30652,2.25,1.00
2013.06.28 04:29:32.939,1.3065,1.30652,1.00,1.00
2013.06.28 04:29:45.851,1.30649,1.30652,1.32,1.00
2013.06.28 04:30:00.411,1.3065,1.30653,1.00,1.50
2013.06.28 04:30:00.895,1.30652,1.30655,1.00,2.00
2013.06.28 04:30:01.553,1.30653,1.30655,1.00,1.32
2013.06.28 04:30:02.582,1.30652,1.30655,1.00,1.13
2013.06.28 04:30:06.021,1.30653,1.30655,1.00,1.50
2013.06.28 04:30:12.841,1.30653,1.30654,1.00,1.00
2013.06.28 04:30:23.253,1.30652,1.30654,1.00,1.00
2013.06.28 04:30:32.681,1.30651,1.30654,1.00,1.00
2013.06.28 04:30:38.782,1.30652,1.30654,1.00,1.00
2013.06.28 04:30:38.902,1.30654,1.30656,1.00,1.19
2013.06.28 04:30:39.142,1.30651,1.30654,3.19,1.00
2013.06.28 04:30:39.681,1.30651,1.30654,1.50,1.00
2013.06.28 04:30:40.222,1.3065,1.30654,5.07,1.00
2013.06.28 04:30:53.774,1.3065,1.30652,1.32,3.85
2013.06.28 04:30:53.956,1.30648,1.3065,1.32,1.73
2013.06.28 04:30:54.083,1.30646,1.30647,3.00,2.25
2013.06.28 04:30:54.152,1.30646,1.30647,1.00,2.82
2013.06.28 04:30:54.397,1.30643,1.30645,2.25,1.00
2013.06.28 04:30:54.964,1.30643,1.30644,1.00,1.00
2013.06.28 04:31:04.072,1.30643,1.30645,1.00,1.00
2013.06.28 04:31:20.281,1.30642,1.30645,1.25,1.00
2013.06.28 04:31:27.752,1.30643,1.30645,1.00,1.00
2013.06.28 04:31:29.797,1.30642,1.30645,1.00,1.00
2013.06.28 04:31:45.352,1.30643,1.30645,1.50,1.00
2013.06.28 04:31:45.892,1.30643,1.30646,1.00,1.25
2013.06.28 04:31:47.112,1.30642,1.30645,1.25,1.00
2013.06.28 04:31:47.473,1.30641,1.30644,1.00,2.63
2013.06.28 04:31:48.033,1.30641,1.30642,1.00,1.50
2013.06.28 04:32:09.874,1.30641,1.30643,1.00,1.69
2013.06.28 04:32:27.112,1.30639,1.30642,1.50,1.00
2013.06.28 04:32:29.542,1.30641,1.30643,1.13,1.00
2013.06.28 04:32:30.082,1.30641,1.30644,1.13,1.13
2013.06.28 04:32:35.843,1.3064,1.30642,1.25,1.50
2013.06.28 04:32:36.480,1.30638,1.30641,1.00,1.50
2013.06.28 04:32:44.116,1.30638,1.30641,2.44,1.50
2013.06.28 04:32:45.872,1.30639,1.30642,1.25,3.00
2013.06.28 04:33:08.543,1.3064,1.30642,1.00,1.00
2013.06.28 04:33:09.982,1.30639,1.30642,1.00,1.00
2013.06.28 04:33:14.292,1.30641,1.30643,1.00,2.25
2013.06.28 04:33:14.832,1.30641,1.30644,1.00,2.07
2013.06.28 04:33:48.622,1.30643,1.30645,1.00,1.25
2013.06.28 04:33:48.926,1.30645,1.30648,5.97,1.13
2013.06.28 04:33:49.173,1.30648,1.3065,1.50,3.00
2013.06.28 04:33:49.233,1.30648,1.3065,1.50,1.50
2013.06.28 04:33:49.472,1.30646,1.3065,3.34,1.00
2013.06.28 04:33:49.832,1.30648,1.3065,1.00,1.00
2013.06.28 04:33:50.372,1.30646,1.30649,2.25,2.25
2013.06.28 04:33:50.923,1.30646,1.30649,1.50,3.00
2013.06.28 04:33:59.342,1.30646,1.30649,1.50,3.94
2013.06.28 04:34:00.732,1.30647,1.30649,1.00,3.19
2013.06.28 04:34:05.532,1.30646,1.30649,2.25,3.19
2013.06.28 04:34:15.654,1.30646,1.30647,1.00,3.00
2013.06.28 04:34:15.842,1.30644,1.30647,1.00,1.50
2013.06.28 04:34:16.643,1.30646,1.30648,1.50,1.25
2013.06.28 04:34:18.182,1.30645,1.30647,1.13,1.00
2013.06.28 04:34:18.363,1.30644,1.30646,1.00,1.00
2013.06.28 04:34:22.552,1.30644,1.30647,1.00,4.32
2013.06.28 04:34:27.212,1.30644,1.30647,1.73,4.32
2013.06.28 04:34:27.272,1.30644,1.30647,1.50,3.19
2013.06.28 04:34:27.813,1.30643,1.30646,1.00,1.00
2013.06.28 04:34:27.932,1.30643,1.30644,1.00,1.00
2013.06.28 04:34:34.283,1.30643,1.30645,1.00,2.82
2013.06.28 04:34:34.833,1.30643,1.30644,1.50,1.50
2013.06.28 04:34:36.025,1.30643,1.30644,1.00,1.50
2013.06.28 04:34:36.335,1.30644,1.30646,1.00,3.75
2013.06.28 04:34:36.913,1.30644,1.30646,1.00,3.75
2013.06.28 04:34:39.875,1.30644,1.30646,1.00,4.50
2013.06.28 04:34:40.242,1.30641,1.30644,1.00,1.50
2013.06.28 04:34:40.422,1.30643,1.30645,1.00,1.32
2013.06.28 04:34:42.453,1.30643,1.30647,2.25,5.44
2013.06.28 04:34:42.933,1.30645,1.30647,1.50,3.19
2013.06.28 04:34:43.474,1.30646,1.30647,1.00,1.00
2013.06.28 04:34:44.002,1.30645,1.30647,2.44,1.00
2013.06.28 04:34:45.845,1.30645,1.30646,2.44,1.00
2013.06.28 04:34:46.352,1.30643,1.30645,3.57,1.00
2013.06.28 04:34:47.282,1.30643,1.30645,2.07,1.00
2013.06.28 04:34:50.983,1.30644,1.30646,1.00,1.88
2013.06.28 04:34:51.102,1.30645,1.30648,1.00,2.82
2013.06.28 04:34:51.612,1.30645,1.30648,2.25,2.82
2013.06.28 04:34:52.242,1.30643,1.30647,3.75,2.44
2013.06.28 04:34:55.122,1.30643,1.30646,2.63,1.00
2013.06.28 04:34:55.663,1.30643,1.30645,1.88,1.00
2013.06.28 04:34:56.197,1.30644,1.30646,1.00,1.13
2013.06.28 04:34:56.684,1.30646,1.30649,2.28,1.88
2013.06.28 04:34:56.743,1.30647,1.30649,1.63,1.50
2013.06.28 04:34:56.863,1.30649,1.30651,2.63,3.00
2013.06.28 04:34:57.824,1.30649,1.30652,3.57,3.00
2013.06.28 04:34:58.002,1.30649,1.30655,3.57,6.94
2013.06.28 04:34:58.685,1.3065,1.30654,1.32,1.38
2013.06.28 04:34:58.992,1.30648,1.30651,2.44,1.00
2013.06.28 04:34:59.532,1.30648,1.30653,2.25,5.07
2013.06.28 04:35:00.192,1.30648,1.30653,4.69,2.82
2013.06.28 04:35:00.745,1.30648,1.3065,1.69,2.50
2013.06.28 04:35:00.994,1.30646,1.30648,1.32,1.13
2013.06.28 04:35:01.112,1.30648,1.30652,1.00,5.07
2013.06.28 04:35:01.352,1.30649,1.30652,1.13,3.19
2013.06.28 04:35:01.472,1.3065,1.30652,1.00,1.00
2013.06.28 04:35:01.833,1.30648,1.30651,1.88,1.69
2013.06.28 04:35:03.373,1.30648,1.30652,5.44,1.00
2013.06.28 04:35:09.502,1.3065,1.30652,1.00,1.00
2013.06.28 04:35:11.893,1.30649,1.30652,1.13,2.25
2013.06.28 04:35:12.397,1.30649,1.30652,1.69,2.25
2013.06.28 04:35:12.763,1.30651,1.30654,1.00,1.00
2013.06.28 04:35:13.323,1.30651,1.30655,1.25,1.00
2013.06.28 04:35:28.344,1.30652,1.30655,1.00,1.00
2013.06.28 04:35:28.403,1.30652,1.30656,1.38,5.07
2013.06.28 04:35:28.702,1.30656,1.30657,1.00,1.50
2013.06.28 04:35:28.942,1.30653,1.30656,3.94,1.50
2013.06.28 04:35:29.499,1.30653,1.30656,1.00,1.25
2013.06.28 04:35:31.034,1.30651,1.30654,1.69,1.50
2013.06.28 04:35:32.122,1.30652,1.30654,1.50,1.50
2013.06.28 04:35:40.582,1.30652,1.30655,1.00,1.25
2013.06.28 04:35:42.923,1.30652,1.30656,1.69,3.38
2013.06.28 04:35:49.630,1.30652,1.30656,3.19,1.13
2013.06.28 04:35:53.016,1.30654,1.30656,1.00,1.13
2013.06.28 04:35:53.145,1.30656,1.30658,1.00,1.13
2013.06.28 04:35:53.274,1.30658,1.3066,1.00,1.00
2013.06.28 04:35:53.452,1.30659,1.30662,1.00,1.00
2013.06.28 04:35:53.514,1.30658,1.3066,3.00,1.00
2013.06.28 04:35:53.632,1.30657,1.30659,2.25,1.13
2013.06.28 04:35:58.212,1.30656,1.30659,1.69,1.13
2013.06.28 04:35:58.752,1.30656,1.30659,1.00,3.94
2013.06.28 04:35:59.933,1.30655,1.30657,2.25,1.00
2013.06.28 04:36:00.352,1.30655,1.30658,1.50,1.00
2013.06.28 04:36:00.892,1.30654,1.30658,2.14,1.50
2013.06.28 04:36:02.824,1.30654,1.30657,2.14,1.00
2013.06.28 04:36:07.672,1.30655,1.30658,1.50,1.50
2013.06.28 04:36:09.592,1.30656,1.30658,1.00,1.50
2013.06.28 04:36:17.412,1.30655,1.30658,2.25,1.50
2013.06.28 04:36:27.886,1.30655,1.30658,1.50,2.63
2013.06.28 04:36:28.434,1.30656,1.30658,1.00,1.13
2013.06.28 04:36:33.103,1.30656,1.30657,1.00,1.00
2013.06.28 04:36:34.782,1.30655,1.30657,2.25,1.00
2013.06.28 04:36:35.333,1.30656,1.30657,1.00,1.00
2013.06.28 04:36:36.195,1.30655,1.30657,1.50,1.13
2013.06.28 04:36:36.739,1.30654,1.30657,3.00,2.63
2013.06.28 04:36:40.763,1.30654,1.30656,2.25,1.00
2013.06.28 04:36:41.864,1.30652,1.30655,6.23,3.00
2013.06.28 04:36:42.058,1.30651,1.30652,2.25,1.13
2013.06.28 04:36:42.246,1.30649,1.30651,2.25,2.25
2013.06.28 04:36:43.009,1.30649,1.30651,1.00,3.00
2013.06.28 04:36:43.563,1.30649,1.30652,1.00,3.75
2013.06.28 04:36:44.554,1.30649,1.30651,1.00,1.50
2013.06.28 04:36:46.659,1.30651,1.30652,1.00,1.50
2013.06.28 04:36:47.205,1.3065,1.30652,1.00,2.25
2013.06.28 04:36:47.754,1.30649,1.30652,1.25,2.25
2013.06.28 04:36:48.525,1.30649,1.30652,1.25,2.48
2013.06.28 04:36:48.833,1.30644,1.30648,7.13,2.13
2013.06.28 04:36:48.954,1.30644,1.30645,2.25,1.00
2013.06.28 04:36:49.192,1.30642,1.30645,3.00,1.00
2013.06.28 04:36:58.043,1.30643,1.30645,1.00,1.00
2013.06.28 04:37:00.802,1.30643,1.30646,1.00,1.50
2013.06.28 04:37:02.182,1.30645,1.30646,1.00,1.00
2013.06.28 04:37:02.723,1.30646,1.30647,1.00,1.00
2013.06.28 04:37:03.175,1.30644,1.30646,1.88,1.00
2013.06.28 04:37:03.303,1.30643,1.30645,1.25,1.00
2013.06.28 04:37:13.252,1.30644,1.30645,1.00,1.00
2013.06.28 04:37:14.014,1.30645,1.30648,1.00,1.88
2013.06.28 04:37:14.133,1.30645,1.30647,1.00,1.13
2013.06.28 04:37:14.552,1.30646,1.30649,1.00,2.07
2013.06.28 04:37:15.072,1.30646,1.30648,1.00,1.13
2013.06.28 04:37:15.626,1.30645,1.30647,1.25,1.50
2013.06.28 04:37:16.923,1.30644,1.30646,1.19,1.00
2013.06.28 04:37:19.312,1.30644,1.30647,1.19,2.25
2013.06.28 04:37:23.857,1.30646,1.30649,2.50,1.50
2013.06.28 04:37:24.104,1.30648,1.30651,2.25,2.25
2013.06.28 04:37:24.164,1.30648,1.30651,3.00,2.25
2013.06.28 04:37:24.235,1.30647,1.30649,3.23,1.00
2013.06.28 04:37:24.903,1.30647,1.3065,2.07,2.25
2013.06.28 04:37:26.285,1.30647,1.3065,1.00,1.00
2013.06.28 04:37:30.752,1.30645,1.3065,3.94,2.25
2013.06.28 04:37:32.242,1.30645,1.30649,1.69,1.13
2013.06.28 04:37:32.602,1.30643,1.30645,1.19,1.00
2013.06.28 04:37:32.663,1.30642,1.30645,1.13,1.00
2013.06.28 04:37:33.202,1.30641,1.30645,2.25,1.13
2013.06.28 04:37:49.682,1.30642,1.30645,1.00,1.00
2013.06.28 04:37:57.333,1.30643,1.30645,1.00,1.50
2013.06.28 04:37:57.572,1.30643,1.30647,2.44,2.25
2013.06.28 04:38:15.742,1.30645,1.30647,1.00,1.50
2013.06.28 04:38:17.714,1.30646,1.30647,1.00,1.00
2013.06.28 04:38:20.184,1.30646,1.30648,2.13,1.13
2013.06.28 04:38:20.364,1.30648,1.30651,1.00,2.82
2013.06.28 04:38:20.902,1.3065,1.30652,1.00,1.00
2013.06.28 04:38:23.273,1.30649,1.3065,1.25,1.50
2013.06.28 04:38:23.812,1.3065,1.30651,1.00,1.00
2013.06.28 04:38:24.335,1.3065,1.30652,1.00,1.50
2013.06.28 04:38:24.513,1.30647,1.3065,3.19,1.50
2013.06.28 04:38:24.752,1.30646,1.30649,1.00,1.00
2013.06.28 04:38:25.662,1.30646,1.30648,1.00,1.00
2013.06.28 04:38:32.115,1.30644,1.30647,1.50,1.00
2013.06.28 04:38:33.899,1.30644,1.30646,1.00,1.00
2013.06.28 04:38:34.420,1.30643,1.30646,1.50,1.00
2013.06.28 04:38:35.333,1.30643,1.30645,2.25,1.00
2013.06.28 04:38:37.284,1.30645,1.30648,14.58,1.69
2013.06.28 04:38:37.525,1.30648,1.30651,2.50,3.38
2013.06.28 04:38:37.584,1.3065,1.30651,1.00,1.88
2013.06.28 04:38:37.767,1.3065,1.30653,2.25,1.13
2013.06.28 04:38:37.833,1.30648,1.30651,5.07,1.00
2013.06.28 04:38:38.372,1.30648,1.30651,1.50,1.13
2013.06.28 04:38:39.205,1.30648,1.3065,1.00,1.00
2013.06.28 04:38:39.803,1.30647,1.3065,1.00,1.50
2013.06.28 04:38:49.433,1.30646,1.30649,5.44,1.00
2013.06.28 04:38:57.812,1.30648,1.30649,1.00,1.00
2013.06.28 04:38:58.112,1.30648,1.30652,1.00,4.32
2013.06.28 04:38:58.674,1.30647,1.3065,1.25,1.00
2013.06.28 04:39:09.374,1.30648,1.30652,1.00,2.44
2013.06.28 04:39:09.923,1.30648,1.30651,1.25,1.00
2013.06.28 04:39:20.884,1.30648,1.30652,1.25,2.25
2013.06.28 04:39:21.422,1.30649,1.30652,1.00,1.50
2013.06.28 04:39:22.892,1.30648,1.30652,1.69,1.50
2013.06.28 04:39:31.557,1.30648,1.30652,2.44,2.07
2013.06.28 04:39:31.684,1.30646,1.3065,3.19,1.13
2013.06.28 04:39:34.573,1.30647,1.3065,1.00,1.13
2013.06.28 04:39:37.512,1.30648,1.3065,1.00,1.13
2013.06.28 04:39:39.893,1.30649,1.30651,1.00,2.82
2013.06.28 04:39:40.132,1.3065,1.30653,1.00,2.82
2013.06.28 04:39:42.613,1.30651,1.30653,1.00,1.32
2013.06.28 04:39:43.153,1.30651,1.30655,1.00,2.44
2013.06.28 04:39:45.765,1.30652,1.30655,1.00,1.69
2013.06.28 04:39:46.302,1.30653,1.30655,1.50,1.00
2013.06.28 04:39:46.843,1.30653,1.30656,1.50,1.69
2013.06.28 04:39:55.855,1.30652,1.30654,1.17,1.50
2013.06.28 04:40:04.064,1.30651,1.30653,1.50,1.50
2013.06.28 04:40:06.283,1.30651,1.30654,1.00,2.82
2013.06.28 04:40:07.575,1.30648,1.30651,4.32,1.13
2013.06.28 04:40:07.825,1.30646,1.3065,3.00,1.32
2013.06.28 04:40:08.013,1.30649,1.3065,1.00,1.13
2013.06.28 04:40:08.314,1.30651,1.30654,1.00,4.69
2013.06.28 04:40:08.819,1.30652,1.30654,1.00,5.44
2013.06.28 04:40:09.374,1.30651,1.30654,1.50,5.44
2013.06.28 04:40:09.675,1.30648,1.3065,1.88,1.00
2013.06.28 04:40:10.033,1.30643,1.30646,4.32,1.00
2013.06.28 04:40:10.393,1.30644,1.30648,5.25,8.07
2013.06.28 04:40:11.324,1.30646,1.30649,1.50,1.69
2013.06.28 04:40:16.504,1.30646,1.30649,1.50,1.00
2013.06.28 04:40:19.243,1.30646,1.3065,1.50,4.69
2013.06.28 04:40:21.633,1.30646,1.3065,1.38,5.82
2013.06.28 04:40:25.234,1.30649,1.30653,1.63,1.50
2013.06.28 04:40:25.293,1.30649,1.30653,1.69,1.50
2013.06.28 04:40:25.833,1.3065,1.30654,2.10,1.25
2013.06.28 04:40:26.463,1.3065,1.30655,2.29,7.69
2013.06.28 04:40:28.202,1.30651,1.30655,1.00,7.69
2013.06.28 04:40:28.743,1.30651,1.30654,1.00,1.00
2013.06.28 04:40:32.136,1.30651,1.30654,1.00,1.38
2013.06.28 04:40:32.383,1.30649,1.30652,1.25,1.00
2013.06.28 04:40:46.303,1.30651,1.30653,1.00,1.13
2013.06.28 04:40:46.603,1.30651,1.30655,1.00,4.32
2013.06.28 04:40:49.943,1.3065,1.30654,1.69,1.00
2013.06.28 04:40:57.713,1.30649,1.30652,1.69,1.00
2013.06.28 04:40:57.893,1.30648,1.30651,2.63,1.00
2013.06.28 04:40:57.954,1.30648,1.30649,1.13,1.00
2013.06.28 04:40:58.494,1.30646,1.30649,4.69,1.00
2013.06.28 04:40:59.473,1.30646,1.30649,3.19,1.00
2013.06.28 04:40:59.953,1.30648,1.30651,1.00,1.32
2013.06.28 04:41:00.853,1.30649,1.30652,1.00,1.69
2013.06.28 04:41:01.518,1.30649,1.30652,1.00,1.00
2013.06.28 04:41:12.776,1.30648,1.30651,1.25,1.00
2013.06.28 04:41:13.084,1.30647,1.30649,2.82,1.00
2013.06.28 04:41:13.324,1.30645,1.30649,7.69,1.00
2013.06.28 04:41:27.833,1.30646,1.30648,1.00,1.00
2013.06.28 04:41:28.383,1.30644,1.30647,6.19,1.00
2013.06.28 04:41:36.093,1.30644,1.30647,1.50,1.50
2013.06.28 04:41:38.476,1.30645,1.30647,1.00,1.50
2013.06.28 04:41:52.083,1.30643,1.30646,2.82,1.50
2013.06.28 04:41:52.505,1.30643,1.30646,1.88,1.00
2013.06.28 04:41:53.044,1.30643,1.30645,1.00,1.00
2013.06.28 04:41:53.916,1.30641,1.30645,2.07,1.50
2013.06.28 04:41:54.463,1.30641,1.30644,1.32,1.00
2013.06.28 04:41:55.023,1.30641,1.30643,1.25,1.00
2013.06.28 04:41:55.535,1.30641,1.30644,1.69,1.00
2013.06.28 04:41:58.393,1.30641,1.30645,1.50,2.82
2013.06.28 04:41:58.933,1.30642,1.30645,1.00,2.82
2013.06.28 04:42:01.073,1.30642,1.30645,1.50,3.57
2013.06.28 04:42:01.613,1.30642,1.30643,1.50,1.13
2013.06.28 04:42:02.155,1.30639,1.30642,5.82,1.00
2013.06.28 04:42:02.683,1.30641,1.30642,1.00,1.00
2013.06.28 04:42:05.203,1.30641,1.30643,1.00,1.32
2013.06.28 04:42:05.939,1.30641,1.30643,1.00,1.32
2013.06.28 04:42:06.012,1.30642,1.30643,1.00,1.00
2013.06.28 04:42:06.078,1.30644,1.30646,1.00,3.00
2013.06.28 04:42:06.266,1.30647,1.30649,1.00,1.69
2013.06.28 04:42:06.776,1.30648,1.3065,1.00,3.34
2013.06.28 04:42:07.335,1.30649,1.30651,1.00,5.40
2013.06.28 04:42:07.993,1.3065,1.30652,1.00,1.69
2013.06.28 04:42:08.173,1.30651,1.30653,1.00,2.82
2013.06.28 04:42:08.593,1.3065,1.30653,1.73,2.82
2013.06.28 04:42:08.833,1.30652,1.30654,1.00,3.94
2013.06.28 04:42:10.564,1.30653,1.30654,1.00,3.19
2013.06.28 04:42:20.063,1.30652,1.30655,2.25,3.94
2013.06.28 04:42:27.463,1.30652,1.30655,1.50,3.19
2013.06.28 04:42:29.614,1.30652,1.30654,1.50,2.25
2013.06.28 04:42:31.094,1.3065,1.30652,1.00,1.00
2013.06.28 04:42:57.413,1.30651,1.30652,1.00,1.00
2013.06.28 04:42:57.475,1.30651,1.30654,1.50,1.25
2013.06.28 04:42:58.843,1.30652,1.30655,1.00,1.13
2013.06.28 04:42:59.503,1.30653,1.30655,1.00,1.13
2013.06.28 04:42:59.934,1.30654,1.30657,3.44,1.88
2013.06.28 04:43:00.235,1.30658,1.30662,4.75,3.75
2013.06.28 04:43:00.793,1.30661,1.30663,1.00,2.44
2013.06.28 04:43:03.063,1.30661,1.30663,1.00,1.25
2013.06.28 04:43:10.354,1.30661,1.30663,1.00,1.00
2013.06.28 04:43:10.475,1.30658,1.3066,1.50,2.50
2013.06.28 04:43:10.655,1.30655,1.30658,1.69,2.25
2013.06.28 04:43:10.785,1.30653,1.30656,3.19,1.13
2013.06.28 04:43:13.625,1.30653,1.30655,1.69,1.00
2013.06.28 04:43:22.818,1.30653,1.30656,2.25,1.25
2013.06.28 04:43:23.005,1.30655,1.30657,1.88,1.69
2013.06.28 04:43:23.186,1.30658,1.30661,1.63,1.13
2013.06.28 04:43:23.733,1.30657,1.3066,1.19,1.00
2013.06.28 04:43:23.973,1.30656,1.3066,3.94,1.50
2013.06.28 04:43:24.513,1.30656,1.30657,1.25,1.00
2013.06.28 04:43:26.544,1.30654,1.30657,4.69,1.00
2013.06.28 04:43:28.473,1.30654,1.30657,3.94,1.50
2013.06.28 04:43:28.984,1.30654,1.30655,2.44,1.00
2013.06.28 04:43:31.453,1.30652,1.30655,3.75,1.13
2013.06.28 04:43:34.506,1.30653,1.30655,2.63,1.00
2013.06.28 04:43:34.634,1.30655,1.30657,1.00,1.00
2013.06.28 04:43:34.754,1.30657,1.30659,1.00,2.07
2013.06.28 04:43:34.874,1.30658,1.30661,1.00,2.44
2013.06.28 04:43:35.413,1.30656,1.3066,4.69,1.50
2013.06.28 04:43:35.985,1.30656,1.3066,3.94,1.50
2013.06.28 04:43:36.523,1.30656,1.30659,3.94,1.00
2013.06.28 04:43:39.083,1.30656,1.30659,3.19,1.00
2013.06.28 04:43:39.973,1.30656,1.3066,3.19,1.50
2013.06.28 04:43:40.674,1.30657,1.3066,1.13,1.50
2013.06.28 04:43:41.094,1.30658,1.3066,1.38,1.00
2013.06.28 04:43:41.214,1.3066,1.30662,1.00,1.69
2013.06.28 04:43:41.453,1.30658,1.3066,1.88,1.00
2013.06.28 04:43:42.113,1.30658,1.30662,3.38,1.25
2013.06.28 04:43:42.653,1.30659,1.30662,1.00,1.25
2013.06.28 04:43:45.784,1.3066,1.30662,1.00,1.25
2013.06.28 04:43:45.904,1.30659,1.30662,1.00,1.33
2013.06.28 04:43:46.145,1.30657,1.3066,2.44,1.00
2013.06.28 04:43:46.659,1.30656,1.3066,4.13,1.39
2013.06.28 04:43:46.736,1.30652,1.30656,2.44,1.00
2013.06.28 04:43:46.804,1.30652,1.30655,1.69,1.00
2013.06.28 04:43:47.343,1.30654,1.30655,1.50,1.00
2013.06.28 04:43:48.913,1.30655,1.30658,1.50,2.07
2013.06.28 04:43:49.274,1.30655,1.30658,1.00,1.32
2013.06.28 04:43:49.515,1.30657,1.30659,1.00,1.50
2013.06.28 04:43:49.753,1.30658,1.30662,2.25,1.25
2013.06.28 04:43:54.544,1.30658,1.30663,2.44,2.82
2013.06.28 04:43:55.644,1.30661,1.30664,1.00,5.07
2013.06.28 04:43:56.183,1.30661,1.30664,1.00,1.69
2013.06.28 04:44:08.834,1.30661,1.30665,1.00,2.55
2013.06.28 04:44:20.893,1.30662,1.30665,1.00,1.13
2013.06.28 04:44:22.335,1.30661,1.30665,1.69,1.13
2013.06.28 04:44:23.514,1.30663,1.30666,1.00,1.25
2013.06.28 04:44:30.968,1.30665,1.30666,1.88,1.25
2013.06.28 04:44:31.334,1.30666,1.30669,1.13,1.25
2013.06.28 04:44:31.875,1.30665,1.30667,3.00,1.00
2013.06.28 04:44:32.185,1.30666,1.30668,1.00,2.07
2013.06.28 04:44:32.305,1.30666,1.30669,1.69,1.75
2013.06.28 04:44:32.904,1.30665,1.30667,3.00,1.00
2013.06.28 04:44:35.196,1.30666,1.30668,1.00,1.13
2013.06.28 04:44:35.733,1.30667,1.3067,1.50,2.44
2013.06.28 04:44:36.544,1.30667,1.3067,1.50,2.25
2013.06.28 04:44:36.785,1.30666,1.30668,1.25,1.50
2013.06.28 04:44:37.145,1.30664,1.30666,1.50,1.00
2013.06.28 04:44:37.204,1.30664,1.30667,1.50,1.88
2013.06.28 04:44:37.444,1.30666,1.30667,1.00,1.13
2013.06.28 04:44:37.984,1.30667,1.30669,1.50,1.19
2013.06.28 04:44:38.225,1.30667,1.3067,1.50,3.75
2013.06.28 04:44:38.763,1.30666,1.3067,2.25,3.75
2013.06.28 04:44:43.969,1.30666,1.30669,2.44,1.00
2013.06.28 04:44:44.215,1.30665,1.30667,1.69,1.50
2013.06.28 04:44:44.574,1.30664,1.30666,1.69,1.50
2013.06.28 04:44:46.036,1.30664,1.30666,1.69,1.50
2013.06.28 04:44:46.613,1.30663,1.30665,2.44,1.50
2013.06.28 04:44:47.154,1.30663,1.30666,2.44,1.00
2013.06.28 04:44:57.308,1.30664,1.30666,1.00,1.00
2013.06.28 04:45:01.244,1.30664,1.30666,1.50,2.44
2013.06.28 04:45:02.564,1.30664,1.30666,1.50,1.00
2013.06.28 04:45:03.103,1.30663,1.30666,2.25,1.00
2013.06.28 04:45:04.603,1.30664,1.30666,1.00,1.00
2013.06.28 04:45:05.994,1.30664,1.30665,1.50,1.00
2013.06.28 04:45:06.118,1.30662,1.30665,1.32,1.88
2013.06.28 04:45:06.663,1.30661,1.30665,1.00,3.57
2013.06.28 04:45:14.864,1.30661,1.30665,1.00,5.82
2013.06.28 04:45:15.284,1.30658,1.30661,2.25,1.00
2013.06.28 04:45:16.614,1.30658,1.30661,1.32,1.00
2013.06.28 04:45:17.644,1.30658,1.3066,1.13,2.63
2013.06.28 04:45:17.763,1.30656,1.3066,2.22,3.38
2013.06.28 04:45:18.003,1.30656,1.30658,1.47,1.00
2013.06.28 04:45:19.398,1.30654,1.30656,1.88,1.08
2013.06.28 04:45:19.943,1.30654,1.30655,1.00,1.00
2013.06.28 04:45:20.064,1.30652,1.30655,2.63,4.13
2013.06.28 04:45:20.783,1.30652,1.30656,1.88,1.32
2013.06.28 04:45:21.864,1.30652,1.30655,1.00,1.00
2013.06.28 04:45:21.984,1.3065,1.30653,2.44,3.25
2013.06.28 04:45:22.105,1.3065,1.30651,1.50,1.50
2013.06.28 04:45:22.786,1.30651,1.30653,3.00,1.50
2013.06.28 04:45:22.861,1.30651,1.30656,1.50,2.82
2013.06.28 04:45:22.984,1.30653,1.30656,1.00,2.82
2013.06.28 04:45:24.223,1.30653,1.30656,1.00,1.32
2013.06.28 04:45:26.663,1.30654,1.30658,1.50,3.57
2013.06.28 04:45:26.964,1.30656,1.30658,2.10,2.82
2013.06.28 04:45:27.083,1.30656,1.3066,1.50,2.07
2013.06.28 04:45:27.144,1.30656,1.30661,1.69,3.19
2013.06.28 04:45:27.456,1.3066,1.30661,1.50,2.44
2013.06.28 04:45:27.814,1.30662,1.30663,1.00,1.50
2013.06.28 04:45:28.353,1.30662,1.30664,1.00,1.69
2013.06.28 04:45:29.523,1.30662,1.30665,1.00,7.32
2013.06.28 04:45:33.895,1.30662,1.30663,1.00,1.50
2013.06.28 04:45:35.903,1.30662,1.30664,1.00,1.50
2013.06.28 04:45:37.443,1.30663,1.30664,1.00,1.50
2013.06.28 04:45:38.763,1.30662,1.30664,1.50,1.50
2013.06.28 04:45:39.315,1.30664,1.30665,1.00,1.32
2013.06.28 04:45:58.183,1.30664,1.30665,1.00,2.25
2013.06.28 04:45:58.770,1.30662,1.30664,2.44,1.50
2013.06.28 04:45:59.795,1.30662,1.30663,1.00,3.00
2013.06.28 04:46:00.096,1.3066,1.30662,2.25,1.50
2013.06.28 04:46:00.633,1.3066,1.30661,1.50,1.50
2013.06.28 04:46:01.232,1.30659,1.30661,1.00,1.50
2013.06.28 04:46:04.974,1.30659,1.3066,1.00,1.00
2013.06.28 04:46:05.275,1.30655,1.30657,4.32,2.25
2013.06.28 04:46:05.814,1.30654,1.30657,1.00,2.44
2013.06.28 04:46:10.084,1.30655,1.30657,1.25,1.69
2013.06.28 04:46:10.204,1.30657,1.30658,1.00,1.00
2013.06.28 04:46:10.266,1.30657,1.3066,1.00,2.07
2013.06.28 04:46:10.813,1.30657,1.30661,1.50,1.32
2013.06.28 04:46:11.355,1.30656,1.30661,1.69,1.32
2013.06.28 04:46:11.884,1.30657,1.30661,1.00,1.32
2013.06.28 04:46:14.366,1.30658,1.30661,1.88,1.13
2013.06.28 04:46:15.454,1.30659,1.30661,1.00,1.50
2013.06.28 04:46:18.453,1.30661,1.30664,1.00,4.17
2013.06.28 04:46:18.754,1.30658,1.30663,3.57,1.32
2013.06.28 04:46:18.814,1.30661,1.30663,1.00,1.32
2013.06.28 04:46:24.305,1.30662,1.30664,1.00,1.69
2013.06.28 04:46:24.425,1.30662,1.30665,1.00,1.00
2013.06.28 04:46:35.644,1.30663,1.30665,1.00,1.00
2013.06.28 04:46:36.775,1.30664,1.30665,1.00,1.00
2013.06.28 04:46:36.894,1.30664,1.30667,3.75,2.06
2013.06.28 04:46:39.244,1.30666,1.30668,2.88,1.88
2013.06.28 04:46:43.664,1.30667,1.30668,1.00,1.88
2013.06.28 04:46:44.891,1.30668,1.3067,1.00,1.47
2013.06.28 04:46:45.195,1.3067,1.30673,1.50,3.57
2013.06.28 04:46:45.434,1.3067,1.30671,1.00,1.50
2013.06.28 04:46:45.553,1.30671,1.30673,1.00,4.32
2013.06.28 04:46:46.153,1.30669,1.30673,2.25,2.82
2013.06.28 04:46:46.703,1.3067,1.30673,1.00,2.82
2013.06.28 04:46:46.883,1.30669,1.30671,1.13,1.00
2013.06.28 04:46:46.943,1.30669,1.30673,1.13,6.57
2013.06.28 04:46:47.004,1.30669,1.30671,1.13,1.00
2013.06.28 04:46:48.544,1.30667,1.3067,1.50,1.00
2013.06.28 04:46:48.786,1.30669,1.3067,1.00,1.00
2013.06.28 04:46:53.394,1.30667,1.3067,2.25,2.33
2013.06.28 04:46:53.814,1.30667,1.30668,1.00,1.50
2013.06.28 04:46:54.895,1.30668,1.3067,3.75,2.07
2013.06.28 04:46:54.956,1.30669,1.30671,4.88,1.88
2013.06.28 04:46:55.015,1.30671,1.30673,1.00,4.50
2013.06.28 04:46:55.146,1.30672,1.30674,1.00,1.50
2013.06.28 04:46:56.555,1.30672,1.30675,1.00,5.44
2013.06.28 04:47:03.163,1.30673,1.30675,1.00,1.69
2013.06.28 04:47:03.734,1.30672,1.30675,2.25,1.69
2013.06.28 04:47:04.248,1.30673,1.30675,1.00,1.69
2013.06.28 04:47:04.327,1.3068,1.30683,1.38,3.19
2013.06.28 04:47:04.407,1.30683,1.30685,1.00,10.69
2013.06.28 04:47:04.955,1.30683,1.30685,1.00,1.69
2013.06.28 04:47:08.472,1.30682,1.30684,1.13,1.00
2013.06.28 04:47:08.534,1.30682,1.30684,1.88,2.25
2013.06.28 04:47:08.654,1.30682,1.30683,1.00,1.50
2013.06.28 04:47:08.894,1.30677,1.3068,1.69,1.73
2013.06.28 04:47:09.554,1.30677,1.30678,1.25,1.50
2013.06.28 04:47:09.854,1.30674,1.30678,3.19,1.00
2013.06.28 04:47:10.404,1.30674,1.30678,1.69,2.25
2013.06.28 04:47:11.536,1.30677,1.30678,1.00,1.50
2013.06.28 04:47:12.061,1.30677,1.30679,1.00,1.00
2013.06.28 04:47:14.803,1.30677,1.30678,1.00,1.50
2013.06.28 04:47:15.826,1.30675,1.30678,3.19,2.25
2013.06.28 04:47:16.366,1.30674,1.30677,5.44,1.00
2013.06.28 04:47:28.233,1.30674,1.30676,1.00,1.00
2013.06.28 04:47:30.915,1.30675,1.30676,1.00,1.00
2013.06.28 04:47:33.714,1.30675,1.30677,1.00,2.25
2013.06.28 04:47:36.553,1.30674,1.30677,1.00,2.44
2013.06.28 04:47:41.006,1.30675,1.30681,1.50,4.65
2013.06.28 04:47:41.077,1.30677,1.3068,2.82,6.75
2013.06.28 04:47:41.145,1.30679,1.30681,3.38,3.00
2013.06.28 04:47:41.205,1.30679,1.30681,3.38,1.00
2013.06.28 04:47:41.327,1.30679,1.30681,2.63,2.50
2013.06.28 04:47:41.454,1.30679,1.30682,5.48,2.25
2013.06.28 04:47:41.576,1.3068,1.30683,1.54,1.50
2013.06.28 04:47:42.124,1.3068,1.30682,2.44,1.50
2013.06.28 04:47:43.156,1.3068,1.30683,2.59,2.25
2013.06.28 04:47:44.744,1.30681,1.30683,1.00,2.25
2013.06.28 04:47:45.285,1.30681,1.30683,1.00,2.44
2013.06.28 04:47:47.068,1.30681,1.30682,1.00,1.00
2013.06.28 04:47:57.874,1.30679,1.30681,1.00,1.00
2013.06.28 04:47:58.986,1.30678,1.3068,1.00,1.00
2013.06.28 04:47:59.355,1.30675,1.30678,2.40,2.69
2013.06.28 04:47:59.537,1.30674,1.30677,2.25,3.94
2013.06.28 04:47:59.847,1.30672,1.30676,1.50,3.94
2013.06.28 04:47:59.914,1.30672,1.30676,4.35,3.94
2013.06.28 04:48:00.216,1.30675,1.30677,1.00,2.25
2013.06.28 04:48:03.835,1.30674,1.30676,2.25,1.13
2013.06.28 04:48:04.495,1.30673,1.30676,1.00,4.13
2013.06.28 04:48:05.180,1.30674,1.30676,1.00,4.13
2013.06.28 04:48:05.794,1.30673,1.30676,1.00,4.13
2013.06.28 04:48:12.957,1.30673,1.30675,1.00,1.00
2013.06.28 04:48:17.335,1.30672,1.30675,1.50,2.25
2013.06.28 04:48:18.817,1.30673,1.30675,1.00,1.00
2013.06.28 04:48:18.885,1.30673,1.30675,1.00,1.00
2013.06.28 04:48:18.944,1.30675,1.30677,1.08,3.38
2013.06.28 04:48:19.484,1.30676,1.30678,1.08,1.00
2013.06.28 04:48:28.944,1.30675,1.30678,1.58,1.88
2013.06.28 04:48:29.484,1.30675,1.30677,1.00,1.69
2013.06.28 04:48:31.545,1.30675,1.30677,1.00,1.69
2013.06.28 04:48:31.756,1.30672,1.30675,8.82,1.00
2013.06.28 04:48:32.234,1.30676,1.30679,1.00,2.07
2013.06.28 04:48:32.595,1.30677,1.3068,3.00,1.69
2013.06.28 04:48:34.065,1.30678,1.30681,1.50,1.32
2013.06.28 04:48:34.125,1.3068,1.30682,1.00,1.32
2013.06.28 04:48:34.424,1.30681,1.30683,1.50,1.00
2013.06.28 04:48:34.484,1.30682,1.30685,2.88,2.44
2013.06.28 04:48:36.655,1.30682,1.30686,2.88,1.00
2013.06.28 04:48:37.185,1.30684,1.30686,2.25,1.00
2013.06.28 04:48:39.014,1.30684,1.30685,3.00,1.00
2013.06.28 04:48:39.194,1.30682,1.30685,2.25,2.44
2013.06.28 04:48:39.800,1.30681,1.30685,3.75,4.32
2013.06.28 04:48:40.075,1.30681,1.30685,6.25,2.07
2013.06.28 04:48:41.814,1.30681,1.30685,7.13,1.25
2013.06.28 04:49:24.944,1.30681,1.30683,2.44,1.00
2013.06.28 04:49:25.545,1.30681,1.30684,1.00,1.25
2013.06.28 04:49:31.464,1.30682,1.30685,1.00,1.69
2013.06.28 04:49:32.849,1.30682,1.30684,1.00,1.00
2013.06.28 04:49:34.576,1.30682,1.30684,1.38,1.00
2013.06.28 04:49:34.757,1.30682,1.30686,2.13,3.75
2013.06.28 04:49:35.055,1.30687,1.30692,6.19,2.63
2013.06.28 04:49:35.235,1.30687,1.3069,5.69,1.00
2013.06.28 04:49:35.358,1.30687,1.30688,1.00,1.13
2013.06.28 04:49:35.915,1.30686,1.30688,1.00,1.13
2013.06.28 04:49:38.424,1.30685,1.30688,2.25,2.07
2013.06.28 04:49:44.554,1.30686,1.30688,1.00,2.07
2013.06.28 04:49:47.814,1.30686,1.30689,1.00,1.69
2013.06.28 04:49:47.994,1.30687,1.30691,2.88,3.38
2013.06.28 04:49:48.534,1.30687,1.3069,2.25,1.00
2013.06.28 04:49:49.035,1.30687,1.30691,3.75,3.38
2013.06.28 04:49:53.995,1.30687,1.30689,2.25,1.00
2013.06.28 04:49:54.518,1.30686,1.30688,1.00,1.00
2013.06.28 04:49:59.034,1.30687,1.3069,1.00,5.63
2013.06.28 04:49:59.275,1.30689,1.30693,3.57,2.25
2013.06.28 04:49:59.814,1.3069,1.30693,2.50,1.13
2013.06.28 04:50:00.354,1.30691,1.30695,6.00,1.19
2013.06.28 04:50:00.835,1.30692,1.30696,3.00,2.07
2013.06.28 04:50:01.374,1.30695,1.30698,2.50,3.19
2013.06.28 04:50:01.915,1.30695,1.30698,3.25,2.07
2013.06.28 04:50:02.216,1.30696,1.30699,3.19,1.50
2013.06.28 04:50:02.574,1.30699,1.30702,6.13,1.38
2013.06.28 04:50:03.296,1.30698,1.307,1.69,1.00
2013.06.28 04:50:03.544,1.30697,1.30698,1.00,1.00
2013.06.28 04:50:04.194,1.30696,1.30698,1.32,1.13
2013.06.28 04:50:04.445,1.30696,1.30698,1.32,1.13
2013.06.28 04:50:04.634,1.30699,1.30701,4.50,1.32
2013.06.28 04:50:04.695,1.30701,1.30704,3.20,1.50
2013.06.28 04:50:04.825,1.30701,1.30705,14.29,3.23
2013.06.28 04:50:05.014,1.30707,1.30715,2.63,1.00
2013.06.28 04:50:05.135,1.3071,1.30715,12.90,1.50
2013.06.28 04:50:05.194,1.3071,1.30715,14.59,1.50
2013.06.28 04:50:05.496,1.3071,1.30713,7.32,1.50
2013.06.28 04:50:05.950,1.30707,1.30709,1.50,3.38
2013.06.28 04:50:06.259,1.30705,1.30707,1.50,1.50
2013.06.28 04:50:06.387,1.30702,1.30706,3.00,2.63
2013.06.28 04:50:06.514,1.307,1.30706,1.88,3.38
2013.06.28 04:50:06.817,1.30701,1.30706,4.50,3.38
2013.06.28 04:50:07.124,1.30704,1.30708,9.00,1.00
2013.06.28 04:50:07.304,1.30704,1.30709,10.13,3.00
2013.06.28 04:50:07.424,1.30704,1.30707,3.76,1.00
2013.06.28 04:50:07.784,1.30702,1.30706,1.88,3.00
2013.06.28 04:50:08.306,1.30701,1.30705,1.50,1.50
2013.06.28 04:50:08.554,1.30701,1.30702,1.50,1.00
2013.06.28 04:50:09.094,1.30701,1.30703,1.00,1.00
2013.06.28 04:50:09.213,1.30701,1.30705,1.00,6.94
2013.06.28 04:50:14.385,1.30702,1.30705,1.13,9.94
2013.06.28 04:50:14.814,1.30702,1.30705,1.00,8.44
2013.06.28 04:50:15.384,1.30702,1.30705,1.00,2.44
2013.06.28 04:50:16.466,1.30702,1.30705,1.00,2.44
2013.06.28 04:50:16.825,1.30702,1.30704,1.00,1.00
2013.06.28 04:50:18.164,1.30701,1.30704,1.63,1.00
2013.06.28 04:50:19.194,1.30702,1.30703,2.25,2.25
2013.06.28 04:50:19.674,1.307,1.30703,2.44,2.63
2013.06.28 04:50:20.755,1.307,1.30703,3.82,1.50
2013.06.28 04:50:21.390,1.307,1.30704,2.69,1.50
2013.06.28 04:50:23.006,1.30701,1.30704,1.00,1.50
2013.06.28 04:50:31.464,1.30701,1.30705,5.10,3.94
2013.06.28 04:50:42.304,1.30703,1.30705,1.00,1.32
2013.06.28 04:50:42.844,1.30703,1.30705,3.98,1.25
2013.06.28 04:50:44.284,1.30703,1.30705,2.07,1.25
2013.06.28 04:50:44.465,1.30706,1.30708,5.03,1.25
2013.06.28 04:50:44.524,1.30707,1.3071,4.38,2.63
2013.06.28 04:50:44.584,1.30708,1.30711,3.82,1.50
2013.06.28 04:50:44.828,1.30707,1.30709,3.75,2.63
2013.06.28 04:50:44.895,1.30706,1.30708,6.60,1.00
2013.06.28 04:50:45.074,1.30706,1.30709,6.00,3.57
2013.06.28 04:50:45.377,1.30706,1.30708,2.25,1.50
2013.06.28 04:50:45.677,1.30707,1.30709,1.00,2.82
2013.06.28 04:50:45.864,1.30709,1.30711,3.75,1.25
2013.06.28 04:50:46.405,1.30711,1.30714,1.00,4.69
2013.06.28 04:50:46.765,1.30711,1.30713,1.00,1.25
2013.06.28 04:50:47.125,1.3071,1.30712,1.50,1.00
2013.06.28 04:50:47.784,1.30709,1.30712,5.85,1.00
2013.06.28 04:50:48.144,1.30711,1.30714,1.00,1.00
2013.06.28 04:50:48.725,1.30711,1.30715,5.25,2.07
2013.06.28 04:50:50.205,1.30711,1.30715,3.19,1.50
2013.06.28 04:50:50.564,1.30714,1.30717,2.85,3.19
2013.06.28 04:50:54.617,1.30713,1.30716,1.50,1.00
2013.06.28 04:50:54.927,1.30709,1.30712,6.23,2.82
2013.06.28 04:50:54.994,1.30708,1.3071,1.00,4.88
2013.06.28 04:50:55.054,1.30706,1.30709,2.44,4.13
2013.06.28 04:50:55.115,1.30706,1.30707,2.25,1.00
2013.06.28 04:50:55.635,1.30704,1.30707,3.19,1.00
2013.06.28 04:50:56.476,1.30706,1.30707,1.00,1.00
2013.06.28 04:50:58.444,1.30705,1.30707,1.50,1.00
2013.06.28 04:50:58.884,1.30706,1.30709,1.00,5.82
2013.06.28 04:50:59.186,1.30709,1.30711,3.60,3.41
2013.06.28 04:50:59.315,1.30709,1.30712,3.60,1.25
2013.06.28 04:50:59.974,1.30711,1.30713,1.50,1.32
2013.06.28 04:51:00.094,1.30711,1.30715,1.50,4.69
2013.06.28 04:51:01.183,1.30712,1.30715,1.00,4.69
2013.06.28 04:51:01.727,1.30713,1.30715,4.35,1.50
2013.06.28 04:51:02.914,1.30714,1.30715,1.00,1.50
2013.06.28 04:51:05.387,1.30713,1.30715,1.50,7.50
2013.06.28 04:51:05.933,1.30712,1.30714,1.00,2.25
2013.06.28 04:51:08.190,1.30712,1.30715,1.00,7.69
2013.06.28 04:51:08.707,1.30712,1.30715,1.00,7.69
2013.06.28 04:51:10.254,1.30711,1.30715,2.25,7.69
2013.06.28 04:51:11.215,1.30711,1.30713,2.25,1.50
2013.06.28 04:51:19.354,1.30711,1.30713,2.25,2.50
2013.06.28 04:51:21.778,1.30711,1.30713,2.25,2.25
2013.06.28 04:51:27.096,1.30711,1.30714,1.00,3.57
2013.06.28 04:51:31.266,1.30706,1.30712,10.50,5.44
2013.06.28 04:51:31.394,1.30702,1.30709,13.23,1.70
2013.06.28 04:51:31.452,1.30695,1.30703,3.68,1.00
2013.06.28 04:51:31.513,1.30696,1.30699,1.50,2.80
2013.06.28 04:51:31.814,1.30697,1.30698,1.50,1.00
2013.06.28 04:51:31.996,1.30698,1.30701,1.00,1.95
2013.06.28 04:51:32.647,1.30701,1.30705,7.92,1.50
2013.06.28 04:51:33.134,1.30701,1.30704,2.25,3.00
2013.06.28 04:51:34.646,1.30703,1.30705,1.00,2.25
2013.06.28 04:51:34.704,1.30702,1.30704,1.25,1.50
2013.06.28 04:51:34.835,1.30703,1.30705,1.00,2.25
2013.06.28 04:51:42.146,1.30701,1.30704,1.00,3.75
2013.06.28 04:51:42.325,1.30699,1.307,1.50,7.50
2013.06.28 04:51:42.447,1.30695,1.30698,2.10,1.00
2013.06.28 04:51:42.995,1.30693,1.30696,1.88,1.00
2013.06.28 04:51:43.554,1.30693,1.30697,2.63,2.25
2013.06.28 04:51:44.357,1.30693,1.30695,2.25,1.00
2013.06.28 04:51:45.795,1.30693,1.30695,1.00,2.25
2013.06.28 04:51:45.854,1.30691,1.30694,1.88,1.00
2013.06.28 04:51:45.976,1.30691,1.30693,1.00,1.00
2013.06.28 04:51:46.514,1.3069,1.30694,1.32,3.38
2013.06.28 04:51:47.968,1.30691,1.30694,1.00,4.88
2013.06.28 04:51:48.589,1.30692,1.30694,1.00,1.88
2013.06.28 04:51:49.845,1.30693,1.30695,1.50,2.25
2013.06.28 04:51:54.424,1.30689,1.30694,6.00,2.63
2013.06.28 04:51:54.605,1.30688,1.3069,1.50,3.00
2013.06.28 04:51:54.725,1.30686,1.30689,4.80,1.00
2013.06.28 04:51:54.906,1.30682,1.30685,3.19,4.00
2013.06.28 04:51:55.504,1.30683,1.30685,1.00,3.75
2013.06.28 04:51:56.046,1.3068,1.30684,8.44,1.00
2013.06.28 04:51:56.585,1.30683,1.30684,1.50,1.00
2013.06.28 04:51:57.124,1.30684,1.30685,1.00,1.25
2013.06.28 04:51:58.265,1.30684,1.30686,1.00,1.00
2013.06.28 04:51:58.565,1.30686,1.30687,1.00,1.00
2013.06.28 04:51:59.104,1.30686,1.30687,1.00,1.00
2013.06.28 04:51:59.644,1.30685,1.30688,3.23,1.00
2013.06.28 04:52:01.094,1.30685,1.30689,3.38,1.50
2013.06.28 04:52:10.726,1.30685,1.30688,1.50,1.00
2013.06.28 04:52:10.846,1.30685,1.30686,1.00,1.00
2013.06.28 04:52:11.585,1.30685,1.30687,1.00,2.25
2013.06.28 04:52:13.294,1.30685,1.30689,2.70,3.94
2013.06.28 04:52:13.655,1.30685,1.30687,2.63,1.00
2013.06.28 04:52:14.196,1.30685,1.30688,1.13,2.25
2013.06.28 04:52:14.715,1.30685,1.30687,1.50,1.50
2013.06.28 04:52:16.906,1.30686,1.30687,1.00,1.50
2013.06.28 04:52:17.445,1.30687,1.30689,1.00,1.69
2013.06.28 04:52:17.968,1.30686,1.30689,1.00,2.44
2013.06.28 04:52:18.727,1.30685,1.30688,1.00,3.94
2013.06.28 04:52:19.085,1.30684,1.30686,1.00,1.00
2013.06.28 04:52:21.034,1.30684,1.30687,1.00,2.44
2013.06.28 04:52:27.026,1.30684,1.30686,1.00,1.00
2013.06.28 04:52:30.174,1.30685,1.30687,1.00,2.25
2013.06.28 04:52:34.324,1.30684,1.30687,1.00,1.00
2013.06.28 04:52:35.724,1.30685,1.30687,1.00,1.13
2013.06.28 04:52:38.424,1.30683,1.30687,2.44,1.00
2013.06.28 04:52:49.174,1.30683,1.30686,1.50,1.50
2013.06.28 04:52:49.476,1.30681,1.30683,2.07,6.75
2013.06.28 04:52:49.787,1.30676,1.30679,1.50,4.75
2013.06.28 04:52:50.213,1.30674,1.30676,5.25,1.00
2013.06.28 04:52:50.767,1.30674,1.30675,2.25,1.00
2013.06.28 04:52:52.694,1.30674,1.30676,1.50,1.00
2013.06.28 04:52:53.354,1.30675,1.30678,3.48,2.25
2013.06.28 04:52:53.535,1.30677,1.30679,1.50,1.69
2013.06.28 04:52:54.074,1.30677,1.30679,3.00,1.69
2013.06.28 04:52:54.615,1.30677,1.30679,3.00,1.00
2013.06.28 04:53:25.374,1.30676,1.30679,5.44,1.00
2013.06.28 04:53:32.784,1.30677,1.30679,1.00,1.00
2013.06.28 04:53:34.194,1.30676,1.30679,6.98,1.00
2013.06.28 04:53:41.519,1.30675,1.30678,1.50,2.25
2013.06.28 04:53:42.065,1.30675,1.30677,1.92,1.50
2013.06.28 04:53:43.085,1.30675,1.30678,2.67,1.00
2013.06.28 04:53:43.636,1.30676,1.30679,1.30,1.25
2013.06.28 04:53:43.995,1.30674,1.30677,2.07,1.00
2013.06.28 04:53:46.537,1.30673,1.30676,4.69,1.50
2013.06.28 04:53:47.144,1.30673,1.30676,3.19,1.50
2013.06.28 04:53:47.956,1.30673,1.30677,3.19,2.63
2013.06.28 04:53:52.882,1.30674,1.30677,1.00,2.25
2013.06.28 04:53:53.425,1.30675,1.30678,1.50,1.32
2013.06.28 04:53:53.974,1.30676,1.30678,1.00,1.32
2013.06.28 04:53:57.455,1.30677,1.30679,1.00,2.07
2013.06.28 04:53:57.819,1.3068,1.30681,1.50,1.25
2013.06.28 04:53:57.945,1.30681,1.30684,1.00,1.69
2013.06.28 04:53:58.666,1.30682,1.30684,1.00,1.19
2013.06.28 04:53:58.727,1.30684,1.30685,1.00,1.00
2013.06.28 04:53:59.035,1.30686,1.30687,2.25,1.00
2013.06.28 04:53:59.276,1.30687,1.3069,3.38,1.88
2013.06.28 04:53:59.454,1.3069,1.30694,1.00,5.07
2013.06.28 04:53:59.930,1.30691,1.30694,1.38,2.44
2013.06.28 04:54:00.725,1.30691,1.30693,1.88,1.50
2013.06.28 04:54:00.966,1.30689,1.30691,2.82,1.00
2013.06.28 04:54:01.505,1.30688,1.3069,1.69,1.00
2013.06.28 04:54:01.744,1.30687,1.3069,2.07,1.00
2013.06.28 04:54:01.865,1.30687,1.3069,1.32,3.00
2013.06.28 04:54:02.167,1.3068,1.30683,3.75,1.00
2013.06.28 04:54:02.235,1.30681,1.30683,1.13,1.50
2013.06.28 04:54:02.774,1.30681,1.30685,1.00,5.44
2013.06.28 04:54:02.839,1.30681,1.30682,1.00,1.00
2013.06.28 04:54:03.145,1.30676,1.30679,1.88,1.00
2013.06.28 04:54:03.325,1.30674,1.30677,4.32,1.00
2013.06.28 04:54:08.727,1.30675,1.30677,1.00,1.00
2013.06.28 04:54:10.044,1.30674,1.30677,1.13,1.00
2013.06.28 04:54:15.904,1.30673,1.30677,6.38,1.00
2013.06.28 04:54:21.294,1.30673,1.30675,3.75,1.00
2013.06.28 04:54:22.405,1.30672,1.30675,1.25,1.88
2013.06.28 04:54:23.695,1.30673,1.30675,2.50,1.88
2013.06.28 04:54:23.997,1.30676,1.30679,1.00,1.32
2013.06.28 04:54:24.066,1.30676,1.30677,1.00,1.00
2013.06.28 04:54:24.425,1.30675,1.30677,1.50,1.00
2013.06.28 04:54:25.804,1.30674,1.30677,1.25,1.00
2013.06.28 04:54:26.575,1.30674,1.30676,1.25,1.00
2013.06.28 04:54:27.115,1.30673,1.30675,1.50,1.50
2013.06.28 04:54:27.655,1.30673,1.30677,1.50,3.19
2013.06.28 04:54:30.586,1.30673,1.30677,1.50,1.25
2013.06.28 04:54:40.703,1.30674,1.30677,1.00,1.50
2013.06.28 04:54:57.864,1.30676,1.30677,1.05,1.00
2013.06.28 04:54:59.824,1.30676,1.3068,4.05,3.57
2013.06.28 04:55:00.563,1.30676,1.3068,4.05,3.57
2013.06.28 04:55:01.114,1.30676,1.30678,1.00,1.00
2013.06.28 04:55:01.670,1.30674,1.30677,3.57,1.00
2013.06.28 04:55:03.441,1.30674,1.30677,1.25,1.50
2013.06.28 04:55:12.314,1.30673,1.30677,1.69,1.50
2013.06.28 04:55:15.315,1.30674,1.30677,1.00,1.50
2013.06.28 04:55:15.436,1.30676,1.30679,3.25,3.57
2013.06.28 04:55:15.855,1.30678,1.3068,1.00,1.25
2013.06.28 04:55:19.254,1.30677,1.3068,2.25,3.94
2013.06.28 04:55:25.744,1.30677,1.3068,2.25,1.63
2013.06.28 04:55:26.285,1.30677,1.30681,1.50,6.57
2013.06.28 04:55:27.494,1.30677,1.3068,1.50,2.82
2013.06.28 04:55:27.794,1.30675,1.30678,3.75,1.00
2013.06.28 04:55:32.627,1.30674,1.30678,3.94,1.00
2013.06.28 04:55:33.785,1.30675,1.30678,1.00,1.00
2013.06.28 04:55:47.387,1.30677,1.30678,1.00,1.00
2013.06.28 04:55:47.507,1.30678,1.3068,1.50,4.32
2013.06.28 04:55:47.807,1.30679,1.30682,1.50,1.50
2013.06.28 04:55:48.345,1.3068,1.30683,2.25,1.50
2013.06.28 04:55:48.404,1.30682,1.30684,1.00,1.69
2013.06.28 04:55:48.932,1.30682,1.30685,1.00,2.44
2013.06.28 04:55:51.457,1.30684,1.30685,1.00,1.00
2013.06.28 04:55:51.525,1.30684,1.30686,1.00,3.75
2013.06.28 04:55:52.185,1.30685,1.30686,1.00,1.00
2013.06.28 04:55:52.367,1.30686,1.30689,4.75,4.88
2013.06.28 04:55:52.735,1.30686,1.30689,2.82,3.42
2013.06.28 04:55:52.854,1.30681,1.30685,10.13,7.50
2013.06.28 04:55:52.975,1.30679,1.30681,3.00,3.79
2013.06.28 04:55:53.335,1.30676,1.30678,1.50,2.69
2013.06.28 04:55:53.518,1.30674,1.30677,1.00,1.00
2013.06.28 04:55:55.980,1.30674,1.30676,1.00,1.00
2013.06.28 04:55:59.354,1.30674,1.30677,1.00,1.25
2013.06.28 04:56:01.872,1.30675,1.30677,1.00,1.25
2013.06.28 04:56:02.568,1.30675,1.30679,3.00,7.32
2013.06.28 04:56:03.994,1.30674,1.30678,2.25,1.25
2013.06.28 04:56:04.175,1.30674,1.30676,1.00,1.50
2013.06.28 04:56:04.355,1.30672,1.30676,2.07,4.13
2013.06.28 04:56:11.015,1.30674,1.30675,1.00,2.25
2013.06.28 04:56:11.554,1.30674,1.30677,1.00,1.69
2013.06.28 04:56:13.234,1.30671,1.30676,2.82,3.38
2013.06.28 04:56:24.664,1.30672,1.30676,1.00,5.07
2013.06.28 04:56:39.797,1.30674,1.30677,6.38,9.00
2013.06.28 04:56:40.106,1.30675,1.30677,5.29,2.63
2013.06.28 04:56:40.225,1.30677,1.30679,1.00,2.63
2013.06.28 04:56:40.765,1.30678,1.3068,2.85,2.25
2013.06.28 04:56:41.006,1.30676,1.30679,1.50,3.94
2013.06.28 04:56:41.125,1.30676,1.30677,1.00,1.00
2013.06.28 04:56:41.185,1.30674,1.30677,1.00,1.88
2013.06.28 04:56:41.546,1.30673,1.30676,5.07,1.00
2013.06.28 04:56:42.085,1.30673,1.30675,1.32,1.00
2013.06.28 04:56:42.686,1.30674,1.30675,1.00,1.00
2013.06.28 04:56:43.705,1.30673,1.30675,1.25,1.00
2013.06.28 04:56:43.825,1.30673,1.30677,1.69,3.00
2013.06.28 04:56:44.365,1.30673,1.30676,1.00,2.44
2013.06.28 04:56:44.604,1.30671,1.30675,1.69,1.50
2013.06.28 04:56:44.665,1.3067,1.30671,4.88,1.13
2013.06.28 04:56:44.845,1.30667,1.30669,2.82,1.00
2013.06.28 04:56:45.385,1.30668,1.30669,1.00,1.00
2013.06.28 04:56:46.013,1.30667,1.30669,1.69,1.00
2013.06.28 04:56:47.944,1.30668,1.3067,2.10,1.00
2013.06.28 04:56:48.184,1.30669,1.30672,4.35,1.00
2013.06.28 04:56:48.424,1.30671,1.30674,1.00,6.57
2013.06.28 04:56:48.664,1.3067,1.30672,1.00,1.00
2013.06.28 04:56:51.025,1.30669,1.30672,4.35,1.00
2013.06.28 04:56:51.795,1.3067,1.30672,1.00,1.00
2013.06.28 04:56:56.406,1.3067,1.30673,2.25,1.25
2013.06.28 04:56:57.505,1.30671,1.30673,1.00,1.00
2013.06.28 04:56:58.784,1.30671,1.30674,2.63,1.25
2013.06.28 04:56:58.846,1.30673,1.30675,1.00,2.82
2013.06.28 04:57:00.755,1.30674,1.30675,1.00,1.25
2013.06.28 04:57:00.937,1.30675,1.30677,1.00,3.19
2013.06.28 04:57:02.405,1.30674,1.30677,1.00,3.94
2013.06.28 04:57:02.956,1.30673,1.30677,3.00,6.19
2013.06.28 04:57:04.206,1.30675,1.30677,2.25,2.44
2013.06.28 04:57:04.565,1.30677,1.30679,2.50,1.50
2013.06.28 04:57:04.865,1.30675,1.30678,4.32,1.00
2013.06.28 04:57:07.667,1.30675,1.30679,3.75,3.19
2013.06.28 04:57:07.978,1.30679,1.3068,1.00,1.00
2013.06.28 04:57:08.037,1.30678,1.30682,2.25,7.69
2013.06.28 04:57:08.096,1.3068,1.30682,1.00,7.69
2013.06.28 04:57:08.215,1.30678,1.30682,3.00,6.94
2013.06.28 04:57:08.736,1.30678,1.30681,3.75,1.00
2013.06.28 04:57:09.506,1.30678,1.30682,3.75,7.32
2013.06.28 04:57:09.715,1.30678,1.3068,2.25,1.00
2013.06.28 04:57:09.955,1.30675,1.3068,2.25,6.19
2013.06.28 04:57:20.265,1.30676,1.3068,1.00,5.44
2013.06.28 04:57:21.685,1.30675,1.30679,2.63,1.25
2013.06.28 04:57:22.546,1.30675,1.30677,2.63,1.50
2013.06.28 04:57:22.845,1.30672,1.30675,1.50,1.00
2013.06.28 04:57:25.195,1.30672,1.30676,1.50,3.57
2013.06.28 04:57:25.714,1.30673,1.30676,1.00,4.32
2013.06.28 04:57:26.152,1.30673,1.30676,3.00,3.57
2013.06.28 04:57:26.395,1.30676,1.30678,2.25,1.50
2013.06.28 04:57:26.576,1.30678,1.3068,1.50,1.50
2013.06.28 04:57:27.115,1.30677,1.30681,1.13,2.44
2013.06.28 04:57:28.415,1.30676,1.3068,1.69,1.00
2013.06.28 04:57:29.436,1.30677,1.3068,1.00,1.50
2013.06.28 04:57:29.937,1.30678,1.3068,2.25,1.50
2013.06.28 04:57:30.525,1.3068,1.30681,1.50,1.25
2013.06.28 04:57:31.065,1.3068,1.30682,2.63,1.63
2013.06.28 04:57:32.848,1.30682,1.30683,1.00,1.00
2013.06.28 04:57:33.155,1.30682,1.30685,1.00,3.94
2013.06.28 04:57:33.735,1.30683,1.30685,1.00,3.75
2013.06.28 04:57:35.856,1.30684,1.30686,1.00,1.88
2013.06.28 04:57:36.415,1.30684,1.30685,1.50,1.00
2013.06.28 04:57:39.336,1.30683,1.30685,1.50,1.00
2013.06.28 04:57:40.065,1.30682,1.30685,1.25,1.00
2013.06.28 04:57:40.605,1.30683,1.30685,1.00,1.00
2013.06.28 04:57:41.057,1.30684,1.30687,1.50,1.32
2013.06.28 04:57:44.894,1.30684,1.30686,2.25,1.50
2013.06.28 04:57:45.075,1.30683,1.30684,1.00,1.00
2013.06.28 04:57:45.615,1.30682,1.30684,1.00,1.50
2013.06.28 04:57:46.137,1.30682,1.30683,1.00,1.00
2013.06.28 04:57:50.117,1.30681,1.30683,3.00,1.50
2013.06.28 04:57:56.365,1.30681,1.30682,3.00,1.00
2013.06.28 04:58:03.555,1.30681,1.30683,3.00,3.94
2013.06.28 04:58:04.095,1.30679,1.30681,1.50,4.00
2013.06.28 04:58:04.635,1.30679,1.30681,1.00,4.50
2013.06.28 04:58:06.305,1.30678,1.3068,3.00,3.25
2013.06.28 04:58:08.065,1.30679,1.3068,1.00,3.00
2013.06.28 04:58:08.729,1.30679,1.3068,1.00,3.00
2013.06.28 04:58:14.616,1.3068,1.30682,4.75,1.25
2013.06.28 04:58:14.975,1.30681,1.30683,1.00,3.57
2013.06.28 04:58:24.310,1.3068,1.30682,4.13,1.00
2013.06.28 04:58:24.435,1.30679,1.3068,1.00,1.50
2013.06.28 04:58:24.735,1.3068,1.30682,5.35,3.00
2013.06.28 04:58:25.275,1.30679,1.30681,3.00,1.00
2013.06.28 04:58:25.784,1.30681,1.30682,1.00,2.25
2013.06.28 04:58:30.078,1.30679,1.30681,3.19,1.00
2013.06.28 04:58:30.136,1.30679,1.3068,1.25,1.00
2013.06.28 04:58:30.195,1.30676,1.3068,5.44,2.25
2013.06.28 04:58:32.555,1.30676,1.30679,3.94,1.00
2013.06.28 04:58:33.115,1.30676,1.30678,2.25,2.25
2013.06.28 04:58:33.175,1.30675,1.30677,2.25,1.00
2013.06.28 04:58:33.715,1.30676,1.30678,1.00,7.69
2013.06.28 04:58:37.149,1.30675,1.30677,2.63,1.00
2013.06.28 04:58:37.457,1.30675,1.30676,2.25,1.50
2013.06.28 04:58:37.969,1.30674,1.30675,1.00,3.00
2013.06.28 04:58:38.516,1.30673,1.30675,1.50,3.00
2013.06.28 04:58:38.875,1.30671,1.30674,1.25,4.50
2013.06.28 04:58:40.115,1.30672,1.30674,1.50,1.00
2013.06.28 04:58:40.656,1.30672,1.30675,1.88,1.50
2013.06.28 04:58:41.195,1.30671,1.30675,1.25,3.00
2013.06.28 04:58:41.856,1.30673,1.30675,1.00,4.50
2013.06.28 04:58:44.475,1.30673,1.30674,1.00,1.00
2013.06.28 04:58:44.535,1.30671,1.30674,1.69,1.00
2013.06.28 04:58:45.076,1.30671,1.30675,1.69,2.25
2013.06.28 04:58:45.586,1.30671,1.30674,1.25,1.00
2013.06.28 04:58:51.216,1.30672,1.30674,1.00,1.00
2013.06.28 04:58:51.335,1.30673,1.30675,1.38,1.00
2013.06.28 04:58:51.516,1.30673,1.30674,1.00,1.00
2013.06.28 04:58:51.935,1.30673,1.30677,3.75,2.07
2013.06.28 04:58:53.055,1.30674,1.30677,1.00,1.25
2013.06.28 04:58:57.478,1.30673,1.30675,1.25,1.00
2013.06.28 04:58:58.135,1.30673,1.30674,1.25,1.00
2013.06.28 04:58:58.727,1.30674,1.30677,1.00,1.50
2013.06.28 04:58:58.856,1.30676,1.30677,3.15,1.00
2013.06.28 04:59:04.087,1.30676,1.30679,3.15,4.32
2013.06.28 04:59:04.626,1.30676,1.30679,5.40,1.00
2013.06.28 04:59:05.130,1.30677,1.30679,1.50,1.00
2013.06.28 04:59:06.797,1.30677,1.3068,1.50,2.07
2013.06.28 04:59:07.336,1.30678,1.3068,1.00,1.32
2013.06.28 04:59:08.241,1.30678,1.30679,1.00,1.00
2013.06.28 04:59:08.426,1.30675,1.30677,4.84,1.00
2013.06.28 04:59:08.975,1.30675,1.30677,1.80,1.00
2013.06.28 04:59:09.546,1.30675,1.30678,2.40,1.69
2013.06.28 04:59:09.845,1.30675,1.30677,1.88,1.00
2013.06.28 04:59:10.385,1.30673,1.30676,6.94,1.50
2013.06.28 04:59:10.908,1.30672,1.30675,2.44,2.63
2013.06.28 04:59:11.445,1.30673,1.30675,2.25,1.88
2013.06.28 04:59:12.126,1.30671,1.30673,1.50,1.50
2013.06.28 04:59:12.248,1.30671,1.30672,1.00,1.00
2013.06.28 04:59:12.803,1.3067,1.30674,5.07,2.25
2013.06.28 04:59:15.216,1.30673,1.30674,1.00,2.63
2013.06.28 04:59:16.165,1.30674,1.30675,1.00,2.44
2013.06.28 04:59:16.705,1.30673,1.30674,2.25,1.00
2013.06.28 04:59:17.246,1.30672,1.30673,1.00,1.50
2013.06.28 04:59:17.606,1.30669,1.30671,1.25,5.25
2013.06.28 04:59:19.896,1.30668,1.3067,1.69,2.25
2013.06.28 04:59:25.695,1.30668,1.30669,1.00,1.00
2013.06.28 04:59:25.996,1.30664,1.30668,3.47,8.32
2013.06.28 04:59:26.657,1.30666,1.30668,8.20,2.25
2013.06.28 04:59:26.837,1.30667,1.30668,1.88,2.25
2013.06.28 04:59:26.908,1.30668,1.30671,4.75,1.32
2013.06.28 04:59:27.026,1.30669,1.3067,1.50,1.13
2013.06.28 04:59:27.147,1.30667,1.30671,4.50,4.75
2013.06.28 04:59:27.694,1.30668,1.3067,2.44,2.50
2013.06.28 04:59:27.765,1.3067,1.30671,1.50,1.00
2013.06.28 04:59:37.585,1.30668,1.30671,2.44,8.13
2013.06.28 04:59:38.066,1.30667,1.30668,1.00,1.00
2013.06.28 04:59:38.366,1.30667,1.3067,4.00,4.50
2013.06.28 04:59:38.912,1.30669,1.3067,1.50,3.00
2013.06.28 04:59:39.817,1.30667,1.3067,1.00,2.25
2013.06.28 04:59:40.355,1.30667,1.30669,1.00,1.00
2013.06.28 04:59:41.040,1.30667,1.3067,1.00,5.25
2013.06.28 04:59:41.767,1.30667,1.30669,1.00,1.50
2013.06.28 04:59:41.890,1.30667,1.30668,1.00,1.00
2013.06.28 04:59:42.198,1.30661,1.30664,1.50,2.26
2013.06.28 04:59:42.267,1.3066,1.30662,1.88,1.13
2013.06.28 04:59:42.325,1.3066,1.30662,1.50,1.13
2013.06.28 04:59:42.865,1.30658,1.30662,6.94,1.13
2013.06.28 04:59:46.169,1.30658,1.30661,3.00,1.50
2013.06.28 04:59:46.237,1.30658,1.30661,3.00,2.63
2013.06.28 04:59:46.597,1.30658,1.30662,4.75,1.88
2013.06.28 04:59:46.716,1.30659,1.3066,1.50,2.25
2013.06.28 04:59:46.777,1.3066,1.30661,1.00,1.00
2013.06.28 04:59:47.015,1.30661,1.30663,1.00,3.94
2013.06.28 04:59:47.376,1.30659,1.30662,2.63,1.00
2013.06.28 04:59:48.156,1.30661,1.30662,1.00,1.00
2013.06.28 04:59:48.515,1.30663,1.30666,2.32,1.50
2013.06.28 04:59:48.696,1.30661,1.30663,2.25,4.13
2013.06.28 04:59:49.057,1.30658,1.30662,3.94,2.25
2013.06.28 04:59:49.118,1.30658,1.3066,1.25,1.13
2013.06.28 04:59:49.357,1.30656,1.3066,1.25,2.25
2013.06.28 04:59:49.835,1.30658,1.3066,1.00,1.00
2013.06.28 04:59:50.435,1.30658,1.30661,2.25,3.94
2013.06.28 04:59:54.476,1.30656,1.30659,5.59,2.50
2013.06.28 04:59:54.537,1.30656,1.30658,3.34,1.13
2013.06.28 04:59:54.667,1.30654,1.30656,2.07,1.00
2013.06.28 04:59:54.847,1.30651,1.30655,3.57,1.00
2013.06.28 04:59:55.576,1.30653,1.30655,1.00,2.63
2013.06.28 04:59:55.755,1.30655,1.30658,2.63,5.63
2013.06.28 04:59:56.295,1.30656,1.30658,1.00,3.38
2013.06.28 04:59:56.835,1.30656,1.30657,1.00,1.50
2013.06.28 04:59:58.226,1.30655,1.30657,1.73,1.69
2013.06.28 04:59:58.647,1.30656,1.30658,3.19,5.25
2013.06.28 04:59:59.175,1.30661,1.30664,1.00,4.32
2013.06.28 04:59:59.244,1.30661,1.30663,1.50,1.50
2013.06.28 04:59:59.916,1.30661,1.30664,1.50,4.32
