2017.03.03 19:00:00.164,1.05824,1.05827,1.87,1.00
2017.03.03 19:00:00.367,1.05821,1.05826,1.12,1.12
2017.03.03 19:00:00.824,1.0582,1.05823,1.12,1.62
2017.03.03 19:00:00.925,1.05817,1.05821,1.50,1.12
2017.03.03 19:00:01.438,1.05817,1.05822,1.00,4.12
2017.03.03 19:00:01.592,1.05818,1.05821,3.37,1.00
2017.03.03 19:00:01.644,1.05818,1.05823,9.37,2.81
2017.03.03 19:00:01.900,1.0582,1.05825,1.00,1.25
2017.03.03 19:00:03.304,1.05819,1.05825,6.75,5.06
2017.03.03 19:00:03.573,1.05821,1.05825,2.62,1.69
2017.03.03 19:00:03.808,1.05819,1.05823,1.00,1.50
2017.03.03 19:00:04.164,1.0582,1.05825,1.87,5.81
2017.03.03 19:00:04.933,1.05823,1.05826,3.00,3.00
2017.03.03 19:00:05.086,1.05824,1.05828,3.19,1.87
2017.03.03 19:00:05.595,1.05825,1.05828,1.50,1.50
2017.03.03 19:00:05.747,1.05825,1.05826,1.12,1.00
2017.03.03 19:00:05.798,1.05823,1.05826,1.00,2.25
2017.03.03 19:00:05.849,1.05821,1.05826,3.00,4.50
2017.03.03 19:00:06.036,1.05824,1.05826,1.87,1.37
2017.03.03 19:00:06.241,1.0582,1.05824,5.62,1.50
2017.03.03 19:00:06.292,1.0582,1.05823,3.37,1.50
2017.03.03 19:00:06.800,1.05819,1.05823,5.62,1.50
2017.03.03 19:00:07.336,1.05819,1.05822,3.56,1.50
2017.03.03 19:00:07.843,1.0582,1.05822,1.00,1.00
2017.03.03 19:00:08.957,1.05819,1.05821,2.06,1.25
2017.03.03 19:00:09.008,1.05818,1.05819,1.25,1.00
2017.03.03 19:00:09.112,1.05816,1.05818,1.00,1.37
2017.03.03 19:00:09.164,1.05814,1.05816,7.69,1.00
2017.03.03 19:00:09.519,1.05813,1.05814,1.00,1.00
2017.03.03 19:00:09.570,1.05811,1.05814,1.12,2.25
2017.03.03 19:00:10.081,1.0581,1.05814,2.25,1.50
2017.03.03 19:00:10.443,1.0581,1.05811,1.00,1.25
2017.03.03 19:00:10.595,1.05804,1.05808,4.50,1.50
2017.03.03 19:00:11.136,1.05805,1.05809,1.00,1.25
2017.03.03 19:00:11.985,1.05808,1.0581,4.50,2.25
2017.03.03 19:00:12.089,1.05808,1.05811,2.62,3.00
2017.03.03 19:00:12.140,1.05808,1.05809,1.12,1.50
2017.03.03 19:00:12.191,1.05805,1.05809,4.69,2.25
2017.03.03 19:00:12.901,1.05806,1.05809,1.00,1.00
2017.03.03 19:00:13.003,1.05809,1.0581,2.25,1.00
2017.03.03 19:00:13.105,1.05809,1.05812,3.00,1.00
2017.03.03 19:00:13.258,1.05808,1.0581,5.25,1.00
2017.03.03 19:00:13.463,1.05809,1.05813,3.00,1.87
2017.03.03 19:00:13.798,1.05812,1.05814,1.50,4.12
2017.03.03 19:00:14.125,1.05815,1.05818,1.00,1.00
2017.03.03 19:00:14.663,1.05814,1.05818,6.75,2.25
2017.03.03 19:00:15.178,1.05815,1.05818,1.00,1.12
2017.03.03 19:00:15.331,1.05813,1.05817,1.25,1.00
2017.03.03 19:00:16.381,1.05813,1.05815,1.00,1.50
2017.03.03 19:00:16.929,1.05812,1.05816,2.25,3.37
2017.03.03 19:00:17.334,1.05814,1.05816,1.00,1.00
2017.03.03 19:00:17.840,1.05813,1.05816,3.75,1.50
2017.03.03 19:00:18.144,1.0582,1.05822,2.12,9.37
2017.03.03 19:00:18.196,1.05821,1.05822,1.00,1.50
2017.03.03 19:00:18.298,1.05819,1.0582,1.50,1.00
2017.03.03 19:00:18.540,1.05817,1.05821,7.87,1.50
2017.03.03 19:00:19.047,1.05818,1.05821,1.00,1.00
2017.03.03 19:00:19.911,1.05817,1.05821,5.62,1.00
2017.03.03 19:00:20.192,1.05818,1.05821,4.27,1.50
2017.03.03 19:00:20.699,1.05818,1.05822,5.02,1.50
2017.03.03 19:00:21.205,1.05818,1.05823,5.17,3.75
2017.03.03 19:00:21.563,1.05817,1.05821,1.99,1.00
2017.03.03 19:00:22.004,1.05823,1.05824,1.87,5.25
2017.03.03 19:00:22.158,1.05824,1.05827,3.72,4.87
2017.03.03 19:00:22.209,1.05824,1.05827,2.59,3.00
2017.03.03 19:00:22.513,1.05823,1.05826,9.16,1.00
2017.03.03 19:00:22.665,1.05825,1.05828,1.86,1.50
2017.03.03 19:00:23.048,1.05831,1.05832,1.87,13.12
2017.03.03 19:00:23.100,1.05834,1.05835,1.11,5.25
2017.03.03 19:00:23.202,1.05834,1.05835,1.48,2.25
2017.03.03 19:00:23.304,1.05836,1.05838,1.50,6.00
2017.03.03 19:00:23.355,1.05838,1.05839,1.00,1.87
2017.03.03 19:00:23.508,1.05839,1.05841,2.23,2.85
2017.03.03 19:00:23.762,1.05837,1.05842,1.86,8.10
2017.03.03 19:00:23.814,1.05835,1.05838,4.48,1.50
2017.03.03 19:00:24.085,1.05834,1.05837,1.00,1.50
2017.03.03 19:00:24.340,1.05832,1.05837,1.50,2.81
2017.03.03 19:00:24.441,1.05834,1.05836,1.00,1.00
2017.03.03 19:00:24.697,1.05836,1.05839,2.25,1.00
2017.03.03 19:00:24.748,1.05836,1.05841,2.25,3.60
2017.03.03 19:00:24.851,1.05838,1.05841,1.00,3.60
2017.03.03 19:00:25.398,1.05839,1.05842,1.86,1.00
2017.03.03 19:00:25.450,1.0584,1.05844,1.00,4.87
2017.03.03 19:00:25.756,1.05839,1.05842,1.50,3.00
2017.03.03 19:00:25.908,1.05836,1.05841,11.65,1.00
2017.03.03 19:00:26.215,1.0584,1.05844,1.00,6.56
2017.03.03 19:00:26.418,1.05837,1.05841,3.00,1.50
2017.03.03 19:00:26.773,1.05837,1.05839,2.62,1.00
2017.03.03 19:00:26.978,1.05835,1.05838,1.50,1.00
2017.03.03 19:00:27.520,1.05834,1.05839,2.25,3.75
2017.03.03 19:00:27.875,1.05836,1.05839,1.00,1.00
2017.03.03 19:00:28.180,1.05838,1.0584,1.00,1.00
2017.03.03 19:00:28.485,1.05843,1.05846,1.00,1.69
2017.03.03 19:00:29.026,1.05842,1.05846,2.25,1.25
2017.03.03 19:00:29.179,1.05844,1.05846,1.00,1.00
2017.03.03 19:00:29.230,1.05845,1.05848,1.12,1.87
2017.03.03 19:00:29.382,1.05846,1.0585,1.00,5.25
2017.03.03 19:00:29.889,1.05845,1.0585,2.25,4.12
2017.03.03 19:00:30.646,1.05846,1.0585,1.00,3.75
2017.03.03 19:00:31.293,1.05846,1.0585,2.62,4.50
2017.03.03 19:00:31.394,1.05849,1.05851,5.91,1.37
2017.03.03 19:00:31.496,1.05849,1.05852,3.66,2.44
2017.03.03 19:00:31.771,1.05847,1.05852,1.00,8.25
2017.03.03 19:00:32.077,1.05845,1.05848,1.69,1.37
2017.03.03 19:00:32.183,1.05843,1.05847,5.62,1.87
2017.03.03 19:00:32.337,1.05843,1.05845,1.00,1.00
2017.03.03 19:00:32.541,1.05845,1.05849,1.25,1.00
2017.03.03 19:00:33.040,1.05844,1.05847,1.00,1.50
2017.03.03 19:00:33.243,1.05841,1.05847,3.75,6.75
2017.03.03 19:00:33.396,1.05843,1.05847,1.31,1.87
2017.03.03 19:00:33.802,1.05844,1.05847,1.19,1.50
2017.03.03 19:00:33.955,1.05844,1.05849,3.45,1.50
2017.03.03 19:00:34.471,1.05846,1.05851,1.50,4.31
2017.03.03 19:00:34.978,1.05848,1.05851,2.25,1.00
2017.03.03 19:00:35.029,1.05846,1.05851,2.62,1.00
2017.03.03 19:00:35.284,1.05846,1.0585,1.00,2.21
2017.03.03 19:00:38.632,1.05845,1.05847,2.25,4.00
2017.03.03 19:00:38.836,1.0584,1.05842,1.00,2.25
2017.03.03 19:00:38.938,1.05838,1.05842,2.25,2.25
2017.03.03 19:00:39.091,1.05839,1.05843,3.00,1.00
2017.03.03 19:00:39.379,1.05838,1.05843,1.50,3.00
2017.03.03 19:00:39.834,1.05836,1.05841,6.00,3.00
2017.03.03 19:00:39.986,1.05836,1.05841,2.25,3.00
2017.03.03 19:00:40.139,1.05839,1.05842,2.25,2.62
2017.03.03 19:00:40.240,1.05839,1.05844,2.62,4.31
2017.03.03 19:00:40.963,1.05838,1.05843,3.75,1.60
2017.03.03 19:00:41.502,1.05837,1.05842,3.94,4.50
2017.03.03 19:00:42.688,1.05837,1.05843,1.25,10.57
2017.03.03 19:00:43.110,1.05838,1.05843,2.77,5.32
2017.03.03 19:00:43.616,1.0584,1.05844,1.00,1.50
2017.03.03 19:00:43.921,1.05844,1.05845,5.25,1.00
2017.03.03 19:00:44.124,1.05842,1.05844,1.12,1.00
2017.03.03 19:00:44.418,1.0584,1.05842,1.37,2.25
2017.03.03 19:00:44.469,1.05838,1.05842,4.50,3.75
2017.03.03 19:00:44.672,1.0584,1.05843,2.62,1.37
2017.03.03 19:00:44.926,1.05839,1.05845,7.97,3.19
2017.03.03 19:00:46.228,1.05839,1.05844,5.62,1.50
2017.03.03 19:00:46.762,1.05839,1.05845,7.12,3.94
2017.03.03 19:00:46.915,1.05841,1.05845,1.50,3.19
2017.03.03 19:00:47.222,1.05844,1.05848,1.87,2.59
2017.03.03 19:00:47.583,1.05845,1.05849,2.25,1.12
2017.03.03 19:00:48.101,1.05844,1.0585,2.62,2.96
2017.03.03 19:00:48.202,1.05844,1.05847,1.87,2.25
2017.03.03 19:00:48.304,1.05842,1.05846,1.00,1.50
2017.03.03 19:00:48.832,1.0584,1.05846,7.50,2.59
2017.03.03 19:00:49.187,1.0584,1.05842,4.50,1.50
2017.03.03 19:00:49.289,1.05838,1.05841,1.87,1.00
2017.03.03 19:00:49.491,1.05838,1.05843,1.00,9.34
2017.03.03 19:00:49.999,1.0584,1.05843,1.87,1.84
2017.03.03 19:00:50.202,1.0584,1.05844,1.00,5.40
2017.03.03 19:00:50.734,1.05839,1.05844,1.35,6.15
2017.03.03 19:00:51.276,1.05838,1.05843,3.37,1.00
2017.03.03 19:00:51.749,1.05838,1.05841,1.00,1.00
2017.03.03 19:00:51.963,1.05836,1.05841,3.00,2.25
2017.03.03 19:00:52.014,1.05836,1.05838,1.00,1.50
2017.03.03 19:00:52.217,1.05835,1.05841,3.75,5.62
2017.03.03 19:00:52.788,1.05837,1.05841,3.00,1.00
2017.03.03 19:00:53.022,1.05839,1.05841,2.25,1.50
2017.03.03 19:00:53.123,1.05838,1.05843,1.87,4.87
2017.03.03 19:00:53.518,1.05836,1.05841,1.87,1.00
2017.03.03 19:00:53.569,1.05836,1.05841,2.62,1.00
2017.03.03 19:00:54.104,1.05838,1.05842,1.12,4.12
2017.03.03 19:00:54.662,1.05837,1.05842,2.44,1.00
2017.03.03 19:00:55.016,1.05839,1.05843,1.87,3.37
2017.03.03 19:00:55.540,1.05838,1.05845,5.10,8.44
2017.03.03 19:00:56.054,1.0584,1.05845,1.00,9.15
2017.03.03 19:00:59.469,1.05839,1.05844,1.72,8.06
2017.03.03 19:00:59.813,1.05837,1.05842,6.19,1.50
2017.03.03 19:01:00.349,1.05838,1.05842,1.00,6.00
2017.03.03 19:01:00.856,1.05837,1.05841,1.69,1.00
2017.03.03 19:01:01.577,1.05837,1.05842,1.69,10.50
2017.03.03 19:01:02.237,1.05837,1.05842,2.44,2.59
2017.03.03 19:01:02.960,1.05837,1.05842,2.06,5.59
2017.03.03 19:01:03.561,1.05837,1.05841,1.87,2.25
2017.03.03 19:01:04.069,1.05836,1.0584,1.00,2.25
2017.03.03 19:01:04.576,1.05837,1.0584,1.00,1.00
2017.03.03 19:01:04.791,1.05835,1.0584,3.00,2.25
2017.03.03 19:01:05.400,1.05835,1.05839,3.37,2.25
2017.03.03 19:01:06.123,1.05835,1.0584,1.50,3.71
2017.03.03 19:01:07.649,1.05835,1.05839,1.50,1.00
2017.03.03 19:01:07.859,1.05833,1.05838,10.31,1.00
2017.03.03 19:01:08.263,1.05833,1.05837,3.37,3.00
2017.03.03 19:01:08.365,1.05833,1.05838,1.00,7.69
2017.03.03 19:01:08.921,1.05834,1.05838,1.12,1.00
2017.03.03 19:01:09.225,1.05836,1.05839,1.12,6.56
2017.03.03 19:01:09.766,1.05835,1.0584,2.62,6.52
2017.03.03 19:01:10.244,1.05837,1.05842,5.36,2.62
2017.03.03 19:01:10.397,1.05836,1.05841,1.00,2.25
2017.03.03 19:01:11.847,1.05836,1.0584,1.12,1.00
2017.03.03 19:01:12.384,1.05836,1.05841,1.12,7.12
2017.03.03 19:01:12.536,1.05838,1.05841,1.15,1.12
2017.03.03 19:01:13.126,1.05839,1.05842,3.00,1.50
2017.03.03 19:01:13.178,1.05839,1.05844,7.12,3.56
2017.03.03 19:01:14.112,1.05839,1.05843,7.87,1.00
2017.03.03 19:01:15.358,1.05843,1.05844,1.50,2.25
2017.03.03 19:01:15.460,1.05844,1.05845,1.00,1.50
2017.03.03 19:01:15.728,1.05841,1.05845,6.37,2.25
2017.03.03 19:01:16.265,1.05841,1.05845,2.06,2.25
2017.03.03 19:01:16.772,1.05842,1.05848,3.00,9.56
2017.03.03 19:01:16.824,1.05843,1.05848,1.69,3.37
2017.03.03 19:01:17.330,1.05844,1.05848,2.70,1.00
2017.03.03 19:01:17.533,1.05843,1.05847,1.57,3.56
2017.03.03 19:01:17.698,1.05841,1.05845,4.12,1.00
2017.03.03 19:01:17.802,1.05842,1.05847,1.00,8.44
2017.03.03 19:01:18.005,1.05843,1.05847,2.25,2.44
2017.03.03 19:01:18.209,1.05845,1.05849,1.00,2.44
2017.03.03 19:01:18.564,1.05844,1.05847,4.57,1.00
2017.03.03 19:01:18.868,1.05844,1.05849,8.70,2.44
2017.03.03 19:01:19.968,1.05844,1.0585,10.67,7.31
2017.03.03 19:01:20.475,1.05844,1.05848,9.84,1.00
2017.03.03 19:01:20.850,1.05846,1.05849,1.50,1.50
2017.03.03 19:01:21.156,1.05844,1.05846,3.75,1.50
2017.03.03 19:01:21.461,1.05835,1.05838,1.00,1.69
2017.03.03 19:01:21.714,1.05834,1.0584,4.87,4.31
2017.03.03 19:01:21.870,1.05834,1.05838,3.37,1.12
2017.03.03 19:01:22.176,1.05831,1.05835,2.25,1.00
2017.03.03 19:01:22.480,1.05832,1.05837,7.87,1.50
2017.03.03 19:01:22.836,1.05834,1.05839,1.50,6.19
2017.03.03 19:01:23.141,1.05834,1.05835,1.50,1.25
2017.03.03 19:01:23.193,1.0583,1.05834,5.25,1.00
2017.03.03 19:01:23.701,1.0583,1.05835,1.12,1.31
2017.03.03 19:01:28.063,1.05833,1.05835,1.50,1.87
2017.03.03 19:01:28.367,1.05831,1.05836,2.25,5.44
2017.03.03 19:01:28.874,1.0583,1.05836,9.37,2.44
2017.03.03 19:01:28.925,1.05833,1.05837,1.00,5.25
2017.03.03 19:01:29.864,1.05832,1.05836,3.37,1.50
2017.03.03 19:01:29.915,1.05831,1.05836,3.00,1.00
2017.03.03 19:01:31.038,1.05831,1.05835,3.00,1.00
2017.03.03 19:01:31.554,1.05831,1.05836,2.25,3.00
2017.03.03 19:01:32.172,1.05833,1.05837,2.62,8.25
2017.03.03 19:01:32.478,1.05831,1.05834,1.50,1.00
2017.03.03 19:01:32.530,1.0583,1.05834,1.12,1.00
2017.03.03 19:01:33.061,1.0583,1.05836,1.12,3.56
2017.03.03 19:01:34.786,1.0583,1.05835,1.50,1.00
2017.03.03 19:01:35.323,1.0583,1.05834,2.25,1.00
2017.03.03 19:01:35.828,1.0583,1.05835,1.50,1.12
2017.03.03 19:01:36.599,1.05831,1.05835,1.50,1.50
2017.03.03 19:01:37.148,1.05831,1.05836,1.00,5.44
2017.03.03 19:01:37.693,1.05832,1.05835,1.00,1.00
2017.03.03 19:01:37.948,1.0583,1.05835,1.12,1.87
2017.03.03 19:01:38.645,1.0583,1.05831,3.00,1.00
2017.03.03 19:01:38.748,1.05827,1.0583,1.00,1.12
2017.03.03 19:01:38.950,1.05825,1.0583,2.62,1.50
2017.03.03 19:01:39.153,1.05825,1.0583,1.00,9.00
2017.03.03 19:01:39.700,1.05825,1.05829,1.00,1.87
2017.03.03 19:01:40.005,1.05824,1.05827,1.87,1.00
2017.03.03 19:01:41.707,1.05823,1.05824,3.00,1.12
2017.03.03 19:01:42.048,1.05824,1.05826,6.75,2.25
2017.03.03 19:01:42.583,1.05824,1.05827,1.00,1.00
2017.03.03 19:01:44.152,1.05824,1.05826,5.25,1.00
2017.03.03 19:01:44.557,1.0582,1.05822,1.50,1.00
2017.03.03 19:01:44.863,1.05818,1.05819,1.25,1.50
2017.03.03 19:01:44.914,1.05816,1.05819,1.12,1.50
2017.03.03 19:01:45.415,1.05815,1.05818,1.12,1.00
2017.03.03 19:01:45.923,1.05814,1.05819,10.41,1.87
2017.03.03 19:01:46.178,1.05817,1.05818,1.20,1.00
2017.03.03 19:01:46.331,1.05818,1.0582,4.12,1.00
2017.03.03 19:01:46.584,1.05817,1.05822,5.62,3.75
2017.03.03 19:01:46.888,1.05818,1.0582,1.50,1.00
2017.03.03 19:01:46.940,1.05815,1.05819,4.50,1.12
2017.03.03 19:01:47.447,1.05815,1.05819,2.25,1.00
2017.03.03 19:01:47.501,1.05818,1.05819,1.00,1.00
2017.03.03 19:01:47.755,1.05819,1.05823,2.62,3.19
2017.03.03 19:01:47.857,1.05822,1.05824,4.50,4.50
2017.03.03 19:01:48.207,1.05829,1.05831,3.75,3.00
2017.03.03 19:01:48.310,1.05829,1.05833,1.50,1.69
2017.03.03 19:01:48.839,1.05829,1.05833,4.50,2.06
2017.03.03 19:01:49.310,1.05833,1.05835,2.65,3.94
2017.03.03 19:01:49.484,1.05832,1.05834,3.75,1.00
2017.03.03 19:01:49.535,1.0583,1.05836,9.37,9.94
2017.03.03 19:01:50.191,1.05832,1.05836,1.50,5.44
2017.03.03 19:01:50.749,1.05834,1.05836,2.25,4.69
2017.03.03 19:01:50.850,1.05834,1.05837,4.50,1.12
2017.03.03 19:01:51.273,1.05832,1.05836,3.00,1.00
2017.03.03 19:01:51.425,1.05832,1.05835,3.37,1.62
2017.03.03 19:01:51.578,1.0583,1.05835,5.25,2.44
2017.03.03 19:01:52.328,1.0583,1.05834,3.75,1.00
2017.03.03 19:01:53.721,1.0583,1.05833,2.25,1.00
2017.03.03 19:01:54.129,1.05828,1.0583,7.50,1.00
2017.03.03 19:01:54.282,1.05825,1.05829,3.00,3.94
2017.03.03 19:01:54.436,1.05825,1.05828,1.00,1.25
2017.03.03 19:01:54.945,1.05826,1.05829,2.35,2.44
2017.03.03 19:01:55.609,1.05826,1.05829,2.78,2.44
2017.03.03 19:01:55.761,1.05825,1.05829,3.91,1.19
2017.03.03 19:01:56.106,1.05824,1.05826,8.11,2.12
2017.03.03 19:01:56.309,1.05822,1.05824,1.00,2.44
2017.03.03 19:01:56.463,1.0582,1.05824,1.12,3.56
2017.03.03 19:01:56.565,1.05818,1.0582,8.62,1.00
2017.03.03 19:01:56.869,1.05817,1.05819,1.00,2.25
2017.03.03 19:01:57.104,1.05815,1.05819,1.50,3.37
2017.03.03 19:01:57.459,1.05818,1.05819,1.00,1.00
2017.03.03 19:01:57.561,1.05817,1.05821,3.00,2.62
2017.03.03 19:01:57.967,1.05816,1.05818,3.75,1.00
2017.03.03 19:01:58.472,1.05815,1.05819,1.00,2.25
2017.03.03 19:01:58.988,1.05814,1.05819,13.59,3.75
2017.03.03 19:01:59.501,1.05815,1.05819,1.50,3.00
2017.03.03 19:02:00.007,1.05815,1.0582,1.50,3.94
2017.03.03 19:02:02.380,1.05819,1.0582,1.50,1.50
2017.03.03 19:02:02.560,1.05819,1.05823,6.00,2.81
2017.03.03 19:02:03.520,1.05819,1.05821,5.25,1.00
2017.03.03 19:02:03.825,1.05814,1.05817,3.00,2.25
2017.03.03 19:02:04.337,1.05814,1.05818,8.25,2.44
2017.03.03 19:02:05.201,1.05815,1.05819,1.50,1.50
2017.03.03 19:02:05.253,1.05817,1.05819,1.12,1.00
2017.03.03 19:02:05.558,1.05819,1.0582,1.00,1.00
2017.03.03 19:02:05.791,1.05819,1.05823,1.87,2.62
2017.03.03 19:02:05.893,1.05822,1.05824,2.50,3.75
2017.03.03 19:02:06.201,1.05822,1.05826,1.50,1.50
2017.03.03 19:02:06.708,1.05821,1.05825,2.62,2.25
2017.03.03 19:02:07.533,1.05823,1.05825,1.00,1.00
2017.03.03 19:02:07.685,1.05824,1.05828,5.58,1.25
2017.03.03 19:02:07.787,1.05824,1.05829,4.27,3.94
2017.03.03 19:02:07.838,1.05824,1.05829,4.87,3.94
2017.03.03 19:02:08.091,1.05824,1.05826,1.00,1.69
2017.03.03 19:02:08.295,1.05821,1.05825,1.50,2.25
2017.03.03 19:02:08.806,1.0582,1.05824,2.25,1.69
2017.03.03 19:02:09.575,1.0582,1.05824,3.00,3.19
2017.03.03 19:02:10.081,1.05821,1.05825,1.10,1.50
2017.03.03 19:02:10.777,1.05822,1.05825,1.50,1.50
2017.03.03 19:02:10.981,1.05819,1.05821,7.48,1.00
2017.03.03 19:02:11.134,1.05819,1.05821,2.38,3.00
2017.03.03 19:02:11.287,1.0582,1.05822,2.12,7.12
2017.03.03 19:02:11.390,1.0582,1.05823,4.87,1.50
2017.03.03 19:02:11.971,1.0582,1.05824,1.00,1.00
2017.03.03 19:02:12.456,1.05822,1.05825,1.00,2.44
2017.03.03 19:02:13.273,1.05821,1.05826,3.00,1.00
2017.03.03 19:02:13.809,1.05822,1.05827,1.12,6.56
2017.03.03 19:02:14.115,1.05824,1.05827,3.37,1.00
2017.03.03 19:02:14.268,1.05824,1.05829,4.50,2.81
2017.03.03 19:02:14.812,1.05824,1.05829,4.12,2.06
2017.03.03 19:02:15.332,1.05825,1.05829,1.09,2.06
2017.03.03 19:02:15.833,1.05824,1.05828,1.00,1.50
2017.03.03 19:02:16.339,1.05824,1.05829,1.65,2.81
2017.03.03 19:02:16.441,1.05824,1.05829,4.27,2.06
2017.03.03 19:02:16.492,1.05824,1.05829,5.62,2.81
2017.03.03 19:02:16.993,1.05823,1.05828,2.55,1.00
2017.03.03 19:02:17.044,1.05823,1.05826,2.55,1.50
2017.03.03 19:02:17.248,1.0582,1.05824,2.25,1.69
2017.03.03 19:02:17.807,1.0582,1.05824,2.25,1.25
2017.03.03 19:02:19.871,1.0582,1.05824,1.84,1.25
2017.03.03 19:02:23.321,1.05821,1.05822,1.00,1.00
2017.03.03 19:02:23.628,1.05815,1.05817,1.87,2.44
2017.03.03 19:02:23.832,1.05814,1.05817,3.75,1.00
2017.03.03 19:02:23.883,1.05814,1.05818,7.87,1.00
2017.03.03 19:02:24.032,1.05818,1.05819,2.62,1.00
2017.03.03 19:02:24.084,1.05819,1.0582,1.12,4.50
2017.03.03 19:02:24.186,1.0582,1.05823,1.37,3.75
2017.03.03 19:02:24.340,1.05819,1.05821,5.96,1.00
2017.03.03 19:02:24.494,1.05816,1.0582,1.37,2.44
2017.03.03 19:02:24.596,1.05815,1.0582,2.25,3.19
2017.03.03 19:02:25.358,1.05815,1.05819,2.62,1.50
2017.03.03 19:02:26.445,1.05815,1.05819,2.62,1.00
2017.03.03 19:02:26.995,1.05815,1.0582,2.62,5.44
2017.03.03 19:02:27.541,1.05815,1.0582,2.62,5.44
2017.03.03 19:02:27.843,1.05815,1.05818,3.00,3.00
2017.03.03 19:02:27.997,1.05812,1.05816,1.12,4.12
2017.03.03 19:02:28.150,1.05813,1.05816,1.87,2.62
2017.03.03 19:02:28.409,1.05814,1.05818,7.97,1.25
2017.03.03 19:02:29.887,1.05816,1.05818,1.00,1.25
2017.03.03 19:02:30.198,1.05816,1.0582,1.50,3.94
2017.03.03 19:02:30.249,1.05819,1.0582,1.50,1.00
2017.03.03 19:02:30.353,1.05819,1.05823,2.77,3.94
2017.03.03 19:02:30.861,1.0582,1.05823,1.00,1.69
2017.03.03 19:02:31.624,1.05816,1.05822,5.81,2.62
2017.03.03 19:02:32.132,1.05817,1.0582,3.67,1.31
2017.03.03 19:02:32.287,1.05815,1.0582,1.00,3.94
2017.03.03 19:02:32.492,1.05817,1.0582,2.62,1.69
2017.03.03 19:02:32.735,1.05819,1.05823,3.00,3.56
2017.03.03 19:02:33.180,1.05819,1.0582,1.61,1.00
2017.03.03 19:02:33.333,1.05817,1.0582,1.00,1.69
2017.03.03 19:02:33.434,1.05815,1.0582,3.37,1.69
2017.03.03 19:02:35.309,1.05815,1.05817,1.06,1.69
2017.03.03 19:02:35.513,1.05812,1.05815,1.50,1.25
2017.03.03 19:02:36.985,1.05813,1.05815,1.00,1.25
2017.03.03 19:02:37.037,1.05814,1.05817,7.54,1.25
2017.03.03 19:02:37.251,1.05814,1.0582,3.79,9.94
2017.03.03 19:02:37.780,1.05814,1.05819,10.54,1.00
2017.03.03 19:02:38.033,1.05816,1.0582,1.00,7.69
2017.03.03 19:02:38.880,1.05818,1.0582,1.00,3.75
2017.03.03 19:02:39.124,1.05816,1.0582,1.00,4.31
2017.03.03 19:02:39.631,1.05815,1.0582,1.50,4.31
2017.03.03 19:02:40.524,1.05814,1.0582,16.78,4.31
2017.03.03 19:02:41.073,1.05814,1.0582,11.01,4.31
2017.03.03 19:02:41.761,1.05818,1.0582,1.00,2.25
2017.03.03 19:02:41.915,1.05816,1.0582,1.12,2.44
2017.03.03 19:02:42.375,1.05818,1.05821,2.62,1.50
2017.03.03 19:02:42.477,1.05819,1.05823,7.87,1.00
2017.03.03 19:02:43.028,1.05819,1.05824,3.75,1.50
2017.03.03 19:02:45.651,1.0582,1.05824,1.00,1.50
2017.03.03 19:02:46.522,1.0582,1.05825,1.00,4.31
2017.03.03 19:02:46.993,1.05818,1.05822,1.87,1.25
2017.03.03 19:02:47.146,1.05816,1.05821,1.12,1.12
2017.03.03 19:02:47.248,1.05819,1.05821,2.62,1.00
2017.03.03 19:02:47.754,1.05818,1.05822,1.15,2.44
2017.03.03 19:02:48.201,1.05817,1.0582,1.00,1.62
2017.03.03 19:02:48.635,1.05815,1.0582,1.87,3.56
2017.03.03 19:02:49.056,1.05814,1.05817,3.00,1.12
2017.03.03 19:02:49.208,1.05811,1.05816,2.62,1.25
2017.03.03 19:02:49.411,1.05813,1.05817,2.70,2.17
2017.03.03 19:02:49.955,1.05817,1.05821,1.00,8.74
2017.03.03 19:02:50.509,1.05817,1.05821,1.50,1.25
2017.03.03 19:02:51.748,1.05817,1.0582,1.50,1.00
2017.03.03 19:02:52.226,1.05814,1.05819,6.56,1.00
2017.03.03 19:02:52.733,1.05814,1.05819,9.84,1.50
2017.03.03 19:02:53.469,1.05818,1.05819,1.00,1.50
2017.03.03 19:02:53.621,1.05819,1.05822,3.94,1.31
2017.03.03 19:02:53.723,1.0582,1.05824,1.12,2.25
2017.03.03 19:02:54.515,1.05824,1.05825,2.25,1.00
2017.03.03 19:02:54.593,1.05824,1.05827,3.00,1.50
2017.03.03 19:02:54.797,1.05822,1.05826,1.00,3.00
2017.03.03 19:02:55.303,1.05821,1.05826,1.99,3.75
2017.03.03 19:02:56.046,1.0582,1.05824,1.50,2.06
2017.03.03 19:02:56.572,1.05819,1.05823,10.50,1.12
2017.03.03 19:02:57.083,1.05819,1.05824,12.19,5.44
2017.03.03 19:02:58.643,1.05819,1.05823,12.75,2.62
2017.03.03 19:02:58.949,1.05818,1.05821,4.12,1.12
2017.03.03 19:02:59.451,1.05818,1.05821,1.00,1.69
2017.03.03 19:03:00.039,1.05817,1.05821,2.25,3.56
2017.03.03 19:03:00.351,1.05819,1.05822,1.50,1.87
2017.03.03 19:03:00.678,1.05821,1.05823,3.37,1.69
2017.03.03 19:03:00.830,1.05819,1.05822,1.12,2.62
2017.03.03 19:03:00.881,1.05819,1.0582,1.12,1.12
2017.03.03 19:03:01.084,1.05817,1.05819,1.00,1.12
2017.03.03 19:03:01.591,1.05816,1.05819,2.12,5.44
2017.03.03 19:03:02.048,1.05814,1.05817,4.16,2.81
2017.03.03 19:03:02.707,1.05814,1.05818,7.54,2.25
2017.03.03 19:03:03.078,1.05816,1.05818,1.00,1.87
2017.03.03 19:03:03.420,1.0582,1.05823,1.30,1.00
2017.03.03 19:03:03.522,1.0582,1.05823,3.22,1.00
2017.03.03 19:03:03.726,1.05824,1.05828,6.24,2.44
2017.03.03 19:03:04.798,1.05827,1.05829,1.65,2.25
2017.03.03 19:03:05.103,1.0583,1.05834,1.72,3.94
2017.03.03 19:03:05.619,1.05829,1.05834,6.00,3.94
2017.03.03 19:03:06.240,1.05829,1.05834,4.27,1.69
2017.03.03 19:03:08.039,1.05832,1.05834,1.00,2.44
2017.03.03 19:03:08.344,1.05827,1.05829,3.00,1.62
2017.03.03 19:03:08.547,1.05826,1.05829,1.50,3.94
2017.03.03 19:03:09.180,1.05825,1.05829,1.50,3.19
2017.03.03 19:03:09.568,1.05827,1.05828,3.75,1.00
2017.03.03 19:03:09.619,1.05829,1.05831,1.80,2.50
2017.03.03 19:03:10.126,1.05828,1.0583,1.12,1.00
2017.03.03 19:03:10.533,1.05829,1.05831,1.00,1.00
2017.03.03 19:03:10.831,1.05827,1.05832,2.25,1.69
2017.03.03 19:03:10.933,1.05826,1.05831,1.00,2.44
2017.03.03 19:03:11.136,1.05825,1.05828,2.62,1.00
2017.03.03 19:03:12.153,1.05824,1.05827,17.14,1.00
2017.03.03 19:03:13.029,1.05826,1.05828,3.37,1.00
2017.03.03 19:03:13.570,1.05824,1.05827,15.56,1.00
2017.03.03 19:03:14.505,1.05824,1.05827,4.12,1.00
2017.03.03 19:03:16.074,1.05824,1.05827,7.80,1.00
2017.03.03 19:03:16.125,1.05824,1.05827,12.24,1.00
2017.03.03 19:03:16.660,1.05824,1.05827,2.70,1.00
2017.03.03 19:03:17.234,1.05824,1.05827,3.45,1.00
2017.03.03 19:03:20.439,1.05824,1.05826,1.12,1.00
2017.03.03 19:03:20.643,1.05824,1.05826,4.12,1.00
2017.03.03 19:03:22.723,1.05824,1.05826,6.86,1.00
2017.03.03 19:03:22.926,1.0582,1.05822,1.00,1.00
2017.03.03 19:03:23.129,1.0582,1.05823,4.50,1.00
2017.03.03 19:03:23.635,1.05821,1.05823,1.50,1.00
2017.03.03 19:03:24.148,1.05821,1.05824,1.61,1.00
2017.03.03 19:03:24.842,1.05821,1.05824,1.61,1.00
2017.03.03 19:03:25.993,1.05822,1.05824,1.50,1.00
2017.03.03 19:03:26.197,1.05824,1.05826,1.50,1.00
2017.03.03 19:03:26.700,1.05823,1.05825,7.50,1.00
2017.03.03 19:03:27.222,1.05824,1.05826,6.96,1.00
2017.03.03 19:03:28.703,1.05825,1.05827,1.12,1.00
2017.03.03 19:03:29.008,1.05828,1.0583,1.50,1.00
2017.03.03 19:03:29.313,1.05828,1.05829,1.00,1.00
2017.03.03 19:03:29.364,1.05826,1.05828,1.72,1.00
2017.03.03 19:03:30.174,1.05827,1.05828,1.50,1.00
2017.03.03 19:03:30.681,1.05825,1.05828,4.87,1.00
2017.03.03 19:03:31.852,1.05829,1.0583,1.00,1.00
2017.03.03 19:03:31.903,1.05829,1.05831,2.62,1.00
2017.03.03 19:03:32.258,1.05833,1.05834,1.87,1.00
2017.03.03 19:03:32.360,1.05833,1.05835,5.62,1.00
2017.03.03 19:03:33.737,1.05836,1.05838,1.00,1.00
2017.03.03 19:03:33.890,1.05838,1.0584,1.37,1.50
2017.03.03 19:03:34.436,1.05839,1.05841,2.81,1.00
2017.03.03 19:03:34.943,1.0584,1.05841,1.15,1.00
2017.03.03 19:03:36.693,1.05838,1.0584,6.86,1.00
2017.03.03 19:03:37.200,1.05837,1.0584,3.00,1.00
2017.03.03 19:03:37.506,1.05839,1.05841,1.87,1.00
2017.03.03 19:03:38.055,1.05839,1.05841,1.20,1.00
2017.03.03 19:03:38.409,1.05839,1.05841,1.00,1.25
2017.03.03 19:03:38.460,1.05837,1.05841,1.00,2.44
2017.03.03 19:03:38.612,1.05836,1.05838,1.00,1.00
2017.03.03 19:03:39.546,1.05836,1.05838,1.00,1.69
2017.03.03 19:03:39.660,1.05834,1.05836,1.99,1.69
2017.03.03 19:03:39.763,1.05832,1.05833,1.00,1.00
2017.03.03 19:03:39.814,1.05832,1.05834,1.00,1.00
2017.03.03 19:03:39.865,1.0583,1.05833,2.36,1.00
2017.03.03 19:03:40.372,1.0583,1.05833,1.99,1.00
2017.03.03 19:03:40.474,1.0583,1.05832,1.24,1.00
2017.03.03 19:03:40.820,1.05827,1.05829,1.50,1.00
2017.03.03 19:03:41.277,1.05828,1.0583,1.37,1.00
2017.03.03 19:03:41.481,1.05827,1.0583,1.00,1.00
2017.03.03 19:03:41.582,1.05828,1.05832,3.37,3.75
2017.03.03 19:03:41.786,1.05832,1.05835,1.12,1.69
2017.03.03 19:03:41.837,1.05833,1.05836,1.37,2.25
2017.03.03 19:03:42.387,1.05835,1.05838,2.17,1.00
2017.03.03 19:03:42.900,1.05835,1.05838,1.72,1.00
2017.03.03 19:03:43.421,1.05835,1.05838,2.47,1.00
2017.03.03 19:03:44.099,1.05837,1.05839,1.12,1.00
2017.03.03 19:03:44.201,1.05835,1.05838,2.62,1.00
2017.03.03 19:03:44.702,1.05835,1.05838,3.97,1.00
2017.03.03 19:03:45.402,1.05839,1.0584,1.87,1.00
2017.03.03 19:03:45.453,1.05837,1.05839,4.12,1.00
2017.03.03 19:03:45.555,1.05838,1.05839,1.00,1.00
2017.03.03 19:03:45.964,1.05836,1.05838,1.87,1.00
2017.03.03 19:03:46.167,1.05836,1.05839,1.87,1.00
2017.03.03 19:03:46.679,1.05835,1.05837,2.62,1.00
2017.03.03 19:03:47.217,1.05836,1.05838,1.12,1.00
2017.03.03 19:03:49.173,1.05833,1.05837,1.50,1.50
2017.03.03 19:03:49.225,1.05832,1.05834,6.37,1.00
2017.03.03 19:03:49.737,1.0583,1.05833,3.30,1.00
2017.03.03 19:03:50.284,1.05829,1.0583,1.00,1.00
2017.03.03 19:03:50.386,1.05827,1.05829,1.12,1.00
2017.03.03 19:03:50.539,1.05828,1.05831,1.00,1.00
2017.03.03 19:03:50.590,1.05828,1.05832,2.62,1.50
2017.03.03 19:03:50.919,1.05829,1.0583,2.62,1.25
2017.03.03 19:03:51.021,1.05828,1.05831,1.00,1.69
2017.03.03 19:03:51.123,1.05825,1.0583,1.50,1.25
2017.03.03 19:03:52.181,1.05824,1.05827,5.34,1.00
2017.03.03 19:03:52.731,1.05824,1.05827,5.34,1.00
2017.03.03 19:03:53.677,1.05825,1.05828,1.12,1.00
2017.03.03 19:03:54.293,1.05825,1.05827,1.12,1.00
2017.03.03 19:03:55.061,1.05824,1.05827,1.00,1.00
2017.03.03 19:03:55.112,1.05823,1.05825,4.50,1.00
2017.03.03 19:03:55.265,1.05821,1.05823,1.00,1.00
2017.03.03 19:03:55.367,1.05823,1.05824,1.00,1.00
2017.03.03 19:03:55.729,1.05821,1.05823,3.75,1.00
2017.03.03 19:03:55.883,1.05823,1.05824,1.00,1.00
2017.03.03 19:03:56.137,1.05824,1.05826,1.50,1.00
2017.03.03 19:03:56.796,1.05823,1.05825,1.12,1.12
2017.03.03 19:03:56.899,1.05822,1.05824,1.00,1.00
2017.03.03 19:03:57.001,1.05819,1.05823,5.25,1.00
2017.03.03 19:03:57.231,1.05819,1.05821,1.00,1.00
2017.03.03 19:03:57.282,1.05816,1.05821,7.69,1.00
2017.03.03 19:03:57.435,1.05819,1.0582,1.00,1.00
2017.03.03 19:03:57.487,1.05817,1.0582,2.25,1.00
2017.03.03 19:03:57.841,1.05819,1.05821,1.00,1.00
2017.03.03 19:03:58.388,1.05817,1.05821,4.80,1.00
2017.03.03 19:03:58.893,1.05817,1.0582,2.17,1.00
2017.03.03 19:03:59.331,1.0582,1.05822,1.12,1.00
2017.03.03 19:03:59.858,1.05819,1.05822,4.80,1.00
2017.03.03 19:04:00.331,1.0582,1.05823,4.05,1.00
2017.03.03 19:04:00.382,1.0582,1.05823,4.42,1.00
2017.03.03 19:04:00.434,1.0582,1.05822,1.50,1.00
2017.03.03 19:04:00.978,1.05819,1.05821,4.59,1.00
2017.03.03 19:04:01.537,1.05819,1.05822,6.47,1.00
2017.03.03 19:04:02.046,1.05819,1.05822,6.37,1.00
2017.03.03 19:04:02.362,1.05821,1.05823,1.37,1.00
2017.03.03 19:04:02.413,1.0582,1.05822,2.25,1.00
2017.03.03 19:04:05.000,1.05819,1.05821,4.12,1.00
2017.03.03 19:04:05.153,1.05817,1.0582,1.50,1.00
2017.03.03 19:04:05.720,1.05819,1.0582,1.50,1.00
2017.03.03 19:04:06.024,1.0582,1.05822,1.00,1.00
2017.03.03 19:04:06.539,1.0582,1.05822,1.50,1.00
2017.03.03 19:04:06.742,1.05817,1.05821,1.50,1.00
2017.03.03 19:04:06.793,1.05817,1.05818,1.12,3.00
2017.03.03 19:04:06.844,1.05815,1.05816,1.00,1.00
2017.03.03 19:04:06.895,1.05815,1.05816,1.00,1.00
2017.03.03 19:04:06.946,1.05812,1.05813,1.00,1.00
2017.03.03 19:04:07.048,1.0581,1.05813,3.37,1.00
2017.03.03 19:04:07.200,1.05811,1.05814,1.00,1.00
2017.03.03 19:04:07.738,1.05813,1.05815,1.15,1.00
2017.03.03 19:04:07.857,1.05814,1.05816,2.25,1.00
2017.03.03 19:04:08.369,1.05814,1.05816,6.75,1.00
2017.03.03 19:04:09.974,1.05812,1.05815,1.87,1.00
2017.03.03 19:04:10.502,1.05813,1.05815,1.50,1.00
2017.03.03 19:04:11.361,1.05812,1.05815,2.25,1.00
2017.03.03 19:04:14.180,1.05813,1.05815,1.50,1.00
2017.03.03 19:04:14.714,1.05814,1.05816,3.71,1.00
2017.03.03 19:04:15.333,1.05814,1.05817,5.96,1.00
2017.03.03 19:04:15.861,1.05815,1.05816,1.00,1.00
2017.03.03 19:04:16.375,1.05815,1.05817,1.00,1.00
2017.03.03 19:04:16.910,1.05815,1.05817,1.00,1.00
2017.03.03 19:04:17.414,1.05814,1.05816,5.21,1.00
2017.03.03 19:04:19.550,1.05815,1.05816,1.00,1.00
2017.03.03 19:04:20.139,1.05814,1.05816,6.71,1.00
2017.03.03 19:04:20.690,1.05815,1.05816,1.00,1.00
2017.03.03 19:04:21.156,1.05818,1.05819,1.00,1.00
2017.03.03 19:04:21.207,1.05819,1.0582,1.00,1.12
2017.03.03 19:04:21.536,1.05819,1.05822,5.62,1.25
2017.03.03 19:04:21.789,1.05819,1.05821,3.00,1.00
2017.03.03 19:04:22.296,1.05818,1.05821,1.50,1.00
2017.03.03 19:04:22.853,1.05818,1.0582,1.50,1.00
2017.03.03 19:04:23.004,1.05815,1.05819,3.75,1.00
2017.03.03 19:04:23.515,1.05815,1.05818,2.66,1.00
2017.03.03 19:04:23.617,1.05817,1.0582,2.62,1.00
2017.03.03 19:04:24.125,1.05818,1.0582,1.05,1.00
2017.03.03 19:04:24.579,1.05817,1.05821,1.37,1.00
2017.03.03 19:04:25.125,1.05817,1.0582,1.05,1.00
2017.03.03 19:04:25.640,1.05818,1.0582,1.50,1.00
2017.03.03 19:04:26.243,1.05819,1.05822,5.72,1.25
2017.03.03 19:04:26.791,1.0582,1.05822,1.12,1.00
2017.03.03 19:04:28.464,1.0582,1.05822,1.00,1.00
2017.03.03 19:04:28.770,1.05818,1.05819,1.00,1.00
2017.03.03 19:04:28.872,1.05818,1.0582,1.12,1.00
2017.03.03 19:04:29.379,1.05817,1.05819,1.41,1.00
2017.03.03 19:04:29.481,1.05815,1.05818,4.87,1.00
2017.03.03 19:04:30.676,1.05818,1.0582,1.12,1.00
2017.03.03 19:04:31.183,1.05817,1.05819,1.65,1.00
2017.03.03 19:04:31.681,1.05818,1.05822,4.12,3.94
2017.03.03 19:04:31.884,1.0582,1.05823,1.00,1.50
2017.03.03 19:04:32.595,1.05821,1.05823,1.12,1.00
2017.03.03 19:04:33.101,1.0582,1.05823,1.00,1.00
2017.03.03 19:04:33.927,1.0582,1.05824,2.25,1.25
2017.03.03 19:04:36.114,1.05821,1.05825,2.85,1.00
2017.03.03 19:04:36.657,1.05821,1.05825,1.50,1.00
2017.03.03 19:04:37.546,1.05821,1.05825,1.50,1.00
2017.03.03 19:04:38.630,1.05821,1.05824,1.00,1.00
2017.03.03 19:04:41.233,1.0582,1.05824,2.10,1.00
2017.03.03 19:04:42.873,1.05821,1.05824,1.87,1.00
2017.03.03 19:04:42.924,1.05821,1.05826,1.50,1.87
2017.03.03 19:04:43.127,1.05821,1.05824,1.46,1.00
2017.03.03 19:04:43.635,1.05821,1.05824,1.00,1.00
2017.03.03 19:04:44.208,1.05822,1.05824,1.12,1.00
2017.03.03 19:04:44.714,1.05822,1.05825,1.84,1.00
2017.03.03 19:04:45.322,1.05822,1.05824,1.46,1.00
2017.03.03 19:04:45.845,1.05821,1.05823,1.12,1.00
2017.03.03 19:04:52.135,1.05821,1.05824,1.00,1.00
2017.03.03 19:04:52.645,1.05821,1.05823,1.00,1.00
2017.03.03 19:04:53.148,1.05821,1.05823,1.00,1.00
2017.03.03 19:04:54.095,1.05821,1.05823,1.87,1.00
2017.03.03 19:04:54.601,1.05821,1.05824,2.62,1.00
2017.03.03 19:04:56.931,1.05821,1.05824,1.87,1.00
2017.03.03 19:04:57.803,1.05821,1.05825,2.25,2.44
2017.03.03 19:04:58.258,1.05823,1.05825,1.87,1.00
2017.03.03 19:04:58.764,1.05823,1.05825,2.62,1.00
2017.03.03 19:04:59.646,1.05822,1.05825,5.59,1.00
2017.03.03 19:05:00.604,1.05823,1.05825,2.62,1.00
2017.03.03 19:05:01.488,1.05822,1.05825,6.34,1.00
2017.03.03 19:05:02.080,1.05823,1.05825,2.62,1.00
2017.03.03 19:05:02.385,1.05829,1.05831,1.87,8.06
2017.03.03 19:05:02.538,1.0583,1.05831,1.12,1.50
2017.03.03 19:05:02.692,1.05831,1.05833,1.37,1.00
2017.03.03 19:05:03.199,1.0583,1.05833,8.25,1.00
2017.03.03 19:05:03.541,1.05833,1.05835,1.37,1.25
2017.03.03 19:05:03.643,1.05833,1.05835,1.87,1.25
2017.03.03 19:05:03.897,1.05833,1.05835,1.50,1.00
2017.03.03 19:05:04.403,1.05831,1.05833,10.12,1.00
2017.03.03 19:05:04.909,1.05832,1.05834,1.00,1.00
2017.03.03 19:05:06.556,1.05831,1.05833,4.50,1.00
2017.03.03 19:05:06.963,1.05835,1.05836,2.62,3.75
2017.03.03 19:05:07.200,1.0584,1.05842,3.37,6.75
2017.03.03 19:05:07.353,1.0584,1.05844,4.50,1.69
2017.03.03 19:05:07.859,1.0584,1.05844,9.00,1.19
2017.03.03 19:05:07.910,1.0584,1.05845,9.00,1.31
2017.03.03 19:05:08.397,1.05843,1.05846,1.12,4.69
2017.03.03 19:05:08.624,1.05845,1.05849,2.62,3.94
2017.03.03 19:05:09.131,1.05845,1.05847,6.00,1.00
2017.03.03 19:05:09.922,1.05845,1.05848,4.87,1.00
2017.03.03 19:05:14.688,1.05847,1.05848,1.00,1.00
2017.03.03 19:05:15.510,1.05846,1.05848,1.00,1.00
2017.03.03 19:05:16.016,1.05845,1.05847,5.62,1.00
2017.03.03 19:05:16.959,1.05845,1.05846,4.12,1.00
2017.03.03 19:05:17.469,1.05844,1.05845,1.50,1.00
2017.03.03 19:05:19.500,1.05844,1.05845,2.62,1.00
2017.03.03 19:05:19.603,1.05842,1.05846,3.00,6.94
2017.03.03 19:05:19.905,1.05844,1.05845,1.00,1.00
2017.03.03 19:05:19.956,1.05844,1.05848,2.40,1.25
2017.03.03 19:05:20.312,1.05842,1.05848,8.81,4.69
2017.03.03 19:05:20.566,1.05842,1.05846,5.06,1.50
2017.03.03 19:05:21.470,1.05842,1.05846,6.56,1.00
2017.03.03 19:05:23.600,1.05844,1.05846,4.12,1.00
2017.03.03 19:05:23.844,1.05845,1.05849,1.12,1.19
2017.03.03 19:05:25.994,1.05845,1.05846,3.37,2.81
2017.03.03 19:05:26.096,1.05843,1.05845,1.00,1.50
2017.03.03 19:05:26.603,1.05842,1.05844,1.50,1.00
2017.03.03 19:05:27.354,1.05843,1.05847,1.87,4.50
2017.03.03 19:05:27.405,1.05845,1.05848,1.12,2.06
2017.03.03 19:05:27.981,1.05846,1.05849,1.00,1.19
2017.03.03 19:05:35.222,1.05845,1.05846,1.00,1.25
2017.03.03 19:05:35.477,1.05845,1.05846,1.00,3.94
2017.03.03 19:05:35.984,1.05845,1.05847,1.12,1.00
2017.03.03 19:05:36.086,1.05844,1.05849,10.65,3.00
2017.03.03 19:05:36.442,1.05845,1.05847,3.00,1.00
2017.03.03 19:05:37.047,1.05845,1.05847,5.25,1.00
2017.03.03 19:05:37.150,1.05846,1.05847,1.00,3.75
2017.03.03 19:05:37.302,1.05844,1.05847,3.00,1.87
2017.03.03 19:05:37.809,1.05843,1.05847,1.87,1.00
2017.03.03 19:05:38.145,1.05845,1.05848,1.12,1.00
2017.03.03 19:05:43.690,1.05845,1.05848,1.50,1.00
2017.03.03 19:05:43.915,1.05845,1.05848,4.12,1.00
2017.03.03 19:05:44.804,1.05843,1.05846,4.12,1.00
2017.03.03 19:05:44.856,1.05842,1.05844,1.00,1.00
2017.03.03 19:05:45.363,1.0584,1.05844,6.07,1.00
2017.03.03 19:05:47.958,1.05841,1.05843,1.00,1.00
2017.03.03 19:05:48.465,1.0584,1.05844,1.31,1.00
2017.03.03 19:05:49.708,1.05841,1.05845,3.75,1.12
2017.03.03 19:05:50.228,1.05841,1.05846,3.75,5.44
2017.03.03 19:05:51.743,1.05841,1.05845,3.75,1.00
2017.03.03 19:05:56.010,1.0584,1.05843,4.69,1.00
2017.03.03 19:05:56.514,1.0584,1.05843,3.56,1.00
2017.03.03 19:05:57.052,1.05839,1.0584,5.89,1.00
2017.03.03 19:05:57.155,1.05836,1.0584,3.75,2.25
2017.03.03 19:05:57.308,1.05835,1.05838,4.54,1.00
2017.03.03 19:05:59.303,1.05836,1.05839,1.35,2.25
2017.03.03 19:06:00.010,1.05836,1.05838,3.97,1.00
2017.03.03 19:06:00.361,1.05838,1.0584,1.37,2.25
2017.03.03 19:06:00.513,1.05838,1.05841,3.75,2.25
2017.03.03 19:06:01.059,1.05837,1.0584,3.75,1.00
2017.03.03 19:06:01.566,1.05838,1.05841,1.00,5.25
2017.03.03 19:06:01.769,1.05836,1.0584,4.50,1.00
2017.03.03 19:06:02.275,1.05837,1.0584,1.00,1.00
2017.03.03 19:06:02.817,1.05837,1.05839,1.00,1.00
2017.03.03 19:06:03.324,1.05837,1.0584,3.75,1.00
2017.03.03 19:06:03.884,1.05837,1.05839,3.75,1.00
2017.03.03 19:06:04.188,1.05837,1.05841,3.75,4.50
2017.03.03 19:06:04.358,1.05839,1.05842,1.87,3.00
2017.03.03 19:06:04.896,1.0584,1.05842,1.00,1.00
2017.03.03 19:06:05.531,1.05839,1.05842,1.00,1.50
2017.03.03 19:06:05.734,1.05837,1.05842,5.62,2.81
2017.03.03 19:06:06.240,1.05837,1.05842,5.25,2.06
2017.03.03 19:06:06.470,1.0584,1.05842,1.00,1.87
2017.03.03 19:06:07.003,1.05839,1.05843,4.12,2.25
2017.03.03 19:06:07.308,1.05838,1.0584,3.37,1.00
2017.03.03 19:06:07.410,1.05839,1.05842,2.25,3.00
2017.03.03 19:06:07.917,1.05838,1.05841,3.37,1.50
2017.03.03 19:06:10.365,1.05837,1.05841,3.37,3.00
2017.03.03 19:06:12.634,1.05839,1.05841,3.75,3.00
2017.03.03 19:06:13.221,1.05838,1.05841,2.62,3.00
2017.03.03 19:06:13.739,1.05837,1.05841,3.37,3.75
2017.03.03 19:06:14.551,1.05841,1.05842,2.29,2.25
2017.03.03 19:06:14.778,1.05844,1.05847,2.25,2.25
2017.03.03 19:06:14.982,1.05844,1.05846,7.87,1.00
2017.03.03 19:06:15.965,1.05845,1.05847,4.12,1.50
2017.03.03 19:06:16.472,1.05845,1.05847,4.12,1.00
2017.03.03 19:06:17.984,1.05844,1.05846,12.37,2.50
2017.03.03 19:06:19.140,1.05845,1.05847,1.87,1.00
2017.03.03 19:06:19.344,1.05848,1.05849,1.00,2.25
2017.03.03 19:06:19.446,1.05849,1.0585,2.72,1.00
2017.03.03 19:06:19.548,1.05847,1.0585,4.12,1.50
2017.03.03 19:06:20.055,1.05846,1.0585,1.00,3.00
2017.03.03 19:06:20.595,1.05845,1.05849,6.75,1.00
2017.03.03 19:06:21.507,1.05845,1.05849,7.50,1.50
2017.03.03 19:06:22.087,1.05845,1.05847,3.37,1.87
2017.03.03 19:06:22.241,1.05841,1.05845,4.87,1.12
2017.03.03 19:06:22.747,1.05842,1.05845,1.00,1.50
2017.03.03 19:06:23.046,1.05844,1.05846,1.37,1.12
2017.03.03 19:06:23.147,1.05845,1.05847,1.00,1.00
2017.03.03 19:06:23.249,1.05845,1.05849,1.12,1.69
2017.03.03 19:06:23.990,1.05845,1.05849,3.00,1.00
2017.03.03 19:06:24.536,1.05846,1.0585,3.52,2.25
2017.03.03 19:06:25.145,1.05846,1.0585,2.77,2.25
2017.03.03 19:06:25.748,1.05846,1.0585,1.87,1.00
2017.03.03 19:06:27.811,1.05846,1.0585,3.75,1.00
2017.03.03 19:06:29.601,1.05846,1.05851,4.12,1.50
2017.03.03 19:06:29.653,1.05848,1.05852,1.52,4.87
2017.03.03 19:06:30.192,1.05847,1.0585,3.60,1.00
2017.03.03 19:06:31.225,1.05846,1.0585,6.37,1.50
2017.03.03 19:06:31.529,1.05848,1.05851,4.65,2.25
2017.03.03 19:06:32.055,1.05847,1.05851,5.06,1.00
2017.03.03 19:06:33.108,1.05848,1.05853,4.12,1.69
2017.03.03 19:06:33.633,1.05849,1.05853,2.62,6.94
2017.03.03 19:06:33.989,1.05854,1.05855,1.50,3.00
2017.03.03 19:06:34.183,1.05855,1.05859,6.19,2.25
2017.03.03 19:06:34.725,1.05855,1.05858,6.89,1.00
2017.03.03 19:06:35.231,1.05856,1.05859,1.25,3.00
2017.03.03 19:06:35.738,1.05856,1.05858,1.00,1.00
2017.03.03 19:06:37.517,1.05856,1.0586,1.50,4.50
2017.03.03 19:06:38.044,1.05856,1.05859,1.00,1.00
2017.03.03 19:06:38.564,1.05856,1.05858,1.00,1.00
2017.03.03 19:06:39.076,1.05856,1.05859,1.12,1.50
2017.03.03 19:06:39.551,1.0586,1.05862,2.10,19.12
2017.03.03 19:06:39.602,1.05859,1.05861,1.00,3.37
2017.03.03 19:06:39.653,1.05862,1.05867,2.25,9.75
2017.03.03 19:06:39.704,1.05871,1.05873,1.00,2.44
2017.03.03 19:06:39.820,1.05873,1.05875,2.50,3.94
2017.03.03 19:06:39.923,1.05874,1.05876,2.06,7.50
2017.03.03 19:06:40.128,1.05875,1.05879,3.00,1.87
2017.03.03 19:06:40.231,1.05876,1.05879,1.69,1.00
2017.03.03 19:06:40.335,1.05877,1.05881,1.12,4.73
2017.03.03 19:06:40.884,1.05879,1.05881,2.25,1.50
2017.03.03 19:06:40.986,1.05876,1.05881,5.25,1.50
2017.03.03 19:06:41.190,1.05876,1.05879,5.25,1.00
2017.03.03 19:06:41.798,1.05877,1.05879,1.00,1.00
2017.03.03 19:06:42.145,1.05885,1.05887,2.06,1.00
2017.03.03 19:06:42.196,1.05888,1.0589,1.69,3.75
2017.03.03 19:06:42.248,1.05889,1.0589,2.62,2.25
2017.03.03 19:06:42.298,1.05891,1.05892,1.87,3.00
2017.03.03 19:06:42.515,1.05892,1.05894,1.87,1.12
2017.03.03 19:06:42.668,1.05893,1.05896,1.31,2.25
2017.03.03 19:06:43.127,1.05895,1.05896,1.31,1.00
2017.03.03 19:06:43.178,1.05896,1.059,2.74,5.62
2017.03.03 19:06:43.281,1.05899,1.059,2.81,3.00
2017.03.03 19:06:43.589,1.0591,1.05912,2.06,3.75
2017.03.03 19:06:43.640,1.05911,1.05913,1.00,1.50
2017.03.03 19:06:43.743,1.0591,1.05913,2.92,2.62
2017.03.03 19:06:44.003,1.05914,1.05916,1.00,2.25
2017.03.03 19:06:44.257,1.05916,1.05918,1.25,6.75
2017.03.03 19:06:44.359,1.05917,1.0592,1.25,2.25
2017.03.03 19:06:44.410,1.05914,1.05916,10.57,1.00
2017.03.03 19:06:44.665,1.05909,1.05912,1.50,3.60
2017.03.03 19:06:44.854,1.05908,1.05909,1.00,1.00
2017.03.03 19:06:45.008,1.05905,1.05906,2.21,1.00
2017.03.03 19:06:45.060,1.05903,1.05905,2.96,1.50
2017.03.03 19:06:45.111,1.05902,1.05903,4.09,2.25
2017.03.03 19:06:45.213,1.059,1.05902,2.36,1.00
2017.03.03 19:06:45.264,1.05903,1.05905,1.12,2.74
2017.03.03 19:06:45.569,1.0591,1.05911,1.25,1.00
2017.03.03 19:06:45.620,1.0591,1.05914,3.52,2.25
2017.03.03 19:06:46.160,1.05911,1.05915,1.00,1.00
2017.03.03 19:06:46.667,1.0591,1.05914,4.27,1.00
2017.03.03 19:06:46.972,1.05909,1.05912,4.12,1.12
2017.03.03 19:06:47.304,1.05906,1.05909,1.12,2.62
2017.03.03 19:06:47.811,1.05905,1.05908,3.19,1.00
2017.03.03 19:06:48.318,1.05904,1.05907,1.00,2.25
2017.03.03 19:06:48.623,1.05901,1.05902,1.00,1.00
2017.03.03 19:06:48.978,1.05901,1.05905,1.00,4.50
2017.03.03 19:06:49.486,1.05901,1.05904,1.00,1.00
2017.03.03 19:06:50.196,1.05901,1.05903,1.00,1.50
2017.03.03 19:06:50.744,1.05899,1.05901,6.37,1.00
2017.03.03 19:06:50.846,1.05898,1.059,1.87,1.00
2017.03.03 19:06:50.949,1.05896,1.059,2.06,1.87
2017.03.03 19:06:51.456,1.05897,1.059,1.00,1.00
2017.03.03 19:06:51.966,1.05896,1.05899,1.25,1.50
2017.03.03 19:06:52.170,1.05896,1.05897,1.25,1.00
2017.03.03 19:06:52.375,1.05892,1.05894,1.50,1.00
2017.03.03 19:06:52.884,1.05893,1.05895,1.12,1.12
2017.03.03 19:06:52.986,1.05894,1.05897,1.69,1.50
2017.03.03 19:06:53.089,1.05892,1.05896,1.69,5.62
2017.03.03 19:06:53.559,1.05895,1.05897,1.25,1.50
2017.03.03 19:06:53.763,1.05896,1.059,1.69,2.62
2017.03.03 19:06:54.172,1.05895,1.05897,1.50,4.12
2017.03.03 19:06:54.225,1.05892,1.05895,1.00,1.00
2017.03.03 19:06:54.429,1.05895,1.05897,1.00,1.00
2017.03.03 19:06:54.608,1.05893,1.05898,2.81,8.62
2017.03.03 19:06:54.711,1.05891,1.05897,2.81,2.62
2017.03.03 19:06:55.123,1.05893,1.05897,2.44,2.25
2017.03.03 19:06:55.494,1.05891,1.05895,5.81,1.00
2017.03.03 19:06:56.011,1.05891,1.05896,6.56,3.75
2017.03.03 19:06:58.638,1.05893,1.05896,3.94,1.00
2017.03.03 19:06:58.740,1.05894,1.05898,1.20,3.75
2017.03.03 19:06:58.843,1.05893,1.05898,6.56,2.25
2017.03.03 19:06:59.198,1.05899,1.059,1.25,3.37
2017.03.03 19:06:59.249,1.05899,1.05903,3.19,1.37
2017.03.03 19:06:59.925,1.05899,1.05903,4.09,1.12
2017.03.03 19:07:00.080,1.05898,1.05902,1.50,6.75
2017.03.03 19:07:00.182,1.05897,1.05901,2.81,3.75
2017.03.03 19:07:00.879,1.059,1.05902,1.62,4.12
2017.03.03 19:07:01.033,1.05901,1.05904,1.00,3.00
2017.03.03 19:07:01.554,1.059,1.05902,1.31,1.50
2017.03.03 19:07:01.706,1.05898,1.05901,1.00,2.25
2017.03.03 19:07:01.909,1.059,1.05902,1.25,1.00
2017.03.03 19:07:02.011,1.059,1.05904,2.44,3.00
2017.03.03 19:07:02.675,1.059,1.05905,3.56,3.00
2017.03.03 19:07:03.210,1.059,1.05902,1.50,3.37
2017.03.03 19:07:04.081,1.059,1.05903,1.25,1.50
2017.03.03 19:07:04.182,1.05901,1.05905,1.50,2.25
2017.03.03 19:07:04.696,1.05902,1.05905,1.00,2.25
2017.03.03 19:07:04.944,1.059,1.05905,2.44,2.25
2017.03.03 19:07:04.995,1.05902,1.05906,1.69,1.50
2017.03.03 19:07:05.538,1.05903,1.05907,1.00,2.25
2017.03.03 19:07:07.174,1.05903,1.05906,1.00,1.00
2017.03.03 19:07:07.479,1.05911,1.05912,1.69,1.50
2017.03.03 19:07:07.674,1.05912,1.05916,1.00,4.87
2017.03.03 19:07:08.182,1.05912,1.05916,1.00,5.62
2017.03.03 19:07:08.882,1.05912,1.05916,1.00,1.12
2017.03.03 19:07:10.013,1.05914,1.05917,3.75,3.37
2017.03.03 19:07:10.253,1.05915,1.05919,3.37,3.00
2017.03.03 19:07:10.507,1.05918,1.0592,1.00,1.87
2017.03.03 19:07:10.660,1.05917,1.0592,1.00,1.12
2017.03.03 19:07:11.166,1.05917,1.05921,1.50,5.62
2017.03.03 19:07:11.881,1.05918,1.05921,2.59,3.07
2017.03.03 19:07:12.084,1.05916,1.0592,2.44,1.50
2017.03.03 19:07:12.186,1.05916,1.05918,1.00,1.87
2017.03.03 19:07:12.339,1.05914,1.05917,1.25,2.25
2017.03.03 19:07:12.441,1.05916,1.05918,1.00,3.75
2017.03.03 19:07:12.543,1.05915,1.0592,1.50,3.37
2017.03.03 19:07:12.594,1.05915,1.0592,1.50,1.87
2017.03.03 19:07:13.046,1.05917,1.05919,1.50,2.21
2017.03.03 19:07:13.200,1.05916,1.05921,6.19,1.87
2017.03.03 19:07:13.454,1.05918,1.05921,1.69,1.72
2017.03.03 19:07:13.606,1.05918,1.05923,5.44,2.62
2017.03.03 19:07:13.860,1.05918,1.05921,2.81,1.12
2017.03.03 19:07:14.113,1.05916,1.05921,5.06,2.10
2017.03.03 19:07:14.216,1.05917,1.05922,4.50,2.25
2017.03.03 19:07:14.539,1.05919,1.05921,1.50,1.00
2017.03.03 19:07:14.641,1.05917,1.05921,1.50,1.12
2017.03.03 19:07:14.693,1.05919,1.05921,1.00,1.87
2017.03.03 19:07:14.794,1.05916,1.05921,3.19,1.46
2017.03.03 19:07:15.301,1.05917,1.05921,1.50,1.87
2017.03.03 19:07:15.454,1.0592,1.05922,1.00,2.62
2017.03.03 19:07:15.819,1.05921,1.05926,1.50,2.62
2017.03.03 19:07:15.921,1.05923,1.05926,3.19,1.87
2017.03.03 19:07:16.226,1.05925,1.05928,1.00,1.00
2017.03.03 19:07:17.094,1.05925,1.05929,1.00,4.12
2017.03.03 19:07:17.602,1.05924,1.05928,1.00,3.75
2017.03.03 19:07:17.857,1.05921,1.05926,3.19,4.12
2017.03.03 19:07:18.907,1.05921,1.05926,3.94,3.37
2017.03.03 19:07:18.959,1.05924,1.05926,1.05,1.00
2017.03.03 19:07:19.467,1.05923,1.05927,2.44,1.00
2017.03.03 19:07:19.825,1.05925,1.05928,1.00,1.50
2017.03.03 19:07:20.297,1.05925,1.0593,3.75,1.12
2017.03.03 19:07:20.550,1.05925,1.05929,2.25,1.87
2017.03.03 19:07:20.601,1.05925,1.05929,1.00,4.50
2017.03.03 19:07:20.949,1.05925,1.05927,1.00,1.00
2017.03.03 19:07:21.185,1.05925,1.05929,1.00,2.62
2017.03.03 19:07:21.490,1.05923,1.05927,1.31,1.37
2017.03.03 19:07:21.903,1.05924,1.05927,2.44,1.50
2017.03.03 19:07:22.006,1.05925,1.0593,2.25,5.25
2017.03.03 19:07:22.602,1.05927,1.05931,1.00,4.12
2017.03.03 19:07:23.311,1.05931,1.05933,1.00,18.75
2017.03.03 19:07:23.576,1.05934,1.05935,2.81,3.75
2017.03.03 19:07:24.082,1.05934,1.05936,3.00,2.62
2017.03.03 19:07:24.437,1.05936,1.05938,1.00,2.25
2017.03.03 19:07:24.488,1.05937,1.05939,1.00,1.00
2017.03.03 19:07:24.539,1.05935,1.05938,3.37,1.50
2017.03.03 19:07:24.691,1.05937,1.05939,1.00,1.50
2017.03.03 19:07:24.895,1.05937,1.0594,1.00,3.75
2017.03.03 19:07:25.445,1.05936,1.05939,1.00,1.00
2017.03.03 19:07:25.649,1.05935,1.05938,1.50,7.12
2017.03.03 19:07:25.700,1.05934,1.05937,5.25,1.12
2017.03.03 19:07:26.206,1.05937,1.05939,4.12,1.50
2017.03.03 19:07:26.409,1.05937,1.0594,1.00,1.00
2017.03.03 19:07:26.511,1.05937,1.05938,1.00,1.50
2017.03.03 19:07:26.766,1.05936,1.0594,1.37,3.75
2017.03.03 19:07:27.820,1.05936,1.05941,5.81,3.37
2017.03.03 19:07:28.327,1.05936,1.0594,3.19,3.75
2017.03.03 19:07:28.529,1.05935,1.05939,1.00,2.44
2017.03.03 19:07:28.682,1.05935,1.05937,1.00,1.00
2017.03.03 19:07:28.834,1.05933,1.05936,1.00,3.75
2017.03.03 19:07:29.346,1.05932,1.05936,2.25,1.00
2017.03.03 19:07:29.753,1.05934,1.05936,1.00,2.25
2017.03.03 19:07:29.905,1.05932,1.05936,3.00,2.25
2017.03.03 19:07:30.416,1.05932,1.05936,2.62,3.00
2017.03.03 19:07:30.921,1.05932,1.05935,2.25,1.00
2017.03.03 19:07:33.072,1.05932,1.05937,2.25,4.91
2017.03.03 19:07:33.225,1.05932,1.05937,1.50,4.69
2017.03.03 19:07:34.488,1.0593,1.05932,5.06,1.00
2017.03.03 19:07:34.792,1.05923,1.05925,4.31,3.25
2017.03.03 19:07:34.843,1.05923,1.05925,2.06,4.00
2017.03.03 19:07:34.944,1.05924,1.05927,1.00,1.50
2017.03.03 19:07:35.046,1.05922,1.05926,2.44,1.00
2017.03.03 19:07:35.148,1.05925,1.05926,1.00,1.00
2017.03.03 19:07:35.304,1.05925,1.05929,1.37,1.50
2017.03.03 19:07:35.609,1.05925,1.05926,1.00,1.00
2017.03.03 19:07:35.762,1.05922,1.05926,2.44,3.00
2017.03.03 19:07:36.472,1.05921,1.05925,2.44,1.00
2017.03.03 19:07:37.611,1.05922,1.05926,1.25,4.50
2017.03.03 19:07:38.067,1.05922,1.05924,1.50,1.00
2017.03.03 19:07:39.097,1.0592,1.05922,2.62,1.00
2017.03.03 19:07:39.250,1.05917,1.0592,1.00,5.25
2017.03.03 19:07:39.641,1.05921,1.05923,1.37,5.62
2017.03.03 19:07:39.743,1.05921,1.05923,3.37,1.50
2017.03.03 19:07:39.896,1.0592,1.05923,2.62,1.00
2017.03.03 19:07:40.500,1.0592,1.05924,1.50,2.25
2017.03.03 19:07:40.602,1.0592,1.05922,1.00,3.00
2017.03.03 19:07:40.654,1.05918,1.05921,2.44,1.00
2017.03.03 19:07:40.806,1.0592,1.05922,1.00,3.00
2017.03.03 19:07:41.334,1.0592,1.05923,3.75,1.00
2017.03.03 19:07:42.173,1.05921,1.05923,1.25,1.00
2017.03.03 19:07:43.122,1.05921,1.05924,1.25,4.12
2017.03.03 19:07:43.902,1.0592,1.05923,1.50,1.37
2017.03.03 19:07:44.189,1.05918,1.05922,2.44,6.37
2017.03.03 19:07:44.543,1.05916,1.0592,1.00,1.00
2017.03.03 19:07:45.050,1.05916,1.05921,1.00,3.00
2017.03.03 19:07:45.380,1.05922,1.05923,3.00,2.25
2017.03.03 19:07:45.566,1.05921,1.05924,1.69,1.00
2017.03.03 19:07:45.618,1.05921,1.05926,1.69,1.87
2017.03.03 19:07:46.178,1.05921,1.05926,1.25,3.37
2017.03.03 19:07:46.685,1.05921,1.05924,1.25,1.87
2017.03.03 19:07:48.209,1.05923,1.05924,1.69,1.12
2017.03.03 19:07:48.311,1.05923,1.05927,1.69,7.12
2017.03.03 19:07:48.412,1.05923,1.05927,1.00,9.37
2017.03.03 19:07:48.514,1.05921,1.05924,2.55,1.00
2017.03.03 19:07:49.286,1.0592,1.05923,1.00,4.87
2017.03.03 19:07:49.338,1.05918,1.0592,1.37,1.00
2017.03.03 19:07:49.440,1.05917,1.0592,1.50,2.25
2017.03.03 19:07:49.644,1.05919,1.0592,1.00,2.25
2017.03.03 19:07:49.797,1.0592,1.05922,3.19,1.00
2017.03.03 19:07:50.339,1.0592,1.05923,1.25,1.00
2017.03.03 19:07:50.541,1.0592,1.05921,1.50,1.00
2017.03.03 19:07:50.796,1.0592,1.05923,3.19,1.00
2017.03.03 19:07:51.055,1.05924,1.05925,1.50,1.00
2017.03.03 19:07:51.208,1.05925,1.05927,2.62,1.00
2017.03.03 19:07:51.310,1.05925,1.05929,2.62,2.62
2017.03.03 19:07:52.263,1.05925,1.05928,1.61,1.50
2017.03.03 19:07:52.769,1.05926,1.05929,1.00,2.62
2017.03.03 19:07:53.023,1.05928,1.05929,1.12,1.12
2017.03.03 19:07:53.176,1.05929,1.05932,6.94,1.00
2017.03.03 19:07:53.921,1.05929,1.05933,2.44,2.62
2017.03.03 19:07:56.927,1.05929,1.05932,7.31,1.00
2017.03.03 19:07:57.976,1.05929,1.0593,1.50,1.00
2017.03.03 19:07:58.230,1.05923,1.05925,1.12,2.25
2017.03.03 19:07:58.333,1.05921,1.05924,3.19,1.50
2017.03.03 19:07:58.950,1.05921,1.05922,1.50,3.37
2017.03.03 19:07:59.052,1.05918,1.05921,1.00,2.62
2017.03.03 19:07:59.358,1.05917,1.0592,1.69,2.25
2017.03.03 19:07:59.612,1.05919,1.05922,4.69,4.87
2017.03.03 19:07:59.969,1.05919,1.05922,1.87,7.87
2017.03.03 19:08:00.022,1.05917,1.05921,1.25,1.00
2017.03.03 19:08:00.176,1.05919,1.05921,3.00,1.00
2017.03.03 19:08:00.684,1.05919,1.05923,2.62,1.87
2017.03.03 19:08:01.139,1.05919,1.05924,7.50,6.75
2017.03.03 19:08:01.646,1.05919,1.05925,13.97,7.50
2017.03.03 19:08:02.204,1.05919,1.05924,9.86,1.00
2017.03.03 19:08:02.255,1.05919,1.05922,8.36,1.50
2017.03.03 19:08:02.408,1.05919,1.05924,5.74,6.37
2017.03.03 19:08:03.514,1.05919,1.05922,3.56,1.00
2017.03.03 19:08:04.022,1.05919,1.05923,5.44,1.12
2017.03.03 19:08:04.529,1.05919,1.05922,10.31,1.50
2017.03.03 19:08:09.256,1.05919,1.05921,1.50,2.62
2017.03.03 19:08:09.588,1.05916,1.05918,1.19,1.00
2017.03.03 19:08:10.249,1.05915,1.05917,1.87,1.00
2017.03.03 19:08:11.303,1.05916,1.05918,1.50,2.12
2017.03.03 19:08:11.356,1.05919,1.05921,3.09,3.00
2017.03.03 19:08:11.559,1.05918,1.05919,1.00,1.00
2017.03.03 19:08:11.913,1.05916,1.05919,1.00,1.87
2017.03.03 19:08:12.067,1.05918,1.0592,1.50,3.37
2017.03.03 19:08:12.523,1.05916,1.05918,1.69,1.00
2017.03.03 19:08:13.119,1.05916,1.05919,1.19,1.50
2017.03.03 19:08:13.533,1.05915,1.05917,1.16,1.50
2017.03.03 19:08:14.043,1.05914,1.05916,4.31,1.00
2017.03.03 19:08:14.391,1.05912,1.05913,1.50,1.00
2017.03.03 19:08:14.645,1.05909,1.05913,3.19,1.00
2017.03.03 19:08:15.362,1.05909,1.05911,13.59,1.00
2017.03.03 19:08:15.709,1.05913,1.05914,1.50,1.50
2017.03.03 19:08:15.760,1.05914,1.05917,1.69,4.87
2017.03.03 19:08:15.862,1.05913,1.05914,2.25,1.00
2017.03.03 19:08:16.371,1.05911,1.05914,1.19,1.50
2017.03.03 19:08:17.158,1.0591,1.05913,2.62,1.00
2017.03.03 19:08:17.964,1.05913,1.05914,1.00,1.00
2017.03.03 19:08:18.269,1.05922,1.05923,2.62,3.00
2017.03.03 19:08:18.321,1.05922,1.05923,1.50,1.00
2017.03.03 19:08:18.372,1.05924,1.05925,1.50,1.00
2017.03.03 19:08:18.473,1.05922,1.05926,1.87,1.00
2017.03.03 19:08:19.545,1.05922,1.05928,1.00,7.69
2017.03.03 19:08:19.708,1.05922,1.05926,1.00,10.69
2017.03.03 19:08:19.759,1.0592,1.05925,1.50,4.50
2017.03.03 19:08:20.280,1.05919,1.05924,6.19,1.00
2017.03.03 19:08:20.988,1.05919,1.05924,2.81,1.00
2017.03.03 19:08:21.748,1.05921,1.05924,1.00,1.00
2017.03.03 19:08:22.273,1.0592,1.05924,4.57,1.00
2017.03.03 19:08:22.608,1.0593,1.05935,11.69,1.00
2017.03.03 19:08:22.710,1.05939,1.05941,1.87,5.25
2017.03.03 19:08:22.761,1.0594,1.05943,2.06,1.50
2017.03.03 19:08:22.863,1.05942,1.05943,2.62,1.00
2017.03.03 19:08:22.966,1.05941,1.05945,1.87,1.50
2017.03.03 19:08:23.423,1.05944,1.05946,1.12,1.50
2017.03.03 19:08:23.642,1.05942,1.05946,6.37,3.75
2017.03.03 19:08:24.047,1.05944,1.05946,1.50,2.25
2017.03.03 19:08:24.200,1.05944,1.05947,9.75,1.12
2017.03.03 19:08:25.044,1.05942,1.05948,2.51,3.94
2017.03.03 19:08:25.575,1.05942,1.05948,2.89,7.69
2017.03.03 19:08:25.931,1.05944,1.05948,1.87,3.94
2017.03.03 19:08:25.983,1.05945,1.05949,1.00,5.81
2017.03.03 19:08:26.034,1.05948,1.05949,1.00,4.12
2017.03.03 19:08:26.287,1.05949,1.05951,1.00,1.31
2017.03.03 19:08:26.984,1.05953,1.05954,1.50,9.94
2017.03.03 19:08:27.187,1.05963,1.05965,1.00,3.56
2017.03.03 19:08:27.290,1.05963,1.05966,6.37,1.50
2017.03.03 19:08:27.594,1.05967,1.05969,2.62,1.00
2017.03.03 19:08:27.753,1.05968,1.05971,1.37,1.12
2017.03.03 19:08:28.059,1.05964,1.05966,1.00,1.50
2017.03.03 19:08:28.110,1.05962,1.05965,1.00,1.00
2017.03.03 19:08:28.554,1.05961,1.05963,1.00,1.00
2017.03.03 19:08:28.861,1.05959,1.05961,1.00,1.00
2017.03.03 19:08:28.912,1.05957,1.0596,1.87,1.00
2017.03.03 19:08:29.065,1.05957,1.0596,2.62,1.00
2017.03.03 19:08:29.218,1.05958,1.05962,2.55,1.00
2017.03.03 19:08:29.802,1.05959,1.05963,1.87,3.00
2017.03.03 19:08:30.209,1.05959,1.0596,13.78,1.00
2017.03.03 19:08:30.514,1.05953,1.05955,16.78,1.00
2017.03.03 19:08:30.734,1.05948,1.05954,5.21,1.50
2017.03.03 19:08:31.091,1.05949,1.05954,3.56,1.50
2017.03.03 19:08:31.548,1.05949,1.05953,2.44,1.50
2017.03.03 19:08:32.192,1.05949,1.05953,5.44,1.00
2017.03.03 19:08:32.698,1.05949,1.05951,1.12,3.94
2017.03.03 19:08:33.002,1.05947,1.05948,1.50,1.00
2017.03.03 19:08:33.054,1.05947,1.0595,5.62,1.00
2017.03.03 19:08:33.207,1.05946,1.05949,1.00,1.00
2017.03.03 19:08:33.309,1.05944,1.05947,9.75,1.00
2017.03.03 19:08:33.361,1.05944,1.05947,4.87,1.00
2017.03.03 19:08:34.425,1.05944,1.05949,2.25,3.00
2017.03.03 19:08:35.467,1.05944,1.05949,5.66,3.94
2017.03.03 19:08:35.585,1.05944,1.05946,3.19,2.81
2017.03.03 19:08:35.637,1.0594,1.05945,2.25,1.50
2017.03.03 19:08:35.790,1.05942,1.05945,2.25,1.00
2017.03.03 19:08:35.943,1.05943,1.05949,1.87,3.94
2017.03.03 19:08:36.046,1.05943,1.05949,5.62,2.81
2017.03.03 19:08:36.451,1.05947,1.05949,3.84,1.00
2017.03.03 19:08:36.553,1.05948,1.05951,3.00,5.44
2017.03.03 19:08:36.706,1.05946,1.0595,1.75,2.81
2017.03.03 19:08:36.757,1.05947,1.05949,1.00,1.31
2017.03.03 19:08:36.901,1.05947,1.05952,7.27,2.81
2017.03.03 19:08:37.104,1.05946,1.05951,3.00,1.00
2017.03.03 19:08:37.257,1.0595,1.05953,1.00,1.87
2017.03.03 19:08:37.563,1.05946,1.0595,3.75,6.56
2017.03.03 19:08:38.069,1.05945,1.05951,1.00,5.06
2017.03.03 19:08:38.411,1.05946,1.0595,1.87,3.19
2017.03.03 19:08:38.867,1.05948,1.05952,1.15,6.00
2017.03.03 19:08:38.970,1.0595,1.05954,1.65,3.37
2017.03.03 19:08:39.518,1.0595,1.05953,1.57,2.62
2017.03.03 19:08:39.749,1.05948,1.05953,1.65,2.25
2017.03.03 19:08:40.002,1.05947,1.0595,2.77,1.00
2017.03.03 19:08:40.155,1.05946,1.0595,1.00,4.50
2017.03.03 19:08:41.125,1.05947,1.0595,2.25,3.75
2017.03.03 19:08:41.337,1.05949,1.05953,4.27,1.00
2017.03.03 19:08:41.693,1.0595,1.05953,1.00,1.87
2017.03.03 19:08:41.846,1.05946,1.0595,1.00,3.19
2017.03.03 19:08:42.353,1.05945,1.0595,1.00,3.94
2017.03.03 19:08:42.750,1.05944,1.05945,3.67,1.00
2017.03.03 19:08:42.953,1.05937,1.05942,9.94,1.87
2017.03.03 19:08:43.004,1.0594,1.05942,1.00,1.00
2017.03.03 19:08:43.157,1.0594,1.05944,1.00,3.19
2017.03.03 19:08:43.512,1.05941,1.05943,1.19,1.50
2017.03.03 19:08:43.665,1.05953,1.05957,1.00,1.00
2017.03.03 19:08:43.798,1.05954,1.05955,8.25,1.00
2017.03.03 19:08:43.849,1.05954,1.05957,12.75,3.37
2017.03.03 19:08:44.154,1.05954,1.05959,12.75,5.06
2017.03.03 19:08:44.357,1.05958,1.05959,5.81,3.75
2017.03.03 19:08:44.510,1.05963,1.05965,1.50,1.00
2017.03.03 19:08:44.561,1.05964,1.05969,1.12,2.06
2017.03.03 19:08:44.612,1.05967,1.05969,2.25,1.37
2017.03.03 19:08:44.663,1.05965,1.05969,3.94,3.37
2017.03.03 19:08:44.715,1.05967,1.05969,1.50,1.50
2017.03.03 19:08:45.049,1.0596,1.05964,1.87,1.12
2017.03.03 19:08:45.150,1.05959,1.05964,4.87,1.12
2017.03.03 19:08:45.656,1.0596,1.05964,2.21,1.00
2017.03.03 19:08:46.163,1.0596,1.05965,1.00,5.06
2017.03.03 19:08:46.315,1.05963,1.05967,1.20,7.31
2017.03.03 19:08:46.864,1.05963,1.05968,1.65,4.69
2017.03.03 19:08:47.017,1.05964,1.05969,4.50,4.87
2017.03.03 19:08:47.220,1.05966,1.05968,1.00,1.00
2017.03.03 19:08:47.725,1.05968,1.0597,1.20,1.50
2017.03.03 19:08:48.011,1.05966,1.0597,1.87,1.69
2017.03.03 19:08:48.214,1.05968,1.05971,3.37,1.12
2017.03.03 19:08:48.518,1.05971,1.05974,1.00,3.00
2017.03.03 19:08:49.024,1.05971,1.05975,1.00,1.69
2017.03.03 19:08:49.378,1.05969,1.05974,5.81,1.00
2017.03.03 19:08:49.920,1.05969,1.05975,7.31,2.06
2017.03.03 19:08:50.431,1.0597,1.05974,1.12,1.00
2017.03.03 19:08:51.326,1.05969,1.05972,14.44,1.12
2017.03.03 19:08:51.632,1.05964,1.05969,1.69,3.37
2017.03.03 19:08:52.173,1.05964,1.05969,10.78,3.00
2017.03.03 19:08:52.719,1.05967,1.0597,1.00,1.00
2017.03.03 19:08:52.873,1.05967,1.05972,3.37,2.25
2017.03.03 19:08:52.925,1.05967,1.05972,2.62,1.50
2017.03.03 19:08:53.282,1.05966,1.05971,1.50,3.94
2017.03.03 19:08:53.640,1.05965,1.05969,2.25,1.00
2017.03.03 19:08:54.176,1.05964,1.0597,5.44,3.75
2017.03.03 19:08:54.531,1.05969,1.05973,1.20,2.44
2017.03.03 19:08:54.835,1.0597,1.05975,1.12,3.94
2017.03.03 19:08:55.669,1.05972,1.05975,1.37,1.69
2017.03.03 19:08:56.126,1.05971,1.05973,1.00,1.87
2017.03.03 19:08:56.178,1.05969,1.05973,1.20,4.31
2017.03.03 19:08:56.381,1.05969,1.05974,5.55,1.12
2017.03.03 19:08:56.951,1.0597,1.05976,1.37,8.44
2017.03.03 19:08:57.494,1.0597,1.05976,1.12,7.31
2017.03.03 19:08:58.265,1.05972,1.05976,1.12,4.87
2017.03.03 19:08:58.570,1.05967,1.05968,14.17,1.00
2017.03.03 19:08:58.727,1.05964,1.05967,1.00,1.12
2017.03.03 19:08:58.879,1.05962,1.05966,1.00,1.50
2017.03.03 19:08:59.429,1.05961,1.05966,1.69,1.50
2017.03.03 19:08:59.831,1.05963,1.05967,1.67,1.12
2017.03.03 19:09:00.189,1.05962,1.05966,1.00,1.00
2017.03.03 19:09:00.243,1.05961,1.05963,2.40,1.30
2017.03.03 19:09:00.395,1.05959,1.05964,3.47,6.60
2017.03.03 19:09:00.548,1.05961,1.05965,1.25,6.60
2017.03.03 19:09:00.650,1.05963,1.05966,1.12,3.00
2017.03.03 19:09:00.802,1.0596,1.05966,2.36,6.37
2017.03.03 19:09:01.716,1.0596,1.05965,3.86,1.00
2017.03.03 19:09:02.224,1.0596,1.05965,2.17,1.25
2017.03.03 19:09:02.452,1.05963,1.05965,1.50,1.50
2017.03.03 19:09:02.606,1.05971,1.05973,2.44,1.00
2017.03.03 19:09:02.708,1.05972,1.05976,7.97,1.50
2017.03.03 19:09:02.759,1.05972,1.05978,7.49,1.69
2017.03.03 19:09:03.737,1.05972,1.05977,6.37,1.12
2017.03.03 19:09:03.788,1.05972,1.05978,6.37,8.44
2017.03.03 19:09:03.889,1.05972,1.05976,4.50,1.00
2017.03.03 19:09:03.940,1.05972,1.05978,6.37,3.94
2017.03.03 19:09:03.991,1.05972,1.05978,6.74,2.81
2017.03.03 19:09:04.143,1.05975,1.05979,2.25,4.12
2017.03.03 19:09:04.438,1.05978,1.05984,3.75,1.00
2017.03.03 19:09:04.946,1.05978,1.05983,3.74,1.50
2017.03.03 19:09:04.997,1.05978,1.05981,1.50,1.31
2017.03.03 19:09:05.302,1.05979,1.05983,4.87,1.00
2017.03.03 19:09:05.717,1.0598,1.05985,2.25,3.37
2017.03.03 19:09:06.427,1.05984,1.05986,1.50,1.50
2017.03.03 19:09:06.732,1.05988,1.05991,4.11,2.62
2017.03.03 19:09:06.935,1.05985,1.0599,3.94,1.12
2017.03.03 19:09:07.239,1.05986,1.0599,1.19,2.62
2017.03.03 19:09:07.753,1.05987,1.05991,2.81,10.87
2017.03.03 19:09:08.262,1.05986,1.05991,2.81,3.00
2017.03.03 19:09:08.774,1.05989,1.05991,2.06,1.50
2017.03.03 19:09:08.825,1.0599,1.05993,1.00,3.00
2017.03.03 19:09:08.978,1.0599,1.05991,1.00,2.25
2017.03.03 19:09:09.484,1.05989,1.05992,5.06,1.00
2017.03.03 19:09:10.211,1.05989,1.05993,4.31,1.50
2017.03.03 19:09:10.622,1.05991,1.05994,1.12,1.25
2017.03.03 19:09:10.877,1.05994,1.05999,3.75,5.44
2017.03.03 19:09:11.235,1.05993,1.05997,5.62,1.00
2017.03.03 19:09:11.770,1.05992,1.05994,1.00,1.00
2017.03.03 19:09:12.228,1.0599,1.05993,1.12,1.00
2017.03.03 19:09:12.848,1.05989,1.05993,2.25,1.87
2017.03.03 19:09:12.900,1.05988,1.05989,5.44,1.00
2017.03.03 19:09:12.952,1.05987,1.05988,2.25,1.50
2017.03.03 19:09:13.055,1.05985,1.05986,1.87,1.00
2017.03.03 19:09:13.184,1.05984,1.05986,3.19,1.50
2017.03.03 19:09:13.309,1.05982,1.05986,1.87,3.37
2017.03.03 19:09:13.716,1.05978,1.05984,3.66,2.25
2017.03.03 19:09:13.818,1.0598,1.05984,1.50,4.12
2017.03.03 19:09:14.125,1.05983,1.05987,1.87,4.87
2017.03.03 19:09:14.280,1.05985,1.05987,1.12,2.62
2017.03.03 19:09:14.382,1.05985,1.05989,1.12,1.31
2017.03.03 19:09:14.535,1.05986,1.05989,1.75,1.25
2017.03.03 19:09:14.738,1.05989,1.05991,2.25,3.00
2017.03.03 19:09:15.245,1.0599,1.05992,2.50,2.25
2017.03.03 19:09:15.594,1.05994,1.05997,1.00,3.19
2017.03.03 19:09:15.697,1.05991,1.05994,10.50,1.12
2017.03.03 19:09:15.799,1.0599,1.05992,1.00,1.00
2017.03.03 19:09:16.312,1.0599,1.05992,2.50,1.50
2017.03.03 19:09:16.827,1.05991,1.05993,1.00,2.44
2017.03.03 19:09:17.842,1.05992,1.05995,1.00,1.00
2017.03.03 19:09:18.100,1.05994,1.05997,1.12,1.00
2017.03.03 19:09:18.608,1.05995,1.05998,1.00,2.51
2017.03.03 19:09:19.184,1.05994,1.05998,4.12,1.01
2017.03.03 19:09:19.661,1.05993,1.05995,4.50,2.44
2017.03.03 19:09:19.815,1.05991,1.05994,2.25,1.62
2017.03.03 19:09:19.968,1.0599,1.05993,1.50,1.69
2017.03.03 19:09:20.375,1.0599,1.05994,1.50,3.56
2017.03.03 19:09:20.426,1.0599,1.05993,3.00,1.37
2017.03.03 19:09:20.722,1.05991,1.05994,1.50,3.19
2017.03.03 19:09:21.397,1.05993,1.05994,1.00,1.00
2017.03.03 19:09:21.499,1.05995,1.05997,1.12,1.00
2017.03.03 19:09:22.005,1.05995,1.05998,1.50,1.69
2017.03.03 19:09:22.528,1.05994,1.05998,3.00,2.44
2017.03.03 19:09:23.035,1.05995,1.05998,1.50,2.44
2017.03.03 19:09:23.491,1.05997,1.05999,1.00,3.00
2017.03.03 19:09:23.644,1.05998,1.06,1.00,2.81
2017.03.03 19:09:24.171,1.05995,1.05997,3.00,3.19
2017.03.03 19:09:24.222,1.05995,1.05997,3.00,2.81
2017.03.03 19:09:24.730,1.05995,1.05999,1.00,4.69
2017.03.03 19:09:25.237,1.05995,1.05999,2.25,2.81
2017.03.03 19:09:26.149,1.05999,1.06001,9.16,6.00
2017.03.03 19:09:26.353,1.05999,1.06002,2.25,1.50
2017.03.03 19:09:26.662,1.05997,1.05998,1.12,1.00
2017.03.03 19:09:26.815,1.05996,1.05998,1.00,1.50
2017.03.03 19:09:27.271,1.05994,1.05998,2.25,1.00
2017.03.03 19:09:27.785,1.05996,1.06,1.65,3.94
2017.03.03 19:09:28.288,1.05996,1.06,1.50,4.69
2017.03.03 19:09:29.276,1.05995,1.06,3.00,5.44
2017.03.03 19:09:29.811,1.05995,1.05999,3.00,1.00
2017.03.03 19:09:30.579,1.05996,1.06,1.50,8.44
2017.03.03 19:09:31.091,1.05995,1.06,2.25,9.19
2017.03.03 19:09:32.054,1.05995,1.05999,2.25,1.00
2017.03.03 19:09:34.524,1.05995,1.05996,1.00,1.00
2017.03.03 19:09:34.677,1.05992,1.05995,1.00,1.31
2017.03.03 19:09:35.183,1.05991,1.05995,1.00,1.31
2017.03.03 19:09:35.668,1.0599,1.05992,2.25,1.00
2017.03.03 19:09:35.719,1.0599,1.05994,1.50,1.00
2017.03.03 19:09:35.771,1.0599,1.05992,2.25,1.00
2017.03.03 19:09:35.874,1.0599,1.05994,1.00,1.00
2017.03.03 19:09:35.925,1.05992,1.05994,1.00,1.00
2017.03.03 19:09:35.978,1.05994,1.05996,1.00,3.00
2017.03.03 19:09:36.079,1.05994,1.05998,1.50,2.44
2017.03.03 19:09:36.878,1.05994,1.05996,2.25,3.37
2017.03.03 19:09:36.929,1.0599,1.05996,1.87,7.87
2017.03.03 19:09:37.031,1.05992,1.05996,1.50,1.87
2017.03.03 19:09:37.184,1.05995,1.05999,1.50,1.00
2017.03.03 19:09:38.180,1.05995,1.05999,1.50,1.50
2017.03.03 19:09:38.850,1.05995,1.05997,1.00,2.62
2017.03.03 19:09:38.905,1.05993,1.05994,1.50,1.00
2017.03.03 19:09:39.006,1.05991,1.05994,1.00,1.50
2017.03.03 19:09:39.311,1.05989,1.05991,2.25,1.00
2017.03.03 19:09:39.465,1.05988,1.0599,1.00,1.00
2017.03.03 19:09:39.822,1.05986,1.0599,2.40,1.50
2017.03.03 19:09:40.331,1.05985,1.05989,1.87,1.00
2017.03.03 19:09:40.838,1.05984,1.05989,9.19,1.50
2017.03.03 19:09:41.344,1.05984,1.0599,9.94,7.65
2017.03.03 19:09:41.897,1.05984,1.05988,4.12,1.50
2017.03.03 19:09:42.405,1.05984,1.05989,4.12,6.37
2017.03.03 19:09:42.710,1.05982,1.05986,7.12,1.25
2017.03.03 19:09:43.237,1.05984,1.05986,2.25,1.00
2017.03.03 19:09:43.288,1.05984,1.05987,2.81,1.00
2017.03.03 19:09:43.390,1.05984,1.05989,1.78,1.50
2017.03.03 19:09:43.896,1.05985,1.05989,1.00,3.00
2017.03.03 19:09:44.048,1.05985,1.05986,1.00,1.50
2017.03.03 19:09:44.201,1.05984,1.05989,1.59,3.56
2017.03.03 19:09:45.248,1.05988,1.0599,2.62,2.62
2017.03.03 19:09:45.350,1.05989,1.05991,1.50,1.00
2017.03.03 19:09:45.401,1.05989,1.05994,1.00,3.37
2017.03.03 19:09:45.655,1.05987,1.05992,7.31,1.50
2017.03.03 19:09:45.757,1.05989,1.05994,1.00,3.94
2017.03.03 19:09:45.808,1.05989,1.05991,1.00,1.00
2017.03.03 19:09:45.910,1.05988,1.05994,5.62,3.56
2017.03.03 19:09:46.443,1.05989,1.05993,1.00,1.00
2017.03.03 19:09:46.808,1.05987,1.05991,1.25,1.00
2017.03.03 19:09:47.315,1.05985,1.05991,3.75,7.69
2017.03.03 19:09:47.731,1.05989,1.05991,1.50,1.50
2017.03.03 19:09:47.832,1.05989,1.05993,1.00,1.00
2017.03.03 19:09:48.165,1.05992,1.05993,1.00,1.00
2017.03.03 19:09:48.216,1.05993,1.05995,1.50,7.50
2017.03.03 19:09:48.370,1.05991,1.05996,1.25,2.25
2017.03.03 19:09:48.878,1.05991,1.05995,2.44,1.12
2017.03.03 19:09:49.776,1.05993,1.05995,1.00,2.25
2017.03.03 19:09:50.080,1.05994,1.05996,1.50,1.50
2017.03.03 19:09:50.232,1.05995,1.05998,1.35,1.00
2017.03.03 19:09:50.283,1.05995,1.05997,1.12,1.00
2017.03.03 19:09:50.385,1.05992,1.05996,11.62,1.00
2017.03.03 19:09:50.930,1.05991,1.05995,3.19,1.00
2017.03.03 19:09:50.981,1.05991,1.05995,3.19,1.00
2017.03.03 19:09:51.589,1.0599,1.05995,1.00,4.12
2017.03.03 19:09:52.098,1.0599,1.05994,1.00,3.75
2017.03.03 19:09:52.307,1.05992,1.05996,1.50,12.37
2017.03.03 19:09:52.867,1.05993,1.05995,1.00,1.00
2017.03.03 19:09:53.071,1.05995,1.05999,1.87,4.12
2017.03.03 19:09:53.574,1.05995,1.05999,5.40,3.75
2017.03.03 19:09:54.039,1.05995,1.05997,3.90,1.00
2017.03.03 19:09:54.543,1.05994,1.05996,1.59,2.25
2017.03.03 19:09:55.369,1.05993,1.05996,7.12,2.25
2017.03.03 19:09:55.907,1.05992,1.05996,7.65,2.25
2017.03.03 19:09:56.211,1.05994,1.05996,2.62,2.25
2017.03.03 19:09:56.616,1.05993,1.05996,8.34,2.25
2017.03.03 19:09:58.263,1.05994,1.05996,1.50,3.00
2017.03.03 19:09:58.847,1.05994,1.05996,2.10,3.00
2017.03.03 19:09:59.379,1.05993,1.05996,8.34,3.00
2017.03.03 19:09:59.734,1.05991,1.05996,1.31,5.25
2017.03.03 19:10:00.040,1.05993,1.05996,1.87,3.00
2017.03.03 19:10:00.548,1.05994,1.05996,1.05,1.50
2017.03.03 19:10:01.139,1.05993,1.05995,1.00,1.50
2017.03.03 19:10:01.929,1.05994,1.05995,1.00,1.50
2017.03.03 19:10:02.132,1.05992,1.05995,4.50,1.50
2017.03.03 19:10:02.639,1.05991,1.05995,2.10,1.50
2017.03.03 19:10:02.832,1.05991,1.05993,1.35,1.00
2017.03.03 19:10:03.173,1.05989,1.05991,1.00,1.00
2017.03.03 19:10:03.680,1.05989,1.05992,4.09,1.00
2017.03.03 19:10:04.488,1.05989,1.05992,3.00,1.00
2017.03.03 19:10:05.034,1.05988,1.05991,3.37,1.00
2017.03.03 19:10:05.440,1.05986,1.05989,1.00,1.00
2017.03.03 19:10:05.694,1.05984,1.05988,1.50,1.50
2017.03.03 19:10:06.027,1.05986,1.05988,1.00,1.50
2017.03.03 19:10:06.131,1.05988,1.0599,1.00,3.00
2017.03.03 19:10:06.591,1.05986,1.05989,1.00,1.50
2017.03.03 19:10:07.103,1.05985,1.05989,4.09,1.00
2017.03.03 19:10:07.154,1.05987,1.0599,4.12,1.00
2017.03.03 19:10:07.458,1.05985,1.05988,1.50,1.50
2017.03.03 19:10:08.472,1.05984,1.05986,2.14,1.00
2017.03.03 19:10:08.685,1.05982,1.05985,6.52,1.00
2017.03.03 19:10:09.215,1.05983,1.05985,2.25,1.00
2017.03.03 19:10:09.723,1.05982,1.05984,1.00,1.00
2017.03.03 19:10:09.927,1.05979,1.05982,2.29,1.00
2017.03.03 19:10:10.247,1.05988,1.0599,1.00,3.75
2017.03.03 19:10:10.298,1.05987,1.0599,1.87,1.37
2017.03.03 19:10:10.349,1.05985,1.05988,1.37,1.37
2017.03.03 19:10:10.400,1.05985,1.05988,1.00,1.25
2017.03.03 19:10:10.451,1.05983,1.05988,1.12,1.25
2017.03.03 19:10:10.958,1.05983,1.05989,3.26,4.31
2017.03.03 19:10:11.213,1.05983,1.05986,2.51,1.50
2017.03.03 19:10:12.639,1.05983,1.05985,1.50,1.00
2017.03.03 19:10:13.096,1.05978,1.05984,7.91,1.25
2017.03.03 19:10:13.198,1.05978,1.05982,4.12,1.00
2017.03.03 19:10:13.249,1.05978,1.0598,3.37,1.00
2017.03.03 19:10:13.756,1.05979,1.05983,6.56,1.50
2017.03.03 19:10:14.265,1.0598,1.05983,1.00,1.50
2017.03.03 19:10:14.781,1.05981,1.05983,1.00,1.50
2017.03.03 19:10:15.239,1.05983,1.05985,2.34,1.00
2017.03.03 19:10:15.697,1.05981,1.05985,1.00,1.25
2017.03.03 19:10:16.240,1.05982,1.05984,1.00,1.12
2017.03.03 19:10:16.342,1.0598,1.05982,1.22,1.00
2017.03.03 19:10:16.393,1.0598,1.05982,1.00,1.25
2017.03.03 19:10:16.495,1.05978,1.05982,4.12,1.31
2017.03.03 19:10:17.706,1.05986,1.05987,3.00,10.50
2017.03.03 19:10:17.835,1.05988,1.05991,1.50,3.37
2017.03.03 19:10:17.886,1.05988,1.05989,1.00,1.00
2017.03.03 19:10:18.039,1.05983,1.05988,4.87,2.44
2017.03.03 19:10:18.141,1.05983,1.05987,1.00,1.19
2017.03.03 19:10:18.294,1.05982,1.05984,2.25,1.31
2017.03.03 19:10:18.446,1.0598,1.05982,1.50,1.87
2017.03.03 19:10:18.497,1.05978,1.05982,3.47,1.87
2017.03.03 19:10:19.004,1.05978,1.05981,3.47,3.37
2017.03.03 19:10:19.464,1.05978,1.05979,1.00,1.00
2017.03.03 19:10:19.667,1.05971,1.05972,1.12,1.00
2017.03.03 19:10:19.820,1.05972,1.05974,4.50,1.25
2017.03.03 19:10:19.972,1.0597,1.05974,1.00,1.62
2017.03.03 19:10:20.799,1.0597,1.05974,1.10,1.31
2017.03.03 19:10:21.303,1.05969,1.05973,3.45,1.00
2017.03.03 19:10:21.820,1.05969,1.05973,4.12,1.12
2017.03.03 19:10:22.351,1.05969,1.05973,1.95,1.00
2017.03.03 19:10:22.669,1.05969,1.05971,2.70,1.00
2017.03.03 19:10:22.773,1.05965,1.05967,6.37,1.69
2017.03.03 19:10:22.927,1.05964,1.05966,1.00,1.12
2017.03.03 19:10:22.978,1.05963,1.05968,9.84,2.25
2017.03.03 19:10:23.485,1.05963,1.05967,6.73,1.12
2017.03.03 19:10:23.939,1.05963,1.05966,3.45,1.62
2017.03.03 19:10:24.446,1.05963,1.05967,3.19,1.19
2017.03.03 19:10:25.172,1.05963,1.05965,1.00,1.31
2017.03.03 19:10:25.480,1.05963,1.05966,2.62,3.19
2017.03.03 19:10:25.532,1.05966,1.05967,1.00,3.00
2017.03.03 19:10:25.840,1.05961,1.05964,3.00,1.50
2017.03.03 19:10:25.942,1.05959,1.05963,1.30,1.31
2017.03.03 19:10:26.449,1.05958,1.05962,6.04,1.87
2017.03.03 19:10:26.706,1.05963,1.05964,2.25,4.69
2017.03.03 19:10:26.909,1.05966,1.05969,3.00,1.12
2017.03.03 19:10:27.011,1.05968,1.0597,1.00,2.62
2017.03.03 19:10:27.165,1.05972,1.05974,1.50,2.70
2017.03.03 19:10:27.750,1.05971,1.05975,1.00,3.56
2017.03.03 19:10:28.157,1.0597,1.05972,1.20,1.00
2017.03.03 19:10:28.564,1.05968,1.05972,3.00,1.25
2017.03.03 19:10:28.869,1.0597,1.05973,1.00,1.00
2017.03.03 19:10:29.399,1.0597,1.05975,1.00,8.06
2017.03.03 19:10:29.933,1.05971,1.05975,1.00,8.06
2017.03.03 19:10:30.263,1.05968,1.05971,2.40,2.25
2017.03.03 19:10:30.774,1.05969,1.05973,3.82,1.69
2017.03.03 19:10:31.284,1.05968,1.05973,6.56,1.69
2017.03.03 19:10:31.775,1.05969,1.05973,2.32,2.06
2017.03.03 19:10:32.385,1.05968,1.0597,1.95,1.00
2017.03.03 19:10:32.437,1.05968,1.0597,1.00,1.00
2017.03.03 19:10:32.944,1.05968,1.05971,9.37,1.00
2017.03.03 19:10:35.378,1.05968,1.05972,8.81,1.25
2017.03.03 19:10:36.579,1.05974,1.05976,1.00,18.94
2017.03.03 19:10:36.732,1.05977,1.05979,2.62,2.25
2017.03.03 19:10:36.783,1.05978,1.0598,1.12,5.25
2017.03.03 19:10:37.029,1.05979,1.05982,1.12,1.00
2017.03.03 19:10:37.486,1.05978,1.0598,2.62,1.00
2017.03.03 19:10:38.004,1.05978,1.05981,3.75,1.50
2017.03.03 19:10:39.232,1.05977,1.0598,8.62,1.00
2017.03.03 19:10:39.385,1.05976,1.0598,1.00,4.69
2017.03.03 19:10:39.792,1.05975,1.05978,1.00,1.00
2017.03.03 19:10:40.307,1.05974,1.05979,2.25,1.12
2017.03.03 19:10:40.672,1.05977,1.05979,2.25,2.25
2017.03.03 19:10:40.876,1.05974,1.05978,2.25,1.00
2017.03.03 19:10:41.399,1.05974,1.05979,3.00,3.37
2017.03.03 19:10:42.623,1.05976,1.0598,1.50,4.69
2017.03.03 19:10:42.929,1.05978,1.05982,3.09,1.25
2017.03.03 19:10:43.814,1.05978,1.05982,1.97,1.25
2017.03.03 19:10:44.431,1.05978,1.05981,2.72,2.25
2017.03.03 19:10:44.972,1.05978,1.05981,2.62,1.50
2017.03.03 19:10:45.379,1.05977,1.05978,2.25,1.31
2017.03.03 19:10:45.584,1.05969,1.0597,2.44,1.12
2017.03.03 19:10:45.788,1.05967,1.05969,2.62,1.25
2017.03.03 19:10:46.624,1.05966,1.05967,1.50,1.00
2017.03.03 19:10:46.726,1.05965,1.05967,1.00,1.00
2017.03.03 19:10:47.034,1.05965,1.05969,1.00,2.44
2017.03.03 19:10:47.583,1.05963,1.05968,9.94,1.00
2017.03.03 19:10:47.888,1.0597,1.05971,1.50,3.37
2017.03.03 19:10:48.194,1.05974,1.05976,1.50,1.62
2017.03.03 19:10:48.246,1.05975,1.05976,1.50,1.00
2017.03.03 19:10:48.297,1.05973,1.05975,2.62,1.12
2017.03.03 19:10:48.348,1.05974,1.05977,1.87,1.50
2017.03.03 19:10:48.527,1.05978,1.0598,1.00,4.50
2017.03.03 19:10:48.579,1.05979,1.05981,1.00,1.12
2017.03.03 19:10:48.885,1.0598,1.05983,1.00,1.69
2017.03.03 19:10:49.191,1.05984,1.05985,1.00,5.62
2017.03.03 19:10:49.541,1.05993,1.05994,1.50,1.25
2017.03.03 19:10:49.644,1.05993,1.05996,1.00,4.50
2017.03.03 19:10:49.695,1.05992,1.05996,6.00,4.69
2017.03.03 19:10:49.747,1.05992,1.05996,6.00,2.25
2017.03.03 19:10:50.256,1.05992,1.05997,3.00,5.06
2017.03.03 19:10:50.308,1.05993,1.05997,2.25,2.81
2017.03.03 19:10:50.649,1.05995,1.05997,1.00,1.69
2017.03.03 19:10:50.954,1.05998,1.06,2.50,1.87
2017.03.03 19:10:51.157,1.06,1.06002,1.50,3.00
2017.03.03 19:10:51.310,1.06001,1.06005,1.00,5.44
2017.03.03 19:10:51.549,1.06002,1.06004,1.00,2.44
2017.03.03 19:10:52.068,1.06001,1.06003,1.00,2.44
2017.03.03 19:10:52.663,1.06002,1.06004,1.00,3.19
2017.03.03 19:10:52.867,1.06002,1.06005,1.00,1.50
2017.03.03 19:10:53.389,1.06002,1.06005,1.00,1.12
2017.03.03 19:10:53.745,1.05999,1.06001,10.12,2.10
2017.03.03 19:10:53.848,1.06,1.06002,7.69,2.10
2017.03.03 19:10:53.899,1.05988,1.05989,9.75,1.25
2017.03.03 19:10:54.043,1.05986,1.05988,3.75,1.87
2017.03.03 19:10:54.144,1.05985,1.05986,1.00,1.00
2017.03.03 19:10:54.246,1.05981,1.05982,1.12,1.50
2017.03.03 19:10:54.398,1.05977,1.05979,1.50,1.31
2017.03.03 19:10:54.451,1.05976,1.05978,2.62,1.19
2017.03.03 19:10:54.604,1.05974,1.05978,1.50,2.44
2017.03.03 19:10:54.808,1.05972,1.05976,1.16,1.50
2017.03.03 19:10:54.859,1.05974,1.05976,1.00,1.00
2017.03.03 19:10:55.262,1.05972,1.05975,1.69,1.69
2017.03.03 19:10:55.314,1.0597,1.05973,3.37,1.00
2017.03.03 19:10:55.415,1.05968,1.05972,1.00,1.12
2017.03.03 19:10:55.517,1.05966,1.05969,2.25,1.19
2017.03.03 19:10:55.619,1.05964,1.05969,2.25,2.44
2017.03.03 19:10:55.772,1.05966,1.05969,1.00,2.44
2017.03.03 19:10:56.077,1.05968,1.0597,1.00,1.50
2017.03.03 19:10:56.128,1.05969,1.05971,1.25,1.00
2017.03.03 19:10:56.262,1.05969,1.05973,1.25,1.31
2017.03.03 19:10:56.718,1.05972,1.05975,1.00,3.75
2017.03.03 19:10:56.921,1.05973,1.05977,1.00,1.69
2017.03.03 19:10:57.074,1.05971,1.05974,1.91,1.19
2017.03.03 19:10:57.328,1.05971,1.05976,1.00,1.69
2017.03.03 19:10:57.673,1.05967,1.0597,3.00,3.19
2017.03.03 19:10:57.724,1.05967,1.05969,1.00,1.69
2017.03.03 19:10:57.775,1.05965,1.05969,1.00,1.19
2017.03.03 19:10:59.128,1.05969,1.05971,1.00,1.50
2017.03.03 19:10:59.319,1.05971,1.05976,1.00,4.69
2017.03.03 19:11:00.003,1.0597,1.05975,1.25,1.19
2017.03.03 19:11:00.106,1.05972,1.05976,1.00,6.94
2017.03.03 19:11:00.361,1.05976,1.05981,1.00,1.31
2017.03.03 19:11:00.928,1.05976,1.0598,1.50,1.50
2017.03.03 19:11:00.981,1.05976,1.05977,1.00,1.00
2017.03.03 19:11:01.033,1.05973,1.05977,1.50,2.44
2017.03.03 19:11:01.338,1.05975,1.05979,1.50,1.69
2017.03.03 19:11:01.694,1.05972,1.05974,4.50,3.25
2017.03.03 19:11:01.898,1.0597,1.05971,1.50,1.00
2017.03.03 19:11:01.949,1.05967,1.05972,1.00,9.37
2017.03.03 19:11:02.051,1.05965,1.05972,1.31,13.50
2017.03.03 19:11:03.230,1.05967,1.05972,7.50,2.44
2017.03.03 19:11:03.531,1.05969,1.05975,6.30,1.69
2017.03.03 19:11:03.837,1.05967,1.05971,1.00,1.50
2017.03.03 19:11:03.940,1.05965,1.05972,7.31,8.06
2017.03.03 19:11:05.322,1.05965,1.0597,1.39,1.00
2017.03.03 19:11:05.831,1.05966,1.05969,1.00,1.00
2017.03.03 19:11:06.560,1.05967,1.05969,1.00,1.00
2017.03.03 19:11:07.111,1.05966,1.05969,1.00,1.00
2017.03.03 19:11:07.474,1.05964,1.05969,1.50,1.00
2017.03.03 19:11:07.952,1.05968,1.05969,2.44,1.00
2017.03.03 19:11:08.105,1.0597,1.05972,1.00,1.00
2017.03.03 19:11:08.157,1.0597,1.05974,1.00,1.25
2017.03.03 19:11:08.209,1.05968,1.05974,3.75,1.69
2017.03.03 19:11:09.086,1.05968,1.05973,2.25,1.00
2017.03.03 19:11:09.188,1.05966,1.05972,7.50,1.69
2017.03.03 19:11:09.593,1.05968,1.05971,1.50,1.00
2017.03.03 19:11:10.135,1.05968,1.05973,1.00,4.31
2017.03.03 19:11:11.130,1.05966,1.05972,3.37,3.19
2017.03.03 19:11:11.636,1.05966,1.05971,1.00,2.25
2017.03.03 19:11:11.782,1.05969,1.05973,1.00,8.89
2017.03.03 19:11:12.022,1.05969,1.05974,1.50,3.19
2017.03.03 19:11:12.781,1.05972,1.05975,1.00,5.06
2017.03.03 19:11:13.036,1.05974,1.05977,1.00,3.00
2017.03.03 19:11:13.188,1.05974,1.0598,3.75,4.31
2017.03.03 19:11:13.748,1.05974,1.0598,6.94,2.44
2017.03.03 19:11:14.344,1.05973,1.0598,12.75,2.06
2017.03.03 19:11:14.860,1.05974,1.0598,12.94,1.87
2017.03.03 19:11:15.563,1.05974,1.0598,3.56,2.25
2017.03.03 19:11:16.276,1.05973,1.05978,2.25,4.69
2017.03.03 19:11:16.377,1.05972,1.05976,1.50,2.25
2017.03.03 19:11:16.581,1.05974,1.0598,2.25,10.87
2017.03.03 19:11:16.682,1.05979,1.0598,1.00,1.00
2017.03.03 19:11:16.784,1.05979,1.05981,5.32,1.00
2017.03.03 19:11:16.886,1.05979,1.05986,4.31,7.24
2017.03.03 19:11:16.988,1.05981,1.05987,1.50,8.44
2017.03.03 19:11:20.413,1.05984,1.05987,2.25,4.50
2017.03.03 19:11:20.565,1.05985,1.0599,1.00,2.25
2017.03.03 19:11:21.130,1.05985,1.05991,2.25,3.19
2017.03.03 19:11:21.789,1.05986,1.05991,1.00,2.44
2017.03.03 19:11:22.884,1.05985,1.05991,2.25,3.19
2017.03.03 19:11:23.210,1.05987,1.0599,3.37,1.00
2017.03.03 19:11:23.530,1.05989,1.05993,1.00,1.00
2017.03.03 19:11:23.582,1.05987,1.05993,5.25,1.50
2017.03.03 19:11:24.203,1.05987,1.05991,3.37,1.00
2017.03.03 19:11:24.710,1.05987,1.05991,3.56,2.25
2017.03.03 19:11:25.624,1.05987,1.0599,2.25,1.00
2017.03.03 19:11:25.928,1.05989,1.05992,2.25,3.00
2017.03.03 19:11:26.030,1.05987,1.05991,1.00,1.00
2017.03.03 19:11:26.576,1.05987,1.05992,1.00,3.75
2017.03.03 19:11:26.630,1.05986,1.05989,1.50,2.25
2017.03.03 19:11:27.131,1.05986,1.05989,4.87,1.00
2017.03.03 19:11:27.811,1.05986,1.05991,1.39,6.75
2017.03.03 19:11:27.912,1.05985,1.0599,1.00,1.31
2017.03.03 19:11:28.256,1.05987,1.05991,1.37,2.25
2017.03.03 19:11:28.459,1.05985,1.05991,2.25,5.06
2017.03.03 19:11:29.010,1.05984,1.05991,3.75,8.81
2017.03.03 19:11:29.543,1.05985,1.05989,1.00,1.05
2017.03.03 19:11:29.645,1.05983,1.05987,5.46,1.00
2017.03.03 19:11:29.904,1.05985,1.05989,1.12,1.54
2017.03.03 19:11:30.412,1.05985,1.05989,3.49,1.54
2017.03.03 19:11:30.673,1.05988,1.05989,1.00,1.54
2017.03.03 19:11:30.836,1.05988,1.05991,1.50,2.81
2017.03.03 19:11:30.888,1.05988,1.0599,1.50,1.00
2017.03.03 19:11:30.941,1.05989,1.05991,1.00,3.75
2017.03.03 19:11:31.096,1.0599,1.05994,1.00,1.25
2017.03.03 19:11:31.604,1.05991,1.05994,1.00,1.25
2017.03.03 19:11:31.707,1.05992,1.05995,2.62,1.87
2017.03.03 19:11:31.809,1.05994,1.05997,1.00,2.06
2017.03.03 19:11:32.311,1.05996,1.06,1.12,3.75
2017.03.03 19:11:32.414,1.05994,1.06,1.12,1.50
2017.03.03 19:11:32.921,1.05994,1.06,4.57,1.12
2017.03.03 19:11:34.004,1.05999,1.06001,1.00,3.90
2017.03.03 19:11:34.107,1.06,1.06002,1.00,2.25
2017.03.03 19:11:34.361,1.05998,1.06001,1.00,3.19
2017.03.03 19:11:34.463,1.05996,1.06,1.00,1.00
2017.03.03 19:11:35.403,1.05995,1.06,3.37,1.09
2017.03.03 19:11:35.505,1.05998,1.06,1.00,1.09
2017.03.03 19:11:36.013,1.05998,1.06001,1.00,1.69
2017.03.03 19:11:37.012,1.05998,1.06001,1.00,5.02
2017.03.03 19:11:37.518,1.05993,1.05995,9.90,2.50
2017.03.03 19:11:37.723,1.05988,1.05991,1.50,2.44
2017.03.03 19:11:37.926,1.0599,1.05991,1.00,1.50
2017.03.03 19:11:38.130,1.05991,1.05993,1.00,2.44
2017.03.03 19:11:38.232,1.05992,1.05996,1.87,1.00
2017.03.03 19:11:38.379,1.05996,1.05997,1.12,2.62
2017.03.03 19:11:38.430,1.05996,1.05999,1.00,1.00
2017.03.03 19:11:38.532,1.05998,1.06,1.00,1.25
2017.03.03 19:11:38.825,1.05996,1.05999,1.50,1.00
2017.03.03 19:11:38.977,1.05994,1.05998,1.50,1.19
2017.03.03 19:11:39.081,1.05992,1.05997,1.12,1.25
2017.03.03 19:11:39.174,1.0599,1.05996,3.94,1.00
2017.03.03 19:11:39.681,1.0599,1.05995,1.25,1.00
2017.03.03 19:11:40.041,1.0599,1.05993,1.00,1.00
2017.03.03 19:11:40.550,1.05989,1.05993,3.00,1.50
2017.03.03 19:11:41.147,1.05988,1.05993,2.25,2.06
2017.03.03 19:11:41.653,1.05987,1.05993,9.75,2.06
2017.03.03 19:11:42.170,1.05987,1.05993,7.50,2.06
2017.03.03 19:11:43.369,1.05985,1.05989,3.00,1.50
2017.03.03 19:11:43.421,1.05984,1.05988,5.62,1.00
2017.03.03 19:11:43.879,1.05983,1.05987,10.31,1.00
2017.03.03 19:11:44.770,1.05983,1.05985,4.31,2.50
2017.03.03 19:11:44.821,1.0598,1.05984,1.50,1.00
2017.03.03 19:11:45.332,1.05979,1.05984,1.87,1.50
2017.03.03 19:11:46.058,1.05979,1.05983,1.00,1.00
2017.03.03 19:11:47.726,1.0598,1.05983,1.00,1.50
2017.03.03 19:11:47.828,1.05978,1.05983,1.87,4.31
2017.03.03 19:11:47.879,1.05978,1.05981,3.75,2.50
2017.03.03 19:11:47.981,1.05979,1.05981,1.00,1.50
2017.03.03 19:11:48.168,1.0598,1.05982,1.37,1.00
2017.03.03 19:11:48.675,1.05984,1.05985,1.00,3.19
2017.03.03 19:11:48.777,1.05984,1.05987,3.37,1.00
2017.03.03 19:11:48.980,1.05982,1.05987,4.69,2.62
2017.03.03 19:11:49.031,1.05982,1.05987,2.25,4.69
2017.03.03 19:11:49.314,1.05981,1.05986,1.12,2.44
2017.03.03 19:11:51.225,1.0598,1.05984,1.50,1.00
2017.03.03 19:11:51.726,1.0598,1.05983,1.12,1.50
2017.03.03 19:11:52.438,1.0598,1.05982,1.00,1.00
2017.03.03 19:11:52.945,1.05981,1.05982,1.00,1.00
2017.03.03 19:11:53.455,1.0598,1.05982,1.00,1.50
2017.03.03 19:11:54.085,1.05978,1.05982,2.62,3.00
2017.03.03 19:11:54.187,1.05976,1.05981,1.00,2.44
2017.03.03 19:11:54.644,1.05975,1.05978,1.12,1.25
2017.03.03 19:11:55.171,1.05974,1.05977,1.00,1.00
2017.03.03 19:11:55.529,1.05975,1.05977,3.37,2.25
2017.03.03 19:11:55.580,1.05975,1.05978,4.12,1.25
2017.03.03 19:11:56.299,1.0598,1.05982,1.00,3.94
2017.03.03 19:11:56.350,1.05979,1.05982,1.50,3.00
2017.03.03 19:11:56.554,1.05977,1.05982,6.37,1.50
2017.03.03 19:11:57.161,1.05977,1.0598,1.00,1.00
2017.03.03 19:11:57.711,1.05977,1.05979,1.00,1.00
2017.03.03 19:11:58.066,1.05975,1.05978,1.12,1.50
2017.03.03 19:11:58.219,1.05974,1.05976,1.50,1.69
2017.03.03 19:11:58.320,1.05973,1.05975,1.50,1.50
2017.03.03 19:11:58.835,1.05974,1.05976,2.25,1.69
2017.03.03 19:11:58.936,1.05972,1.05976,3.00,1.00
2017.03.03 19:11:59.493,1.05972,1.05975,3.00,1.00
2017.03.03 19:12:00.036,1.05972,1.05976,1.50,2.25
2017.03.03 19:12:00.138,1.05974,1.05976,1.00,1.00
2017.03.03 19:12:00.430,1.05972,1.05975,3.37,1.00
2017.03.03 19:12:01.154,1.05972,1.05976,1.50,2.25
2017.03.03 19:12:01.689,1.05973,1.05975,1.50,1.00
2017.03.03 19:12:01.790,1.05976,1.05977,1.00,1.00
2017.03.03 19:12:02.072,1.05974,1.05978,6.37,1.69
2017.03.03 19:12:02.326,1.05974,1.05976,1.87,1.00
2017.03.03 19:12:02.580,1.05974,1.05978,3.00,1.25
2017.03.03 19:12:03.223,1.05978,1.05979,1.50,1.12
2017.03.03 19:12:03.590,1.05975,1.05978,1.50,1.00
2017.03.03 19:12:03.844,1.05977,1.05978,1.00,1.00
2017.03.03 19:12:03.946,1.05977,1.05981,4.50,2.81
2017.03.03 19:12:04.453,1.05976,1.05981,1.00,6.45
2017.03.03 19:12:05.443,1.05975,1.05978,1.50,1.00
2017.03.03 19:12:06.218,1.05975,1.05979,1.50,1.00
2017.03.03 19:12:06.554,1.05978,1.0598,1.00,1.25
2017.03.03 19:12:06.706,1.05976,1.05978,1.00,1.00
2017.03.03 19:12:07.232,1.05974,1.05975,1.50,1.00
2017.03.03 19:12:07.386,1.05972,1.05974,2.25,3.56
2017.03.03 19:12:07.437,1.0597,1.05972,1.12,1.50
2017.03.03 19:12:07.488,1.05969,1.05972,5.62,1.00
2017.03.03 19:12:07.590,1.05969,1.05971,4.50,1.87
2017.03.03 19:12:07.794,1.05965,1.05968,3.00,1.00
2017.03.03 19:12:07.997,1.05964,1.05966,3.19,1.50
2017.03.03 19:12:08.518,1.05964,1.05966,3.19,1.50
2017.03.03 19:12:09.234,1.05962,1.05966,5.25,1.25
2017.03.03 19:12:09.438,1.0596,1.05966,3.00,7.69
2017.03.03 19:12:09.960,1.05961,1.05966,1.00,8.44
2017.03.03 19:12:10.466,1.0596,1.05966,1.87,10.95
2017.03.03 19:12:10.874,1.05962,1.05966,2.25,8.81
2017.03.03 19:12:11.219,1.05964,1.05966,3.94,2.44
2017.03.03 19:12:11.847,1.05962,1.05963,1.12,1.00
2017.03.03 19:12:11.899,1.05961,1.05963,1.12,1.00
2017.03.03 19:12:12.153,1.05962,1.05964,2.62,1.37
2017.03.03 19:12:12.254,1.05964,1.05966,3.00,4.12
2017.03.03 19:12:12.525,1.05961,1.05965,2.62,3.37
2017.03.03 19:12:12.577,1.0596,1.05964,4.50,1.00
2017.03.03 19:12:12.729,1.05961,1.05966,1.00,4.50
2017.03.03 19:12:13.153,1.05964,1.05966,3.00,1.12
2017.03.03 19:12:13.547,1.05968,1.05969,1.00,1.00
2017.03.03 19:12:13.598,1.05966,1.05969,1.00,1.00
2017.03.03 19:12:13.971,1.05968,1.05971,1.00,1.50
2017.03.03 19:12:14.479,1.05969,1.05972,3.00,1.00
2017.03.03 19:12:15.189,1.05971,1.05972,1.00,1.00
2017.03.03 19:12:15.241,1.05973,1.05974,1.00,1.50
2017.03.03 19:12:15.506,1.05973,1.05976,1.00,2.25
2017.03.03 19:12:15.709,1.05971,1.05974,1.12,1.00
2017.03.03 19:12:16.420,1.0597,1.05974,1.12,2.25
2017.03.03 19:12:16.960,1.05971,1.05973,1.00,1.25
2017.03.03 19:12:19.001,1.05973,1.05974,1.00,1.00
2017.03.03 19:12:19.052,1.05973,1.05976,3.00,2.44
2017.03.03 19:12:19.559,1.05972,1.05975,2.25,1.62
2017.03.03 19:12:20.017,1.05974,1.05975,1.50,1.00
2017.03.03 19:12:20.233,1.05974,1.05978,7.12,2.81
2017.03.03 19:12:20.740,1.05975,1.05978,2.81,1.69
2017.03.03 19:12:21.045,1.05975,1.05976,1.87,1.00
2017.03.03 19:12:21.197,1.05973,1.05976,1.00,4.69
2017.03.03 19:12:21.401,1.05975,1.05976,2.25,1.00
2017.03.03 19:12:21.893,1.05975,1.05978,1.50,1.50
2017.03.03 19:12:25.871,1.05974,1.05976,4.31,2.62
2017.03.03 19:12:26.126,1.05968,1.05969,1.50,1.00
2017.03.03 19:12:26.531,1.05966,1.05969,1.00,1.00
2017.03.03 19:12:26.873,1.05965,1.05967,3.75,1.00
2017.03.03 19:12:28.548,1.05964,1.05966,7.12,1.50
2017.03.03 19:12:29.610,1.05964,1.05967,6.37,1.00
2017.03.03 19:12:31.125,1.05964,1.05968,4.87,3.00
2017.03.03 19:12:31.663,1.05964,1.05967,5.62,1.00
2017.03.03 19:12:32.065,1.05963,1.05965,3.37,2.62
2017.03.03 19:12:32.167,1.05962,1.05964,1.00,2.62
2017.03.03 19:12:32.218,1.05961,1.05964,1.50,2.25
2017.03.03 19:12:32.320,1.05959,1.05964,5.25,2.25
2017.03.03 19:12:32.833,1.0596,1.05963,1.00,1.00
2017.03.03 19:12:33.292,1.05959,1.05962,3.00,1.00
2017.03.03 19:12:33.547,1.05956,1.0596,3.37,2.62
2017.03.03 19:12:33.648,1.05958,1.0596,1.00,1.00
2017.03.03 19:12:33.837,1.05959,1.05961,3.00,2.44
2017.03.03 19:12:34.344,1.0596,1.05962,1.00,1.00
2017.03.03 19:12:34.756,1.05958,1.05961,1.00,1.50
2017.03.03 19:12:34.909,1.05956,1.05959,1.12,1.00
2017.03.03 19:12:34.960,1.05956,1.05959,1.00,1.00
2017.03.03 19:12:35.062,1.05959,1.05961,3.00,2.81
2017.03.03 19:12:35.307,1.05959,1.05963,4.50,1.00
2017.03.03 19:12:36.466,1.05963,1.05964,2.25,1.50
2017.03.03 19:12:36.518,1.05964,1.05965,1.12,1.50
2017.03.03 19:12:36.670,1.05964,1.05967,2.25,1.00
2017.03.03 19:12:37.213,1.05969,1.0597,1.00,5.25
2017.03.03 19:12:37.467,1.0597,1.05972,1.00,1.25
2017.03.03 19:12:38.014,1.05969,1.05972,2.25,1.25
2017.03.03 19:12:38.660,1.05969,1.05971,1.50,1.00
2017.03.03 19:12:38.763,1.05966,1.0597,4.87,1.00
2017.03.03 19:12:39.270,1.05966,1.05971,1.87,7.12
2017.03.03 19:12:39.782,1.05966,1.0597,1.12,2.25
2017.03.03 19:12:40.343,1.05966,1.05971,2.62,4.12
2017.03.03 19:12:40.494,1.05966,1.05969,1.87,1.00
2017.03.03 19:12:40.647,1.05966,1.05971,4.87,4.50
2017.03.03 19:12:41.170,1.05966,1.05969,1.87,1.00
2017.03.03 19:12:41.272,1.05964,1.05969,5.62,1.50
2017.03.03 19:12:41.823,1.05965,1.05969,1.00,1.00
2017.03.03 19:12:42.420,1.05965,1.0597,1.50,4.69
2017.03.03 19:12:42.965,1.05965,1.05969,2.25,1.00
2017.03.03 19:12:43.198,1.05969,1.0597,2.25,1.50
2017.03.03 19:12:43.249,1.05969,1.05972,2.25,1.25
2017.03.03 19:12:43.402,1.05971,1.05972,1.50,1.00
2017.03.03 19:12:43.554,1.05974,1.05976,2.25,5.44
2017.03.03 19:12:44.857,1.05974,1.05977,3.00,3.75
2017.03.03 19:12:45.725,1.05974,1.05976,1.00,3.00
2017.03.03 19:12:45.877,1.05971,1.05976,2.62,5.62
2017.03.03 19:12:46.308,1.0597,1.05975,3.37,2.25
2017.03.03 19:12:46.359,1.0597,1.05973,2.62,3.00
2017.03.03 19:12:48.262,1.05972,1.05974,4.00,2.25
2017.03.03 19:12:48.364,1.05974,1.05975,1.50,1.00
2017.03.03 19:12:48.871,1.05974,1.05976,2.25,4.50
2017.03.03 19:12:48.973,1.05972,1.05975,1.87,1.12
2017.03.03 19:12:49.182,1.0597,1.05973,1.00,1.87
2017.03.03 19:12:49.689,1.0597,1.05974,3.00,1.69
2017.03.03 19:12:49.994,1.05974,1.05977,3.00,5.25
2017.03.03 19:12:50.521,1.05974,1.05978,2.25,4.50
2017.03.03 19:12:50.841,1.05976,1.05977,2.25,1.00
2017.03.03 19:12:50.892,1.05975,1.05977,2.62,1.00
2017.03.03 19:12:51.297,1.05975,1.05979,1.00,6.00
2017.03.03 19:12:53.368,1.05975,1.0598,5.62,4.69
2017.03.03 19:12:53.419,1.05978,1.0598,2.25,2.25
2017.03.03 19:12:53.884,1.05978,1.05982,5.62,3.19
2017.03.03 19:12:54.037,1.05979,1.05983,2.25,2.25
2017.03.03 19:12:54.375,1.05982,1.05984,1.00,1.00
2017.03.03 19:12:54.883,1.05982,1.05985,4.12,1.50
2017.03.03 19:12:54.984,1.05983,1.05988,3.00,1.25
2017.03.03 19:12:55.238,1.05983,1.05986,1.50,1.69
2017.03.03 19:12:55.543,1.0598,1.05984,1.37,1.50
2017.03.03 19:12:55.850,1.05983,1.05986,2.62,1.00
2017.03.03 19:12:56.003,1.05984,1.05989,1.00,2.81
2017.03.03 19:12:56.576,1.05983,1.05989,3.75,1.69
2017.03.03 19:12:57.140,1.05984,1.05989,1.50,1.31
2017.03.03 19:12:58.140,1.05985,1.05989,1.00,2.06
2017.03.03 19:12:58.748,1.05984,1.05989,1.69,2.06
2017.03.03 19:13:01.850,1.05985,1.05989,1.00,1.31
2017.03.03 19:13:02.384,1.05984,1.05988,1.50,1.25
2017.03.03 19:13:02.536,1.05982,1.05984,17.16,1.00
2017.03.03 19:13:02.740,1.05981,1.05982,1.00,2.25
2017.03.03 19:13:02.843,1.05978,1.0598,10.50,1.00
2017.03.03 19:13:03.047,1.05977,1.05979,1.50,1.87
2017.03.03 19:13:03.251,1.05975,1.05979,2.62,1.87
2017.03.03 19:13:03.777,1.05974,1.05978,5.25,2.06
2017.03.03 19:13:05.865,1.05977,1.05979,6.00,2.81
2017.03.03 19:13:05.917,1.05978,1.05982,4.50,3.56
2017.03.03 19:13:06.424,1.05979,1.05983,1.12,3.56
2017.03.03 19:13:08.109,1.0598,1.05983,1.00,2.06
2017.03.03 19:13:08.619,1.05979,1.05983,1.12,1.19
2017.03.03 19:13:09.446,1.0598,1.05983,1.00,1.19
2017.03.03 19:13:10.814,1.05978,1.05983,10.50,3.94
2017.03.03 19:13:12.879,1.05981,1.05983,6.37,2.81
2017.03.03 19:13:12.981,1.05979,1.05983,4.12,1.31
2017.03.03 19:13:13.303,1.05983,1.05986,2.25,3.00
2017.03.03 19:13:13.846,1.05983,1.05988,11.25,1.69
2017.03.03 19:13:14.362,1.05983,1.05986,2.25,1.00
2017.03.03 19:13:14.515,1.05981,1.05985,1.87,5.06
2017.03.03 19:13:15.502,1.05982,1.05985,1.00,2.06
2017.03.03 19:13:15.555,1.05987,1.05988,1.00,2.25
2017.03.03 19:13:15.658,1.05988,1.0599,1.00,1.50
2017.03.03 19:13:15.861,1.05987,1.05989,4.50,1.50
2017.03.03 19:13:16.410,1.05987,1.0599,3.75,1.00
2017.03.03 19:13:17.133,1.05987,1.05991,4.50,3.19
2017.03.03 19:13:17.668,1.05988,1.05992,2.25,3.94
2017.03.03 19:13:18.490,1.05989,1.05992,1.00,2.06
2017.03.03 19:13:19.355,1.05988,1.05992,3.00,2.06
2017.03.03 19:13:20.781,1.05988,1.0599,1.00,2.06
2017.03.03 19:13:20.985,1.05984,1.05987,4.12,1.00
2017.03.03 19:13:21.413,1.05984,1.05989,6.37,4.31
2017.03.03 19:13:21.938,1.05984,1.05988,7.12,1.50
2017.03.03 19:13:23.215,1.05984,1.05987,2.62,1.00
2017.03.03 19:13:23.367,1.05983,1.05984,1.00,1.00
2017.03.03 19:13:23.571,1.05979,1.05982,2.25,2.25
2017.03.03 19:13:24.078,1.05978,1.05981,5.34,2.25
2017.03.03 19:13:24.603,1.05979,1.05982,1.00,2.06
2017.03.03 19:13:26.558,1.05978,1.05981,2.62,1.00
2017.03.03 19:13:27.163,1.05978,1.05982,7.50,1.25
2017.03.03 19:13:28.479,1.05979,1.05982,1.00,1.69
2017.03.03 19:13:28.737,1.0598,1.05984,1.00,3.37
2017.03.03 19:13:29.243,1.05979,1.05983,4.12,1.00
2017.03.03 19:13:32.741,1.05978,1.05981,9.00,1.00
2017.03.03 19:13:33.282,1.05978,1.05982,4.50,3.56
2017.03.03 19:13:33.790,1.05979,1.05983,1.12,2.25
2017.03.03 19:13:34.330,1.0598,1.05984,1.00,6.56
2017.03.03 19:13:37.250,1.05979,1.05984,3.37,6.94
2017.03.03 19:13:37.555,1.05978,1.05982,10.59,1.00
2017.03.03 19:13:37.858,1.05976,1.05977,7.87,1.12
2017.03.03 19:13:37.961,1.05974,1.05977,4.50,1.31
2017.03.03 19:13:38.505,1.05973,1.05977,2.25,2.44
2017.03.03 19:13:39.352,1.05972,1.05976,5.62,1.00
2017.03.03 19:13:39.858,1.05971,1.05976,3.37,5.44
2017.03.03 19:13:40.520,1.05972,1.05975,1.50,1.00
2017.03.03 19:13:40.775,1.0597,1.05971,5.62,1.50
2017.03.03 19:13:41.131,1.05971,1.05975,1.00,3.75
2017.03.03 19:13:41.283,1.05973,1.05975,1.87,1.50
2017.03.03 19:13:41.437,1.05975,1.05979,1.00,4.12
2017.03.03 19:13:41.538,1.05978,1.05979,1.50,1.50
2017.03.03 19:13:41.740,1.05978,1.05981,1.50,1.00
2017.03.03 19:13:42.295,1.05977,1.05981,2.62,1.50
2017.03.03 19:13:43.126,1.05977,1.0598,1.12,1.50
2017.03.03 19:13:43.330,1.05975,1.0598,3.00,3.75
2017.03.03 19:13:43.877,1.05975,1.05979,2.25,2.25
2017.03.03 19:13:44.232,1.05974,1.05979,2.44,2.62
2017.03.03 19:13:44.740,1.05974,1.05978,3.94,1.50
2017.03.03 19:13:45.081,1.05972,1.05975,1.50,1.87
2017.03.03 19:13:45.183,1.05971,1.05975,2.25,1.50
2017.03.03 19:13:46.806,1.0597,1.05974,7.31,1.00
2017.03.03 19:13:47.625,1.05973,1.05976,3.75,4.50
2017.03.03 19:13:48.132,1.05973,1.05977,5.62,1.25
2017.03.03 19:13:48.654,1.05974,1.05977,1.50,1.25
2017.03.03 19:13:50.877,1.05973,1.05977,8.62,1.25
2017.03.03 19:13:52.001,1.05974,1.05977,1.50,1.25
2017.03.03 19:13:52.310,1.05969,1.0597,3.00,2.25
2017.03.03 19:13:52.514,1.05964,1.05965,1.00,1.00
2017.03.03 19:13:52.659,1.05962,1.05965,3.37,1.00
2017.03.03 19:13:52.913,1.05962,1.05964,1.12,1.50
2017.03.03 19:13:52.965,1.0596,1.05963,1.05,1.25
2017.03.03 19:13:53.474,1.0596,1.05964,1.87,6.11
2017.03.03 19:13:54.456,1.05962,1.05965,3.00,5.62
2017.03.03 19:13:54.609,1.05963,1.05968,7.87,4.69
2017.03.03 19:13:57.315,1.05963,1.05967,5.25,1.62
2017.03.03 19:13:57.877,1.05964,1.05968,1.00,3.56
2017.03.03 19:14:00.170,1.05966,1.05968,3.75,2.62
2017.03.03 19:14:00.376,1.05968,1.05972,6.37,3.00
2017.03.03 19:14:00.878,1.0597,1.05973,1.00,1.50
2017.03.03 19:14:01.676,1.0597,1.05974,1.00,4.31
2017.03.03 19:14:02.225,1.0597,1.05975,9.37,3.19
2017.03.03 19:14:03.131,1.05971,1.05975,5.62,1.50
2017.03.03 19:14:03.284,1.05973,1.05976,4.87,1.00
2017.03.03 19:14:03.474,1.05973,1.05978,9.37,1.25
2017.03.03 19:14:04.124,1.05975,1.05978,1.50,1.25
2017.03.03 19:14:04.631,1.05974,1.05979,3.37,5.44
2017.03.03 19:14:10.804,1.05973,1.05975,9.00,1.00
2017.03.03 19:14:11.009,1.05972,1.05974,1.00,1.69
2017.03.03 19:14:11.212,1.05969,1.05972,1.50,1.00
2017.03.03 19:14:11.759,1.05969,1.05973,1.00,1.69
2017.03.03 19:14:12.267,1.05968,1.05973,7.12,1.69
2017.03.03 19:14:13.359,1.05968,1.05969,4.31,1.12
2017.03.03 19:14:13.512,1.05965,1.05968,1.00,1.00
2017.03.03 19:14:13.614,1.05967,1.05969,1.12,1.00
2017.03.03 19:14:13.817,1.05968,1.05972,6.00,3.94
2017.03.03 19:14:14.341,1.05968,1.0597,4.50,1.37
2017.03.03 19:14:14.494,1.05966,1.05969,2.25,1.12
2017.03.03 19:14:14.790,1.05964,1.05969,6.75,3.19
2017.03.03 19:14:16.025,1.05964,1.05968,1.00,1.00
2017.03.03 19:14:16.228,1.05963,1.05966,2.25,2.62
2017.03.03 19:14:16.534,1.05959,1.05964,8.62,2.81
2017.03.03 19:14:17.042,1.05959,1.05964,1.00,2.44
2017.03.03 19:14:17.702,1.05959,1.05963,1.00,1.00
2017.03.03 19:14:18.020,1.05957,1.05959,1.12,1.69
2017.03.03 19:14:18.122,1.05954,1.05958,3.00,1.00
2017.03.03 19:14:22.245,1.05958,1.05959,1.00,1.00
2017.03.03 19:14:22.347,1.05955,1.05959,2.25,2.06
2017.03.03 19:14:22.853,1.05954,1.05959,6.00,4.31
2017.03.03 19:14:23.392,1.05954,1.05958,2.25,1.00
2017.03.03 19:14:25.312,1.05957,1.05959,1.50,7.12
2017.03.03 19:14:25.618,1.05958,1.05959,1.50,3.56
2017.03.03 19:14:25.720,1.05954,1.05959,3.75,7.31
2017.03.03 19:14:26.284,1.05954,1.05958,1.50,3.07
2017.03.03 19:14:27.515,1.05954,1.05956,2.25,1.00
2017.03.03 19:14:27.822,1.05952,1.05953,1.00,1.00
2017.03.03 19:14:27.873,1.0595,1.05953,1.50,1.50
2017.03.03 19:14:27.925,1.05949,1.05953,2.25,3.19
2017.03.03 19:14:28.414,1.0595,1.05954,1.00,1.50
2017.03.03 19:14:28.516,1.05952,1.05954,2.25,1.50
2017.03.03 19:14:28.821,1.05949,1.05954,9.37,2.25
2017.03.03 19:14:29.277,1.05949,1.05952,3.00,1.00
2017.03.03 19:14:29.838,1.05949,1.05953,1.50,2.62
2017.03.03 19:14:30.548,1.05949,1.05952,1.50,1.00
2017.03.03 19:14:30.852,1.05951,1.05953,1.00,1.12
2017.03.03 19:14:31.156,1.05949,1.05953,2.44,1.12
2017.03.03 19:14:31.684,1.05949,1.05952,1.69,1.00
2017.03.03 19:14:32.237,1.05949,1.05954,1.25,7.87
2017.03.03 19:14:33.257,1.05949,1.05955,3.94,5.44
2017.03.03 19:14:33.782,1.05949,1.05954,2.44,1.00
2017.03.03 19:14:34.239,1.05949,1.05953,1.25,3.56
2017.03.03 19:14:34.340,1.05947,1.05952,8.25,1.25
2017.03.03 19:14:34.924,1.05946,1.05951,4.12,1.00
2017.03.03 19:14:35.434,1.05946,1.05951,2.62,6.19
2017.03.03 19:14:35.789,1.05948,1.05951,1.00,1.00
2017.03.03 19:14:35.993,1.05949,1.05953,2.25,1.00
2017.03.03 19:14:37.476,1.05951,1.05953,1.00,1.00
2017.03.03 19:14:37.679,1.05953,1.05957,1.50,4.69
2017.03.03 19:14:37.781,1.05952,1.05955,4.12,1.37
2017.03.03 19:14:38.140,1.0595,1.05954,1.12,1.50
2017.03.03 19:14:38.241,1.05952,1.05954,1.00,1.00
2017.03.03 19:14:38.445,1.0595,1.05955,2.77,1.12
2017.03.03 19:14:38.648,1.05952,1.05954,1.00,1.50
2017.03.03 19:14:39.105,1.0595,1.05954,3.37,1.00
2017.03.03 19:14:39.206,1.05953,1.05954,1.00,1.00
2017.03.03 19:14:39.258,1.05951,1.05954,4.12,1.00
2017.03.03 19:14:40.048,1.0595,1.05953,1.00,1.00
2017.03.03 19:14:40.555,1.0595,1.05954,1.87,1.50
2017.03.03 19:14:41.446,1.0595,1.05955,2.62,1.25
2017.03.03 19:14:41.727,1.0595,1.05953,1.50,2.25
2017.03.03 19:14:42.033,1.05948,1.05951,1.50,1.50
2017.03.03 19:14:42.521,1.05949,1.05953,2.25,2.25
2017.03.03 19:14:44.335,1.05954,1.05955,1.00,6.00
2017.03.03 19:14:44.919,1.05953,1.05956,8.25,1.00
2017.03.03 19:14:45.173,1.0595,1.05954,4.50,1.12
2017.03.03 19:14:45.681,1.0595,1.05955,1.00,5.25
2017.03.03 19:14:46.573,1.05949,1.0595,7.50,1.00
2017.03.03 19:14:46.778,1.05946,1.05948,1.00,2.25
2017.03.03 19:14:46.879,1.05944,1.05948,3.37,2.25
2017.03.03 19:14:47.421,1.05944,1.05949,8.62,1.50
2017.03.03 19:14:48.305,1.05945,1.05949,1.00,1.50
2017.03.03 19:14:48.408,1.05949,1.05951,1.12,8.62
2017.03.03 19:14:48.460,1.0595,1.05952,2.62,1.50
2017.03.03 19:14:48.664,1.05948,1.05953,9.56,3.19
2017.03.03 19:14:48.922,1.05948,1.05949,3.00,3.94
2017.03.03 19:14:49.066,1.05944,1.05948,9.37,1.00
2017.03.03 19:14:49.801,1.05947,1.05948,2.25,1.00
2017.03.03 19:14:49.852,1.05948,1.0595,2.62,8.62
2017.03.03 19:14:49.954,1.0595,1.05952,1.50,2.62
2017.03.03 19:14:50.005,1.05949,1.05952,1.00,2.25
2017.03.03 19:14:50.157,1.05947,1.05948,1.12,1.12
2017.03.03 19:14:50.309,1.05946,1.05948,1.00,1.00
2017.03.03 19:14:51.950,1.05946,1.05949,1.00,5.44
2017.03.03 19:14:52.483,1.05946,1.05948,1.00,1.00
2017.03.03 19:14:52.635,1.05944,1.05947,3.75,1.50
2017.03.03 19:14:53.078,1.05943,1.05945,12.66,1.69
2017.03.03 19:14:53.282,1.05939,1.05943,11.25,1.00
2017.03.03 19:14:53.687,1.05941,1.05944,1.12,3.75
2017.03.03 19:14:54.229,1.05943,1.05944,1.00,1.50
2017.03.03 19:14:54.420,1.05944,1.05948,1.50,4.69
2017.03.03 19:14:56.433,1.05943,1.05945,4.97,1.50
2017.03.03 19:14:56.967,1.05944,1.05946,1.00,1.50
2017.03.03 19:14:57.469,1.05945,1.05946,1.00,1.00
2017.03.03 19:14:58.016,1.05944,1.05947,3.00,1.25
2017.03.03 19:14:58.323,1.0595,1.05953,3.37,5.92
2017.03.03 19:14:58.749,1.05952,1.05954,1.00,2.25
