2015.12.04 01:00:00.421,1.09199,1.092,1.00,1.00
2015.12.04 01:00:00.472,1.09199,1.09202,1.50,1.00
2015.12.04 01:00:01.084,1.092,1.09202,1.50,1.00
2015.12.04 01:00:02.891,1.092,1.09204,1.50,1.00
2015.12.04 01:00:03.767,1.092,1.09205,1.50,9.00
2015.12.04 01:00:04.279,1.09201,1.09205,1.50,1.20
2015.12.04 01:00:08.577,1.09202,1.09206,1.50,4.50
2015.12.04 01:00:08.728,1.09204,1.09206,4.50,1.00
2015.12.04 01:00:08.779,1.09207,1.09208,1.00,1.00
2015.12.04 01:00:08.881,1.09207,1.09211,1.50,1.00
2015.12.04 01:00:09.085,1.09208,1.09213,1.50,1.50
2015.12.04 01:00:09.591,1.09209,1.09213,1.00,1.00
2015.12.04 01:00:10.298,1.09209,1.09214,1.50,2.62
2015.12.04 01:00:10.832,1.09209,1.09213,1.50,1.00
2015.12.04 01:00:13.317,1.09209,1.09214,1.50,3.00
2015.12.04 01:00:22.611,1.09209,1.09212,1.00,1.00
2015.12.04 01:00:22.661,1.09207,1.09212,2.32,1.50
2015.12.04 01:00:23.524,1.09208,1.09212,1.50,1.50
2015.12.04 01:00:24.314,1.09207,1.09212,4.35,1.50
2015.12.04 01:00:24.828,1.09208,1.09212,1.50,1.50
2015.12.04 01:00:26.064,1.09208,1.09213,3.00,1.50
2015.12.04 01:00:31.723,1.09209,1.09213,1.50,1.50
2015.12.04 01:00:32.228,1.09208,1.09213,3.00,1.50
2015.12.04 01:00:38.803,1.09208,1.0921,1.50,3.00
2015.12.04 01:00:38.956,1.09206,1.09211,2.25,3.00
2015.12.04 01:00:39.057,1.09206,1.09209,1.00,1.00
2015.12.04 01:00:39.210,1.09203,1.09208,1.57,1.50
2015.12.04 01:00:39.311,1.09205,1.09209,1.00,1.50
2015.12.04 01:00:39.574,1.09206,1.09211,1.00,1.57
2015.12.04 01:00:39.626,1.09208,1.09213,1.50,1.57
2015.12.04 01:00:42.352,1.09208,1.09211,2.25,1.00
2015.12.04 01:00:42.454,1.09208,1.09213,2.25,3.75
2015.12.04 01:00:42.977,1.09208,1.09211,1.00,1.00
2015.12.04 01:00:43.129,1.09206,1.09211,2.25,1.50
2015.12.04 01:00:43.635,1.09207,1.09211,1.00,1.50
2015.12.04 01:00:46.110,1.09207,1.09212,1.50,1.00
2015.12.04 01:00:46.901,1.09206,1.09211,1.50,1.50
2015.12.04 01:00:47.407,1.09206,1.0921,2.25,1.00
2015.12.04 01:00:48.821,1.09206,1.09211,4.57,1.87
2015.12.04 01:00:48.873,1.09208,1.09211,1.00,1.12
2015.12.04 01:00:50.775,1.09208,1.09213,1.50,2.62
2015.12.04 01:00:51.319,1.09209,1.09214,1.50,5.70
2015.12.04 01:00:52.828,1.09209,1.09214,1.50,5.70
2015.12.04 01:00:54.812,1.09209,1.09213,1.50,2.32
2015.12.04 01:00:58.812,1.09209,1.09213,1.50,1.57
2015.12.04 01:00:59.065,1.09207,1.09212,1.10,1.37
2015.12.04 01:01:00.421,1.09207,1.09209,1.10,3.25
2015.12.04 01:01:00.728,1.09201,1.09205,2.62,3.00
2015.12.04 01:01:00.780,1.09201,1.09205,1.50,6.00
2015.12.04 01:01:01.299,1.092,1.09205,1.00,11.62
2015.12.04 01:01:02.716,1.092,1.09205,1.00,2.25
2015.12.04 01:01:04.578,1.09202,1.09207,1.50,3.07
2015.12.04 01:01:04.783,1.09202,1.09205,2.25,3.75
2015.12.04 01:01:04.935,1.092,1.09205,2.32,7.50
2015.12.04 01:01:05.790,1.09202,1.09206,1.00,3.00
2015.12.04 01:01:06.653,1.09202,1.09206,1.00,1.00
2015.12.04 01:01:07.427,1.09202,1.09207,3.00,1.10
2015.12.04 01:01:07.529,1.09204,1.09207,1.00,1.10
2015.12.04 01:01:07.834,1.09206,1.09209,1.50,1.87
2015.12.04 01:01:08.136,1.09209,1.0921,1.50,1.00
2015.12.04 01:01:08.188,1.09209,1.09214,3.75,1.57
2015.12.04 01:01:13.822,1.09209,1.09213,1.50,1.50
2015.12.04 01:01:14.343,1.09209,1.09214,1.50,3.07
2015.12.04 01:01:24.043,1.09209,1.09214,1.50,2.25
2015.12.04 01:01:26.067,1.09208,1.09213,2.25,1.57
2015.12.04 01:01:43.541,1.09209,1.09213,1.50,1.50
2015.12.04 01:01:43.642,1.09212,1.09215,1.50,4.87
2015.12.04 01:01:44.009,1.09216,1.0922,1.00,1.50
2015.12.04 01:01:44.364,1.09217,1.09222,1.50,2.70
2015.12.04 01:01:46.640,1.0922,1.09224,1.50,5.44
2015.12.04 01:01:46.944,1.09223,1.09227,1.00,2.62
2015.12.04 01:01:47.451,1.09222,1.09227,5.25,1.57
2015.12.04 01:01:47.654,1.09222,1.09225,1.00,3.00
2015.12.04 01:01:48.201,1.09222,1.09227,2.25,6.09
2015.12.04 01:01:49.580,1.09224,1.09227,1.00,1.29
2015.12.04 01:01:49.682,1.09224,1.09229,1.00,2.32
2015.12.04 01:01:50.544,1.09222,1.09225,3.37,1.50
2015.12.04 01:01:51.089,1.09224,1.09227,1.50,1.17
2015.12.04 01:01:51.597,1.09224,1.09229,1.50,4.50
2015.12.04 01:01:52.831,1.09224,1.09229,1.50,3.07
2015.12.04 01:01:53.471,1.09224,1.09228,1.50,1.50
2015.12.04 01:01:53.745,1.09227,1.09231,1.00,2.40
2015.12.04 01:01:53.847,1.09227,1.09232,1.00,1.10
2015.12.04 01:01:55.361,1.09227,1.09232,1.37,1.00
2015.12.04 01:01:55.723,1.09227,1.09232,1.50,1.12
2015.12.04 01:01:55.774,1.09229,1.09234,1.00,4.57
2015.12.04 01:01:56.028,1.0923,1.09234,1.50,1.57
2015.12.04 01:01:56.433,1.0923,1.09232,1.00,1.00
2015.12.04 01:01:56.686,1.09226,1.09229,1.50,1.00
2015.12.04 01:01:57.236,1.09226,1.0923,1.50,1.10
2015.12.04 01:01:57.742,1.09227,1.09231,3.00,1.17
2015.12.04 01:01:58.247,1.09228,1.09232,1.50,2.62
2015.12.04 01:01:58.770,1.09227,1.09232,3.00,1.87
2015.12.04 01:01:59.276,1.09228,1.09232,1.50,1.87
2015.12.04 01:01:59.816,1.09228,1.09232,1.50,1.57
2015.12.04 01:02:00.773,1.09229,1.09234,3.75,5.02
2015.12.04 01:02:01.319,1.09229,1.09234,3.75,2.62
2015.12.04 01:02:01.596,1.09232,1.09235,1.50,7.12
2015.12.04 01:02:01.937,1.09234,1.09239,2.25,3.00
2015.12.04 01:02:01.988,1.09236,1.0924,1.50,1.75
2015.12.04 01:02:02.090,1.09236,1.09241,1.50,3.00
2015.12.04 01:02:02.598,1.09237,1.09241,1.50,1.87
2015.12.04 01:02:03.131,1.09236,1.09241,1.50,3.60
2015.12.04 01:02:03.644,1.09236,1.0924,1.50,1.35
2015.12.04 01:02:04.155,1.09235,1.09239,2.25,2.10
2015.12.04 01:02:04.206,1.09235,1.09238,1.00,1.09
2015.12.04 01:02:04.749,1.09234,1.09238,2.25,1.52
2015.12.04 01:02:05.060,1.09236,1.0924,1.50,4.72
2015.12.04 01:02:05.111,1.09236,1.09241,1.50,3.22
2015.12.04 01:02:05.263,1.09234,1.09238,1.50,2.47
2015.12.04 01:02:05.415,1.09233,1.09237,2.25,1.60
2015.12.04 01:02:06.009,1.09233,1.09238,1.50,4.59
2015.12.04 01:02:06.566,1.09234,1.09238,1.00,2.77
2015.12.04 01:02:07.138,1.09235,1.09239,1.50,1.50
2015.12.04 01:02:07.240,1.09235,1.09239,1.50,1.10
2015.12.04 01:02:07.594,1.09237,1.09239,1.50,1.10
2015.12.04 01:02:07.797,1.09239,1.09242,1.50,4.87
2015.12.04 01:02:08.409,1.09239,1.09243,1.50,2.25
2015.12.04 01:02:08.511,1.09239,1.09242,1.50,1.32
2015.12.04 01:02:08.613,1.09237,1.09242,3.00,2.92
2015.12.04 01:02:10.138,1.09237,1.09241,1.50,1.27
2015.12.04 01:02:10.646,1.09238,1.09241,1.50,1.22
2015.12.04 01:02:12.821,1.09238,1.09241,1.50,1.00
2015.12.04 01:02:13.331,1.09238,1.09241,1.50,1.22
2015.12.04 01:02:14.020,1.09238,1.09241,1.50,1.00
2015.12.04 01:02:14.525,1.09238,1.09241,1.50,1.22
2015.12.04 01:02:16.834,1.09238,1.09239,1.50,1.59
2015.12.04 01:02:16.987,1.09236,1.09239,2.25,1.10
2015.12.04 01:02:17.088,1.09236,1.09241,1.50,4.50
2015.12.04 01:02:17.392,1.09238,1.09242,2.25,1.95
2015.12.04 01:02:17.696,1.0924,1.09244,1.50,2.17
2015.12.04 01:02:18.006,1.09239,1.09241,1.50,1.00
2015.12.04 01:02:18.057,1.09237,1.09241,1.50,1.22
2015.12.04 01:02:18.641,1.09237,1.09241,1.50,1.00
2015.12.04 01:02:19.162,1.09237,1.09241,3.00,1.22
2015.12.04 01:02:20.375,1.09237,1.09241,1.50,1.00
2015.12.04 01:02:20.996,1.09237,1.09241,1.00,1.22
2015.12.04 01:02:21.515,1.09237,1.09241,1.00,1.00
2015.12.04 01:02:22.023,1.09241,1.09242,1.00,1.00
2015.12.04 01:02:22.363,1.09247,1.0925,1.00,1.50
2015.12.04 01:02:22.616,1.09249,1.09252,1.00,1.50
2015.12.04 01:02:22.922,1.09255,1.09257,1.00,1.00
2015.12.04 01:02:23.216,1.09258,1.09263,2.25,4.57
2015.12.04 01:02:24.918,1.0926,1.09263,1.00,1.57
2015.12.04 01:02:25.069,1.0926,1.09265,3.07,6.75
2015.12.04 01:02:25.415,1.09262,1.09267,1.00,1.19
2015.12.04 01:02:27.623,1.09261,1.09265,1.10,3.00
2015.12.04 01:02:28.029,1.0926,1.09263,1.10,1.50
2015.12.04 01:02:28.297,1.09256,1.09261,1.57,2.25
2015.12.04 01:02:28.803,1.09257,1.0926,1.50,1.00
2015.12.04 01:02:28.905,1.09259,1.09262,1.50,2.62
2015.12.04 01:02:29.107,1.09257,1.09262,3.75,3.00
2015.12.04 01:02:29.310,1.09256,1.0926,1.57,1.50
2015.12.04 01:02:29.827,1.09255,1.09259,1.57,1.50
2015.12.04 01:02:30.333,1.09255,1.0926,1.57,2.25
2015.12.04 01:02:30.987,1.09257,1.0926,1.00,1.00
2015.12.04 01:02:31.038,1.09258,1.09263,1.50,2.25
2015.12.04 01:02:31.444,1.0926,1.09262,1.00,1.50
2015.12.04 01:02:31.546,1.09258,1.09262,1.57,1.50
2015.12.04 01:02:32.151,1.09257,1.09262,1.50,1.57
2015.12.04 01:02:32.911,1.09259,1.09262,1.50,1.00
2015.12.04 01:02:33.013,1.09261,1.09265,1.00,1.50
2015.12.04 01:02:33.351,1.09263,1.09268,2.25,2.25
2015.12.04 01:02:34.660,1.09263,1.09267,3.00,1.00
2015.12.04 01:02:35.675,1.09264,1.09267,1.00,1.50
2015.12.04 01:02:37.165,1.09263,1.09267,1.00,1.50
2015.12.04 01:02:37.419,1.09263,1.09265,1.00,1.00
2015.12.04 01:02:37.672,1.0926,1.09265,4.12,6.75
2015.12.04 01:02:38.620,1.0926,1.09265,3.82,6.82
2015.12.04 01:02:39.645,1.09261,1.09265,1.00,5.70
2015.12.04 01:02:42.626,1.0926,1.09263,2.32,1.00
2015.12.04 01:02:42.897,1.09257,1.09261,1.50,1.10
2015.12.04 01:02:43.406,1.09256,1.09261,3.75,1.72
2015.12.04 01:02:43.914,1.09259,1.09261,3.00,1.00
2015.12.04 01:02:44.220,1.09261,1.09264,1.50,1.50
2015.12.04 01:02:44.322,1.09261,1.09266,3.00,2.25
2015.12.04 01:02:44.525,1.09264,1.09266,1.50,1.50
2015.12.04 01:02:44.778,1.09265,1.0927,1.50,2.32
2015.12.04 01:02:45.491,1.09265,1.09269,1.50,3.37
2015.12.04 01:02:46.046,1.09265,1.0927,1.00,3.82
2015.12.04 01:02:46.553,1.09265,1.09269,1.00,1.00
2015.12.04 01:02:47.205,1.09264,1.09269,1.57,1.00
2015.12.04 01:02:47.714,1.09265,1.09269,1.00,1.00
2015.12.04 01:02:49.052,1.09264,1.09269,1.57,1.00
2015.12.04 01:02:49.558,1.09265,1.09269,1.00,1.00
2015.12.04 01:02:50.061,1.09265,1.09268,1.00,1.50
2015.12.04 01:02:51.662,1.09265,1.09268,1.00,5.34
2015.12.04 01:02:52.066,1.09263,1.09268,1.50,8.34
2015.12.04 01:02:52.705,1.09261,1.09266,1.87,1.59
2015.12.04 01:02:56.129,1.09261,1.09266,1.50,3.47
2015.12.04 01:02:56.183,1.0926,1.09264,2.32,1.50
2015.12.04 01:02:56.692,1.09258,1.09263,3.37,1.50
2015.12.04 01:02:56.997,1.09262,1.09265,1.50,2.62
2015.12.04 01:02:57.536,1.09261,1.09265,1.00,5.62
2015.12.04 01:02:58.859,1.09262,1.09265,1.00,4.12
2015.12.04 01:02:59.113,1.09264,1.09269,1.50,1.57
2015.12.04 01:02:59.619,1.09265,1.09269,1.50,1.57
2015.12.04 01:02:59.821,1.09263,1.09268,1.00,1.50
2015.12.04 01:03:00.067,1.09262,1.09266,1.57,1.00
2015.12.04 01:03:00.673,1.09261,1.09265,2.62,1.50
2015.12.04 01:03:01.180,1.0926,1.09265,1.95,10.42
2015.12.04 01:03:01.627,1.09258,1.09263,1.57,3.00
2015.12.04 01:03:02.656,1.09258,1.09262,1.50,6.67
2015.12.04 01:03:02.758,1.09257,1.0926,1.10,3.30
2015.12.04 01:03:02.860,1.09255,1.09259,1.00,1.00
2015.12.04 01:03:04.584,1.09255,1.09259,2.62,1.00
2015.12.04 01:03:06.037,1.09255,1.09259,1.87,1.87
2015.12.04 01:03:06.239,1.09252,1.09255,3.07,2.62
2015.12.04 01:03:06.341,1.09252,1.09257,6.07,1.50
2015.12.04 01:03:06.884,1.09254,1.09258,1.50,1.57
2015.12.04 01:03:07.239,1.09255,1.0926,2.32,4.20
2015.12.04 01:03:08.856,1.09257,1.0926,1.50,1.20
2015.12.04 01:03:09.160,1.09261,1.09264,2.25,3.30
2015.12.04 01:03:09.455,1.09262,1.09267,1.50,1.87
2015.12.04 01:03:09.658,1.09264,1.09267,1.00,1.87
2015.12.04 01:03:09.862,1.09264,1.09268,1.57,1.50
2015.12.04 01:03:10.064,1.09265,1.0927,2.25,4.57
2015.12.04 01:03:12.133,1.09265,1.09268,1.00,1.50
2015.12.04 01:03:13.558,1.09264,1.09266,1.00,1.35
2015.12.04 01:03:14.066,1.09265,1.09267,1.00,1.50
2015.12.04 01:03:14.863,1.09265,1.09267,1.00,1.95
2015.12.04 01:03:18.149,1.09264,1.09267,1.00,2.02
2015.12.04 01:03:18.691,1.09264,1.09266,1.00,2.02
2015.12.04 01:03:18.944,1.09262,1.09266,1.10,2.62
2015.12.04 01:03:19.298,1.09259,1.09264,4.12,1.00
2015.12.04 01:03:19.939,1.09258,1.09263,2.32,1.57
2015.12.04 01:03:20.293,1.0926,1.09265,1.50,9.97
2015.12.04 01:03:23.842,1.09261,1.09266,1.50,1.67
2015.12.04 01:03:25.920,1.09263,1.09266,3.00,1.67
2015.12.04 01:03:26.334,1.09265,1.0927,3.75,6.37
2015.12.04 01:03:26.849,1.09265,1.0927,3.00,6.00
2015.12.04 01:03:28.177,1.09265,1.09269,3.75,2.10
2015.12.04 01:03:29.457,1.09265,1.09267,3.00,1.00
2015.12.04 01:03:29.660,1.09258,1.09262,5.25,1.10
2015.12.04 01:03:29.812,1.09257,1.09262,3.00,5.62
2015.12.04 01:03:29.915,1.09255,1.0926,1.50,2.62
2015.12.04 01:03:30.278,1.09253,1.09258,2.32,1.50
2015.12.04 01:03:30.630,1.09255,1.0926,1.50,5.32
2015.12.04 01:03:30.935,1.09257,1.09262,1.50,1.12
2015.12.04 01:03:31.442,1.09257,1.0926,1.00,2.25
2015.12.04 01:03:31.595,1.09257,1.09262,2.25,3.07
2015.12.04 01:03:31.985,1.09259,1.09264,3.00,4.57
2015.12.04 01:03:32.492,1.0926,1.09264,1.50,1.50
2015.12.04 01:03:33.033,1.09262,1.09265,1.00,1.50
2015.12.04 01:03:33.239,1.09262,1.09267,5.25,1.57
2015.12.04 01:03:33.696,1.09262,1.09266,1.00,1.65
2015.12.04 01:03:34.000,1.09262,1.09267,2.25,2.32
2015.12.04 01:03:34.203,1.09262,1.09267,2.25,2.77
2015.12.04 01:03:34.306,1.09263,1.09268,1.00,1.12
2015.12.04 01:03:35.489,1.09264,1.09268,1.50,1.12
2015.12.04 01:03:36.319,1.09264,1.09266,2.25,1.00
2015.12.04 01:03:36.421,1.09262,1.09265,2.25,1.50
2015.12.04 01:03:36.928,1.09261,1.09265,1.00,6.75
2015.12.04 01:03:37.232,1.09258,1.09263,4.57,3.90
2015.12.04 01:03:37.495,1.09252,1.09255,2.92,4.50
2015.12.04 01:03:37.951,1.09255,1.09256,1.00,1.87
2015.12.04 01:03:38.002,1.09255,1.09259,1.00,3.37
2015.12.04 01:03:38.154,1.09255,1.09256,1.00,2.62
2015.12.04 01:03:38.308,1.09255,1.09257,1.00,1.95
2015.12.04 01:03:38.509,1.09253,1.09258,4.50,2.25
2015.12.04 01:03:39.016,1.09254,1.09258,2.25,1.50
2015.12.04 01:03:39.219,1.09251,1.09256,6.00,2.25
2015.12.04 01:03:39.759,1.09252,1.09256,1.42,3.67
2015.12.04 01:03:39.962,1.09254,1.09257,1.50,1.97
2015.12.04 01:03:40.468,1.09253,1.09258,8.25,1.87
2015.12.04 01:03:40.980,1.09253,1.09258,6.75,1.57
2015.12.04 01:03:41.831,1.09254,1.09258,1.00,1.57
2015.12.04 01:03:42.347,1.09255,1.09258,1.00,1.57
2015.12.04 01:03:44.056,1.09253,1.09258,3.00,4.20
2015.12.04 01:03:44.107,1.09253,1.09258,1.50,4.29
2015.12.04 01:03:44.621,1.09252,1.09256,1.42,1.59
2015.12.04 01:03:45.228,1.09253,1.09257,3.00,4.95
2015.12.04 01:03:45.798,1.09254,1.09259,3.75,1.57
2015.12.04 01:03:46.003,1.09257,1.0926,1.50,1.12
2015.12.04 01:03:46.408,1.09255,1.0926,4.50,5.25
2015.12.04 01:03:46.510,1.09257,1.0926,1.50,3.00
2015.12.04 01:03:47.134,1.0926,1.09264,1.50,1.50
2015.12.04 01:03:47.185,1.0926,1.09265,1.50,11.62
2015.12.04 01:03:47.893,1.0926,1.09263,1.50,1.00
2015.12.04 01:03:49.323,1.0926,1.09261,1.50,1.00
2015.12.04 01:03:49.475,1.09254,1.09256,1.57,1.50
2015.12.04 01:03:49.628,1.09252,1.09256,6.00,1.50
2015.12.04 01:03:49.729,1.09253,1.09258,1.00,2.32
2015.12.04 01:03:49.913,1.09253,1.09256,1.00,1.50
2015.12.04 01:03:50.220,1.09255,1.09258,2.25,1.57
2015.12.04 01:03:50.726,1.09256,1.0926,1.00,4.12
2015.12.04 01:03:51.906,1.09255,1.0926,2.25,8.25
2015.12.04 01:03:52.415,1.09255,1.0926,2.25,3.37
2015.12.04 01:03:54.858,1.09255,1.09259,1.00,1.12
2015.12.04 01:03:55.720,1.09255,1.0926,3.00,3.37
2015.12.04 01:03:56.615,1.09258,1.0926,1.50,1.12
2015.12.04 01:03:56.717,1.09258,1.09263,3.75,2.62
2015.12.04 01:03:56.919,1.09259,1.09264,1.50,2.32
2015.12.04 01:03:59.532,1.0926,1.09264,1.00,3.75
2015.12.04 01:04:00.040,1.0926,1.09263,1.00,2.25
2015.12.04 01:04:00.435,1.09257,1.09262,3.82,1.50
2015.12.04 01:04:00.943,1.09258,1.09263,1.00,1.10
2015.12.04 01:04:03.873,1.09261,1.09263,1.00,2.32
2015.12.04 01:04:04.025,1.09262,1.09265,2.25,6.82
2015.12.04 01:04:04.127,1.0926,1.09264,1.00,1.00
2015.12.04 01:04:04.692,1.09259,1.09264,2.32,3.00
2015.12.04 01:04:05.872,1.09262,1.09264,1.00,1.50
2015.12.04 01:04:06.222,1.0926,1.09265,1.50,4.57
2015.12.04 01:04:06.475,1.09259,1.09263,1.10,1.50
2015.12.04 01:04:07.618,1.0926,1.09263,1.00,1.50
2015.12.04 01:04:07.931,1.09263,1.09264,1.00,1.57
2015.12.04 01:04:08.286,1.09261,1.09265,1.50,7.57
2015.12.04 01:04:08.936,1.0926,1.09264,2.25,1.50
2015.12.04 01:04:09.465,1.09261,1.09264,1.00,2.25
2015.12.04 01:04:09.971,1.09263,1.09265,1.50,11.32
2015.12.04 01:04:10.123,1.09261,1.09265,3.82,6.00
2015.12.04 01:04:10.662,1.09262,1.09265,1.00,6.00
2015.12.04 01:04:11.919,1.09263,1.09265,1.00,5.25
2015.12.04 01:04:12.071,1.09262,1.09265,5.25,1.50
2015.12.04 01:04:13.927,1.09264,1.09265,1.00,5.25
2015.12.04 01:04:15.573,1.09262,1.09265,1.00,5.25
2015.12.04 01:04:16.080,1.09261,1.09265,1.50,2.62
2015.12.04 01:04:16.587,1.0926,1.09265,2.25,8.25
2015.12.04 01:04:17.116,1.09261,1.09265,1.00,7.12
2015.12.04 01:04:17.859,1.09263,1.09265,1.00,6.37
2015.12.04 01:04:18.433,1.09261,1.09265,2.62,5.25
2015.12.04 01:04:18.585,1.0926,1.09265,1.57,5.62
2015.12.04 01:04:18.687,1.0926,1.09263,1.10,1.00
2015.12.04 01:04:21.087,1.09259,1.09263,1.50,1.10
2015.12.04 01:04:25.696,1.09258,1.09263,2.25,4.57
2015.12.04 01:04:31.905,1.09258,1.09261,1.00,1.50
2015.12.04 01:04:32.259,1.09256,1.0926,2.32,1.50
2015.12.04 01:04:39.273,1.09256,1.0926,2.25,1.87
2015.12.04 01:04:41.263,1.09255,1.09257,3.00,1.00
2015.12.04 01:04:41.364,1.09254,1.09255,2.25,5.25
2015.12.04 01:04:41.466,1.09252,1.09255,1.42,2.62
2015.12.04 01:04:41.720,1.0925,1.09253,1.50,2.32
2015.12.04 01:04:41.821,1.09248,1.09253,1.87,2.62
2015.12.04 01:04:42.273,1.0925,1.09254,1.00,4.50
2015.12.04 01:04:42.476,1.09252,1.09256,1.00,7.87
2015.12.04 01:04:43.032,1.09251,1.09255,1.50,1.20
2015.12.04 01:04:43.471,1.09253,1.09256,1.00,1.57
2015.12.04 01:04:43.977,1.09254,1.09257,1.00,1.12
2015.12.04 01:04:45.513,1.09253,1.09256,1.00,1.57
2015.12.04 01:04:46.672,1.09251,1.09255,2.62,6.00
2015.12.04 01:04:52.600,1.09251,1.09255,2.25,6.45
2015.12.04 01:04:53.119,1.09252,1.09256,1.00,4.59
2015.12.04 01:04:53.524,1.09255,1.09258,1.50,1.50
2015.12.04 01:04:53.626,1.09253,1.09258,3.00,3.00
2015.12.04 01:04:54.372,1.09253,1.09258,2.25,4.20
2015.12.04 01:04:56.476,1.09253,1.09257,3.37,1.00
2015.12.04 01:04:57.011,1.09253,1.09258,1.50,4.95
2015.12.04 01:04:58.409,1.09253,1.09255,1.50,1.50
2015.12.04 01:04:58.714,1.09248,1.09251,3.00,1.00
2015.12.04 01:04:58.929,1.09249,1.09253,1.00,1.57
2015.12.04 01:04:59.436,1.09249,1.09252,1.00,1.50
2015.12.04 01:04:59.942,1.09249,1.09253,1.00,4.20
2015.12.04 01:05:00.454,1.09249,1.09252,1.00,3.75
2015.12.04 01:05:01.164,1.09249,1.09253,2.25,1.00
2015.12.04 01:05:02.460,1.09249,1.09254,3.00,1.10
2015.12.04 01:05:02.613,1.09252,1.09254,1.00,1.50
2015.12.04 01:05:03.078,1.09249,1.09253,1.00,1.50
2015.12.04 01:05:03.583,1.09248,1.09253,2.70,2.25
2015.12.04 01:05:04.139,1.09248,1.09252,1.57,1.00
2015.12.04 01:05:05.146,1.09248,1.09253,1.10,1.87
2015.12.04 01:05:06.065,1.09247,1.09253,3.37,2.87
2015.12.04 01:05:08.323,1.09247,1.09253,2.70,2.95
2015.12.04 01:05:14.466,1.09246,1.09251,4.12,1.50
2015.12.04 01:05:14.618,1.09246,1.09249,1.95,1.00
2015.12.04 01:05:19.451,1.09246,1.0925,1.50,3.45
2015.12.04 01:05:20.312,1.09246,1.09249,1.50,1.00
2015.12.04 01:05:29.688,1.09246,1.09248,1.50,1.00
2015.12.04 01:05:29.890,1.09247,1.0925,1.00,1.57
2015.12.04 01:05:30.789,1.09246,1.09249,2.62,1.00
2015.12.04 01:05:31.296,1.09246,1.0925,2.32,7.12
2015.12.04 01:05:32.582,1.09246,1.09248,1.57,1.50
2015.12.04 01:05:34.696,1.09246,1.09249,1.57,1.87
2015.12.04 01:05:35.372,1.09246,1.09248,1.57,1.50
2015.12.04 01:05:35.892,1.09246,1.09249,1.57,1.12
2015.12.04 01:05:36.897,1.09246,1.0925,1.57,10.50
2015.12.04 01:05:39.384,1.09246,1.0925,1.57,8.62
2015.12.04 01:05:51.050,1.09246,1.09248,1.10,3.00
2015.12.04 01:05:55.419,1.09245,1.09249,1.12,2.62
2015.12.04 01:05:57.871,1.09245,1.09248,1.87,1.50
2015.12.04 01:05:59.126,1.09245,1.09249,2.62,2.62
2015.12.04 01:06:00.179,1.09245,1.09248,2.62,1.50
2015.12.04 01:06:03.288,1.09245,1.09249,2.62,3.37
2015.12.04 01:06:03.820,1.09245,1.09249,2.62,1.37
2015.12.04 01:06:04.741,1.09245,1.09249,2.32,4.12
2015.12.04 01:06:04.944,1.09245,1.09247,1.57,1.00
2015.12.04 01:06:05.197,1.0924,1.09243,2.62,1.00
2015.12.04 01:06:05.373,1.09239,1.09241,1.00,1.00
2015.12.04 01:06:05.425,1.09238,1.0924,1.00,1.00
2015.12.04 01:06:05.476,1.09235,1.0924,2.32,4.59
2015.12.04 01:06:05.580,1.09232,1.09235,1.50,1.00
2015.12.04 01:06:05.631,1.09231,1.09235,2.32,1.00
2015.12.04 01:06:05.734,1.09233,1.09235,1.00,1.00
2015.12.04 01:06:06.190,1.09232,1.09236,1.50,1.37
2015.12.04 01:06:06.481,1.0923,1.09235,2.32,7.50
2015.12.04 01:06:06.987,1.09229,1.09233,1.50,1.37
2015.12.04 01:06:07.504,1.09228,1.09233,1.57,2.62
2015.12.04 01:06:12.456,1.09228,1.0923,1.50,1.37
2015.12.04 01:06:12.760,1.09223,1.09225,1.00,5.25
2015.12.04 01:06:12.945,1.0922,1.09225,2.32,8.32
2015.12.04 01:06:12.996,1.09223,1.09226,3.00,3.00
2015.12.04 01:06:13.098,1.09225,1.09228,1.50,1.87
2015.12.04 01:06:13.604,1.09225,1.0923,3.00,4.12
2015.12.04 01:06:14.217,1.09225,1.0923,3.00,4.20
2015.12.04 01:06:14.748,1.09226,1.0923,1.00,5.32
2015.12.04 01:06:15.303,1.09225,1.0923,3.00,4.20
2015.12.04 01:06:15.455,1.09225,1.09228,3.00,1.00
2015.12.04 01:06:15.658,1.09223,1.09228,2.62,3.00
2015.12.04 01:06:15.983,1.09225,1.09228,1.50,1.00
2015.12.04 01:06:16.489,1.09225,1.09229,1.50,1.12
2015.12.04 01:06:17.177,1.09226,1.09229,1.00,1.12
2015.12.04 01:06:17.684,1.09225,1.09228,1.50,1.95
2015.12.04 01:06:17.735,1.09223,1.09228,2.40,2.70
2015.12.04 01:06:17.888,1.09223,1.09225,1.10,1.00
2015.12.04 01:06:18.092,1.09219,1.09224,6.00,1.50
2015.12.04 01:06:18.340,1.09219,1.09224,3.82,4.57
2015.12.04 01:06:21.172,1.09219,1.09223,3.07,1.00
2015.12.04 01:06:21.425,1.09219,1.09221,2.32,1.50
2015.12.04 01:06:21.719,1.09215,1.09219,1.50,1.00
2015.12.04 01:06:21.770,1.09214,1.09217,2.62,1.00
2015.12.04 01:06:22.026,1.0921,1.09214,2.62,1.00
2015.12.04 01:06:22.279,1.0921,1.09212,1.00,1.00
2015.12.04 01:06:22.734,1.09208,1.09211,1.57,1.50
2015.12.04 01:06:23.997,1.09207,1.0921,3.00,3.00
2015.12.04 01:06:24.555,1.09207,1.09209,1.50,1.50
2015.12.04 01:06:24.707,1.09205,1.09209,2.70,3.00
2015.12.04 01:06:25.011,1.09204,1.09209,5.62,1.50
2015.12.04 01:06:26.074,1.09205,1.0921,1.50,5.62
2015.12.04 01:06:26.645,1.09205,1.0921,5.25,5.62
2015.12.04 01:06:27.160,1.09206,1.0921,2.62,4.87
2015.12.04 01:06:27.666,1.09206,1.0921,2.25,2.25
2015.12.04 01:06:28.206,1.09207,1.09212,1.87,1.87
2015.12.04 01:06:28.712,1.09208,1.09212,1.10,2.62
2015.12.04 01:06:29.218,1.09207,1.09212,3.75,2.62
2015.12.04 01:06:29.759,1.09207,1.09212,3.37,1.87
2015.12.04 01:06:31.619,1.09207,1.09213,2.25,3.37
2015.12.04 01:06:32.125,1.09208,1.09212,1.57,1.50
2015.12.04 01:06:32.913,1.0921,1.09213,1.00,1.87
2015.12.04 01:06:33.268,1.09208,1.09213,3.07,1.87
2015.12.04 01:06:33.369,1.09211,1.09214,1.50,3.07
2015.12.04 01:06:33.572,1.09213,1.09215,8.62,1.50
2015.12.04 01:06:33.801,1.09215,1.09218,1.50,1.12
2015.12.04 01:06:35.258,1.09216,1.09219,1.50,2.25
2015.12.04 01:06:35.764,1.09216,1.0922,1.50,1.00
2015.12.04 01:06:37.040,1.09216,1.09221,2.25,4.95
2015.12.04 01:06:37.244,1.09216,1.09219,1.00,2.62
2015.12.04 01:06:37.598,1.09214,1.09219,3.45,3.00
2015.12.04 01:06:37.751,1.09216,1.09219,1.00,3.00
2015.12.04 01:06:37.903,1.09214,1.09218,1.57,1.87
2015.12.04 01:06:38.429,1.09214,1.09215,1.57,2.62
2015.12.04 01:06:38.633,1.0921,1.09214,4.12,1.00
2015.12.04 01:06:39.140,1.09211,1.09215,1.12,1.87
2015.12.04 01:06:39.836,1.09211,1.09216,1.87,4.12
2015.12.04 01:06:41.902,1.09211,1.09214,3.37,1.00
2015.12.04 01:06:42.256,1.09209,1.09213,1.57,1.00
2015.12.04 01:06:42.978,1.0921,1.09213,1.00,1.00
2015.12.04 01:06:43.491,1.09211,1.09213,1.50,1.12
2015.12.04 01:06:45.079,1.0921,1.09213,1.50,1.12
2015.12.04 01:06:45.585,1.0921,1.09215,1.50,5.62
2015.12.04 01:06:46.087,1.09211,1.09215,1.50,8.62
2015.12.04 01:06:46.693,1.0921,1.09215,4.50,9.37
2015.12.04 01:06:48.157,1.0921,1.09215,1.50,9.37
2015.12.04 01:06:49.362,1.0921,1.09215,3.75,10.50
2015.12.04 01:06:56.002,1.0921,1.09215,4.50,3.90
2015.12.04 01:06:56.256,1.09212,1.09215,1.00,3.15
2015.12.04 01:06:56.560,1.09217,1.0922,1.50,1.10
2015.12.04 01:06:57.099,1.09218,1.09223,1.50,8.25
2015.12.04 01:06:58.264,1.09218,1.09222,1.50,1.12
2015.12.04 01:06:58.790,1.09218,1.09223,1.50,5.70
2015.12.04 01:06:59.296,1.09218,1.09222,1.50,1.50
2015.12.04 01:07:06.306,1.09218,1.09221,1.50,1.00
2015.12.04 01:07:07.694,1.09217,1.09222,1.87,3.00
2015.12.04 01:07:10.269,1.09218,1.09222,1.00,1.50
2015.12.04 01:07:11.231,1.09217,1.09222,1.87,1.50
2015.12.04 01:07:11.688,1.09219,1.09222,1.00,1.50
2015.12.04 01:07:12.195,1.09219,1.09223,2.62,1.10
2015.12.04 01:07:19.241,1.0922,1.09223,1.00,1.20
2015.12.04 01:07:19.748,1.09219,1.09223,2.25,1.10
2015.12.04 01:07:27.659,1.09219,1.09223,1.50,5.70
2015.12.04 01:07:27.963,1.09212,1.09215,1.10,1.12
2015.12.04 01:07:28.268,1.09213,1.09217,1.00,1.00
2015.12.04 01:07:28.562,1.09215,1.09219,1.00,1.20
2015.12.04 01:07:29.119,1.09216,1.0922,1.00,3.75
2015.12.04 01:07:29.626,1.09217,1.09222,2.25,4.50
2015.12.04 01:07:30.903,1.09217,1.09222,2.25,1.95
2015.12.04 01:07:34.208,1.09217,1.09221,1.50,1.50
2015.12.04 01:07:34.714,1.09216,1.09221,1.10,2.62
2015.12.04 01:07:35.011,1.09216,1.09219,1.10,1.50
2015.12.04 01:07:36.017,1.09215,1.09218,5.62,2.25
2015.12.04 01:07:36.322,1.09214,1.09216,1.00,12.75
2015.12.04 01:07:36.525,1.0921,1.09215,3.07,3.75
2015.12.04 01:07:37.032,1.09211,1.09215,1.22,1.00
2015.12.04 01:07:37.906,1.09213,1.09215,1.50,1.50
2015.12.04 01:07:38.210,1.09213,1.09217,3.82,1.50
2015.12.04 01:07:38.717,1.09213,1.09215,1.50,1.50
2015.12.04 01:07:39.226,1.09211,1.09213,1.87,1.50
2015.12.04 01:07:39.924,1.09211,1.09215,2.62,3.75
2015.12.04 01:07:41.639,1.09213,1.09215,1.00,1.50
2015.12.04 01:07:42.159,1.09214,1.09217,2.25,1.50
2015.12.04 01:07:42.664,1.09215,1.09219,3.00,3.75
2015.12.04 01:07:43.170,1.09215,1.09218,2.25,2.25
2015.12.04 01:07:43.890,1.09215,1.09218,1.50,2.40
2015.12.04 01:07:44.143,1.09212,1.09215,1.10,1.87
2015.12.04 01:07:44.649,1.09211,1.09214,4.50,1.50
2015.12.04 01:07:45.106,1.0921,1.09213,3.37,2.25
2015.12.04 01:07:45.566,1.09208,1.0921,1.87,3.00
2015.12.04 01:07:46.072,1.09207,1.0921,1.12,3.00
2015.12.04 01:07:46.595,1.09208,1.09211,1.10,1.50
2015.12.04 01:07:47.102,1.09207,1.0921,1.87,1.50
2015.12.04 01:07:47.608,1.09207,1.09211,1.87,1.50
2015.12.04 01:07:48.256,1.09208,1.09212,1.57,2.62
2015.12.04 01:07:48.764,1.09208,1.09213,3.45,3.00
2015.12.04 01:07:50.210,1.09208,1.09213,4.20,1.50
2015.12.04 01:07:51.380,1.09208,1.09213,3.82,1.50
2015.12.04 01:07:51.785,1.09206,1.09211,5.62,3.00
2015.12.04 01:08:02.211,1.09207,1.0921,1.57,1.50
2015.12.04 01:08:03.167,1.09207,1.09209,1.50,1.50
2015.12.04 01:08:03.558,1.09206,1.09208,1.50,1.50
2015.12.04 01:08:03.609,1.09205,1.09207,2.32,1.50
2015.12.04 01:08:03.761,1.09203,1.09206,1.00,3.00
2015.12.04 01:08:03.812,1.09201,1.09205,2.32,4.87
2015.12.04 01:08:03.863,1.09201,1.09204,2.25,1.87
2015.12.04 01:08:03.964,1.09199,1.09202,1.57,1.12
2015.12.04 01:08:04.471,1.09197,1.09201,1.12,1.50
2015.12.04 01:08:05.333,1.09197,1.09201,1.10,1.50
2015.12.04 01:08:06.069,1.09198,1.09201,1.00,1.87
2015.12.04 01:08:10.246,1.09198,1.09202,1.50,3.45
2015.12.04 01:08:11.541,1.09198,1.09201,1.50,1.00
2015.12.04 01:08:12.048,1.09196,1.09201,1.12,3.00
2015.12.04 01:08:12.802,1.09196,1.09201,1.00,1.57
2015.12.04 01:08:21.808,1.09198,1.09201,1.00,1.10
2015.12.04 01:08:22.314,1.09197,1.09201,1.00,1.00
2015.12.04 01:08:26.143,1.09197,1.09202,2.25,3.07
2015.12.04 01:08:28.867,1.09197,1.09199,2.25,1.00
2015.12.04 01:08:29.378,1.09196,1.092,2.25,1.00
2015.12.04 01:08:29.885,1.09196,1.09201,2.25,1.50
2015.12.04 01:08:30.533,1.09197,1.09202,1.50,3.07
2015.12.04 01:08:32.494,1.09197,1.09201,1.50,1.50
2015.12.04 01:08:32.999,1.09197,1.09202,1.50,3.07
2015.12.04 01:08:33.657,1.09197,1.09201,1.50,1.00
2015.12.04 01:08:34.673,1.09196,1.09201,1.50,1.50
2015.12.04 01:08:38.095,1.09196,1.092,1.50,1.50
2015.12.04 01:08:39.701,1.09196,1.09201,1.50,1.57
2015.12.04 01:08:41.281,1.09198,1.09203,1.50,4.12
2015.12.04 01:08:42.205,1.09197,1.09202,3.00,3.07
2015.12.04 01:08:42.721,1.09197,1.09202,1.50,3.37
2015.12.04 01:08:43.228,1.09196,1.09201,2.25,3.37
2015.12.04 01:08:47.557,1.09197,1.09201,1.00,1.12
2015.12.04 01:08:50.441,1.09197,1.09202,2.25,2.62
2015.12.04 01:08:51.654,1.09197,1.092,3.00,1.00
2015.12.04 01:08:53.483,1.09197,1.09199,2.25,1.50
2015.12.04 01:08:53.806,1.09192,1.09193,1.00,1.50
2015.12.04 01:08:53.857,1.0919,1.09193,1.50,1.00
2015.12.04 01:08:54.615,1.09191,1.09193,1.00,1.00
2015.12.04 01:08:54.717,1.09192,1.09195,1.00,1.95
2015.12.04 01:08:54.818,1.09193,1.09197,4.87,3.07
2015.12.04 01:08:55.345,1.09192,1.09197,5.32,2.25
2015.12.04 01:08:56.658,1.09193,1.09197,2.25,2.25
2015.12.04 01:09:00.995,1.09195,1.09198,1.00,1.57
2015.12.04 01:09:01.540,1.09196,1.09199,1.00,1.50
2015.12.04 01:09:01.692,1.09197,1.09202,2.25,1.87
2015.12.04 01:09:03.685,1.09198,1.09202,1.50,1.87
2015.12.04 01:09:04.210,1.09197,1.09202,3.75,1.87
2015.12.04 01:09:14.743,1.09197,1.09202,1.50,1.50
2015.12.04 01:09:24.919,1.09197,1.092,1.00,1.50
2015.12.04 01:09:25.074,1.09193,1.09197,1.00,1.50
2015.12.04 01:09:25.276,1.09191,1.09196,6.75,2.10
2015.12.04 01:09:25.836,1.09191,1.09196,1.50,5.17
2015.12.04 01:09:27.671,1.09191,1.09196,1.50,2.10
2015.12.04 01:09:28.180,1.09191,1.09196,3.75,1.50
2015.12.04 01:09:28.686,1.09192,1.09197,4.50,1.57
2015.12.04 01:09:29.292,1.09192,1.09195,4.50,2.25
2015.12.04 01:09:29.495,1.0919,1.09194,3.07,1.50
2015.12.04 01:09:29.597,1.09192,1.09194,1.00,1.50
2015.12.04 01:09:29.699,1.09189,1.09194,6.00,1.50
2015.12.04 01:09:33.955,1.0919,1.09194,1.00,1.00
2015.12.04 01:09:34.488,1.09188,1.09192,2.32,1.75
2015.12.04 01:09:34.793,1.09182,1.09185,1.50,2.25
2015.12.04 01:09:34.982,1.09178,1.09182,1.10,1.50
2015.12.04 01:09:35.490,1.09177,1.09182,1.57,2.25
2015.12.04 01:09:43.081,1.09179,1.09182,1.00,1.10
2015.12.04 01:09:43.442,1.09183,1.09185,3.75,1.50
2015.12.04 01:09:43.494,1.09184,1.09188,1.00,1.87
2015.12.04 01:09:44.000,1.09183,1.09188,1.00,1.87
2015.12.04 01:09:49.806,1.09185,1.09189,1.00,4.12
2015.12.04 01:09:49.958,1.09183,1.09188,1.50,3.75
2015.12.04 01:09:50.262,1.09183,1.09188,1.50,6.37
2015.12.04 01:09:50.578,1.09181,1.09185,1.00,7.87
2015.12.04 01:09:50.832,1.09178,1.09183,2.25,1.57
2015.12.04 01:09:55.367,1.09178,1.09182,2.25,1.50
2015.12.04 01:09:55.897,1.09178,1.09183,3.75,3.07
2015.12.04 01:09:59.916,1.09179,1.09183,1.50,1.57
2015.12.04 01:10:00.506,1.09178,1.09183,3.07,1.50
2015.12.04 01:10:01.012,1.09179,1.09184,3.00,1.50
2015.12.04 01:10:02.081,1.0918,1.09184,1.50,1.50
2015.12.04 01:10:02.587,1.09179,1.09184,3.07,1.50
2015.12.04 01:10:05.141,1.09183,1.09185,4.50,1.00
2015.12.04 01:10:05.193,1.09185,1.09186,1.00,1.50
2015.12.04 01:10:05.244,1.09185,1.09189,1.00,1.10
2015.12.04 01:10:05.751,1.09186,1.0919,2.25,2.12
2015.12.04 01:10:07.064,1.09187,1.0919,1.50,1.37
2015.12.04 01:10:07.841,1.09186,1.0919,2.25,1.37
2015.12.04 01:10:17.180,1.09187,1.0919,1.50,1.37
2015.12.04 01:10:17.688,1.09186,1.09191,3.00,1.75
2015.12.04 01:10:18.537,1.09188,1.0919,1.00,1.50
2015.12.04 01:10:18.740,1.09186,1.0919,1.10,4.50
2015.12.04 01:10:19.590,1.09187,1.0919,1.00,2.32
2015.12.04 01:10:20.096,1.09186,1.09191,1.87,2.25
2015.12.04 01:10:24.219,1.09186,1.0919,3.37,1.50
2015.12.04 01:10:24.827,1.09186,1.09189,1.87,2.25
2015.12.04 01:10:25.082,1.09184,1.09188,1.57,1.50
2015.12.04 01:10:25.133,1.09184,1.09186,1.50,1.50
2015.12.04 01:10:25.427,1.09181,1.09185,1.57,1.20
2015.12.04 01:10:25.934,1.09179,1.09184,1.87,1.50
2015.12.04 01:10:28.645,1.0918,1.09183,1.10,1.50
2015.12.04 01:10:28.696,1.09182,1.09183,1.00,3.00
2015.12.04 01:10:28.798,1.09182,1.09186,3.00,1.00
2015.12.04 01:10:29.198,1.09183,1.09188,1.57,7.57
2015.12.04 01:10:29.908,1.09185,1.09188,1.50,1.10
2015.12.04 01:10:30.426,1.09185,1.09189,1.50,1.57
2015.12.04 01:10:32.292,1.09185,1.09188,1.50,1.87
2015.12.04 01:10:38.745,1.09185,1.09186,1.50,3.37
2015.12.04 01:10:39.257,1.09185,1.09188,1.50,4.50
2015.12.04 01:10:40.168,1.09185,1.09186,1.50,3.37
2015.12.04 01:10:40.677,1.09185,1.09188,1.50,6.00
2015.12.04 01:10:43.213,1.09184,1.09187,1.50,3.45
2015.12.04 01:10:43.672,1.09182,1.09184,2.25,3.37
2015.12.04 01:10:43.906,1.09177,1.0918,2.70,3.37
2015.12.04 01:10:44.008,1.09177,1.09178,1.12,2.25
2015.12.04 01:10:44.464,1.09175,1.09177,1.87,1.00
2015.12.04 01:10:44.668,1.0917,1.09171,1.50,3.37
2015.12.04 01:10:44.771,1.09168,1.09171,2.25,3.37
2015.12.04 01:10:45.308,1.09168,1.09172,1.50,3.45
2015.12.04 01:10:45.561,1.0917,1.09174,1.00,1.87
2015.12.04 01:10:46.068,1.0917,1.09174,6.00,3.45
2015.12.04 01:10:46.573,1.09171,1.09175,1.00,3.37
2015.12.04 01:10:46.877,1.09173,1.09178,3.75,6.37
2015.12.04 01:10:46.928,1.09174,1.09178,1.50,4.87
2015.12.04 01:10:48.014,1.09173,1.09177,1.50,1.50
2015.12.04 01:10:48.116,1.09172,1.09174,1.00,3.00
2015.12.04 01:10:48.622,1.09171,1.09174,1.00,3.00
2015.12.04 01:10:49.148,1.0917,1.09174,2.25,6.37
2015.12.04 01:10:50.982,1.09171,1.09175,1.50,3.00
2015.12.04 01:10:54.040,1.0917,1.09174,3.75,2.62
2015.12.04 01:10:54.345,1.09168,1.09171,1.50,1.50
2015.12.04 01:10:54.858,1.09167,1.09172,1.00,2.62
2015.12.04 01:11:01.343,1.09167,1.09172,2.25,4.12
2015.12.04 01:11:01.647,1.09169,1.09172,1.50,1.50
2015.12.04 01:11:02.154,1.09169,1.09172,2.25,1.57
2015.12.04 01:11:02.778,1.09169,1.09173,3.00,2.32
2015.12.04 01:11:04.316,1.09169,1.09172,1.50,1.50
2015.12.04 01:11:04.634,1.09166,1.09171,9.00,1.87
2015.12.04 01:11:05.645,1.09168,1.09172,1.00,3.00
2015.12.04 01:11:06.166,1.09167,1.09172,3.37,3.00
2015.12.04 01:11:06.672,1.09168,1.09173,2.25,3.75
2015.12.04 01:11:07.466,1.09168,1.09173,2.34,3.07
2015.12.04 01:11:08.952,1.09172,1.09175,2.25,3.00
2015.12.04 01:11:09.460,1.09173,1.09175,1.00,3.00
2015.12.04 01:11:10.486,1.09174,1.09175,1.00,3.00
2015.12.04 01:11:10.688,1.09174,1.09176,2.25,2.62
2015.12.04 01:11:10.790,1.09175,1.09179,4.50,1.12
2015.12.04 01:11:11.297,1.09176,1.0918,1.50,4.12
2015.12.04 01:11:16.794,1.09177,1.09181,1.00,3.75
2015.12.04 01:11:17.300,1.09176,1.0918,2.25,4.12
2015.12.04 01:11:18.359,1.09176,1.09179,1.50,3.75
2015.12.04 01:11:18.612,1.09174,1.09177,1.50,3.60
2015.12.04 01:11:18.714,1.09173,1.09175,5.25,1.87
2015.12.04 01:11:18.867,1.0917,1.09174,1.50,2.62
2015.12.04 01:11:20.201,1.09168,1.09172,7.12,3.37
2015.12.04 01:11:20.656,1.0917,1.09172,1.00,1.87
2015.12.04 01:11:21.025,1.0917,1.09175,4.50,1.57
2015.12.04 01:11:21.532,1.09171,1.09176,1.12,3.37
2015.12.04 01:11:22.202,1.09172,1.09176,1.00,1.12
2015.12.04 01:11:22.774,1.09172,1.09174,1.00,1.57
2015.12.04 01:11:22.977,1.0917,1.09174,1.00,1.57
2015.12.04 01:11:23.405,1.09167,1.09172,4.12,2.25
2015.12.04 01:11:23.749,1.09167,1.0917,1.50,3.00
2015.12.04 01:11:23.901,1.09165,1.0917,4.50,4.87
2015.12.04 01:11:24.408,1.09165,1.09169,2.25,3.00
2015.12.04 01:11:25.196,1.09165,1.0917,5.25,1.87
2015.12.04 01:11:25.840,1.09166,1.09169,1.00,1.57
2015.12.04 01:11:28.639,1.09167,1.0917,1.00,1.57
2015.12.04 01:11:29.552,1.09167,1.09169,1.00,1.50
2015.12.04 01:11:30.340,1.09167,1.0917,1.00,3.07
2015.12.04 01:11:30.927,1.09167,1.09169,1.00,1.50
2015.12.04 01:11:31.522,1.09167,1.0917,1.00,3.00
2015.12.04 01:11:32.047,1.09167,1.09169,1.00,1.50
2015.12.04 01:11:34.440,1.09167,1.09171,1.00,1.10
2015.12.04 01:11:34.643,1.09167,1.09169,1.00,1.50
2015.12.04 01:11:35.181,1.09167,1.0917,1.00,1.50
2015.12.04 01:11:35.773,1.09167,1.09169,1.00,1.50
2015.12.04 01:11:36.582,1.09167,1.0917,1.00,3.82
2015.12.04 01:11:37.088,1.09167,1.09169,1.00,1.50
2015.12.04 01:11:37.985,1.09167,1.0917,1.00,3.82
2015.12.04 01:11:38.491,1.09167,1.09169,1.00,1.50
2015.12.04 01:11:39.133,1.09167,1.0917,1.50,3.07
2015.12.04 01:11:40.742,1.09167,1.09171,1.50,2.32
2015.12.04 01:11:41.345,1.09167,1.0917,1.50,1.50
2015.12.04 01:11:42.192,1.09168,1.09169,1.00,2.25
2015.12.04 01:11:42.802,1.09168,1.0917,1.00,1.00
2015.12.04 01:11:44.758,1.09167,1.0917,1.50,3.75
2015.12.04 01:11:45.307,1.09167,1.09169,1.00,1.50
2015.12.04 01:11:46.171,1.09166,1.0917,3.00,6.00
2015.12.04 01:11:46.710,1.09167,1.09169,1.00,1.50
2015.12.04 01:11:48.056,1.09166,1.09169,3.00,1.50
2015.12.04 01:11:48.955,1.09167,1.09169,1.00,1.50
2015.12.04 01:11:51.544,1.09166,1.09169,3.00,1.50
2015.12.04 01:11:52.468,1.09166,1.0917,2.25,3.00
2015.12.04 01:11:52.873,1.09166,1.09168,2.25,1.50
2015.12.04 01:11:55.608,1.09166,1.09169,2.25,1.50
2015.12.04 01:11:56.298,1.09166,1.09168,2.25,1.50
2015.12.04 01:11:56.400,1.09167,1.0917,1.10,1.00
2015.12.04 01:11:56.653,1.09167,1.09171,3.75,1.50
2015.12.04 01:11:57.239,1.09167,1.09172,5.25,3.00
2015.12.04 01:11:58.303,1.09167,1.09171,4.50,1.50
2015.12.04 01:11:59.496,1.09167,1.09171,3.37,1.50
2015.12.04 01:12:00.002,1.09167,1.0917,2.62,3.00
2015.12.04 01:12:00.528,1.09167,1.09169,1.50,1.50
2015.12.04 01:12:01.030,1.09167,1.0917,1.50,3.00
2015.12.04 01:12:01.575,1.09167,1.09169,1.50,1.50
2015.12.04 01:12:02.125,1.09167,1.0917,1.50,3.00
2015.12.04 01:12:02.429,1.09167,1.09172,2.25,3.07
2015.12.04 01:12:02.934,1.09167,1.0917,2.25,1.50
2015.12.04 01:12:05.137,1.09167,1.09171,3.00,3.00
2015.12.04 01:12:08.434,1.09167,1.09172,2.25,3.82
2015.12.04 01:12:08.971,1.09167,1.09171,3.00,1.50
2015.12.04 01:12:09.478,1.09169,1.09171,1.00,1.50
2015.12.04 01:12:09.782,1.09172,1.09173,3.00,1.00
2015.12.04 01:12:09.992,1.09175,1.09179,1.00,4.57
2015.12.04 01:12:10.298,1.09177,1.0918,1.00,3.75
2015.12.04 01:12:16.950,1.09177,1.09181,1.50,2.32
2015.12.04 01:12:17.355,1.09177,1.09179,1.50,1.50
2015.12.04 01:12:17.507,1.09175,1.09178,1.57,1.50
2015.12.04 01:12:17.762,1.09175,1.09176,1.00,1.50
2015.12.04 01:12:17.914,1.09172,1.09174,1.00,1.50
2015.12.04 01:12:18.117,1.0917,1.09175,1.50,4.95
2015.12.04 01:12:18.313,1.09169,1.09172,2.32,1.50
2015.12.04 01:12:18.566,1.0917,1.09174,1.50,3.00
2015.12.04 01:12:19.072,1.09171,1.09174,2.25,1.50
2015.12.04 01:12:19.578,1.09171,1.09173,2.25,1.50
2015.12.04 01:12:19.796,1.09169,1.09172,1.57,1.50
2015.12.04 01:12:20.303,1.09168,1.09173,2.62,3.00
2015.12.04 01:12:20.809,1.09169,1.09174,2.32,3.00
2015.12.04 01:12:28.439,1.09169,1.09174,3.37,3.00
2015.12.04 01:12:29.998,1.09171,1.09174,1.00,1.00
2015.12.04 01:12:30.605,1.09171,1.09173,1.00,1.50
2015.12.04 01:12:30.707,1.09169,1.09173,1.10,2.25
2015.12.04 01:12:31.023,1.09167,1.09171,1.87,1.50
2015.12.04 01:12:31.529,1.09167,1.09172,1.87,3.75
2015.12.04 01:12:35.332,1.09167,1.09172,1.50,3.75
2015.12.04 01:12:37.066,1.09168,1.09173,1.00,3.00
2015.12.04 01:12:42.013,1.09169,1.09173,1.50,1.00
2015.12.04 01:12:42.317,1.0917,1.09175,6.00,2.32
2015.12.04 01:12:46.172,1.09171,1.09176,3.00,2.62
2015.12.04 01:12:47.321,1.0917,1.09175,3.07,1.50
2015.12.04 01:12:47.858,1.09171,1.09175,1.50,1.50
2015.12.04 01:12:48.852,1.09172,1.09177,1.50,2.62
2015.12.04 01:12:49.782,1.09172,1.09177,3.07,1.50
2015.12.04 01:12:49.985,1.09176,1.09179,1.50,3.07
2015.12.04 01:12:50.512,1.09176,1.0918,1.50,11.25
2015.12.04 01:12:51.169,1.09176,1.09179,1.50,1.50
2015.12.04 01:12:52.610,1.09176,1.0918,1.50,7.50
2015.12.04 01:12:53.135,1.09176,1.09179,1.50,1.50
2015.12.04 01:12:54.481,1.09176,1.0918,1.50,12.75
2015.12.04 01:13:02.308,1.09174,1.09178,1.87,1.00
2015.12.04 01:13:02.612,1.09172,1.09175,1.57,1.12
2015.12.04 01:13:02.905,1.0917,1.09175,3.82,1.50
2015.12.04 01:13:03.310,1.09172,1.09177,5.25,1.50
2015.12.04 01:13:03.615,1.09175,1.09179,1.57,1.50
2015.12.04 01:13:06.079,1.09176,1.09179,1.00,1.00
2015.12.04 01:13:08.160,1.09176,1.0918,1.50,3.00
2015.12.04 01:13:11.022,1.09176,1.09181,2.32,3.75
2015.12.04 01:13:11.326,1.09183,1.09185,1.00,1.00
2015.12.04 01:13:11.377,1.09183,1.09187,1.50,1.50
2015.12.04 01:13:11.428,1.09185,1.0919,1.57,9.75
2015.12.04 01:13:11.929,1.09186,1.0919,1.50,6.75
2015.12.04 01:13:16.508,1.09186,1.0919,1.87,3.00
2015.12.04 01:13:16.761,1.09185,1.09187,4.50,7.50
2015.12.04 01:13:16.964,1.09182,1.09184,2.25,1.50
2015.12.04 01:13:17.066,1.09183,1.09185,1.50,4.93
2015.12.04 01:13:17.117,1.09183,1.09186,1.00,14.83
2015.12.04 01:13:17.168,1.09183,1.09184,1.00,1.35
2015.12.04 01:13:17.320,1.09183,1.09186,1.00,16.33
2015.12.04 01:13:17.372,1.0918,1.09184,2.25,1.35
2015.12.04 01:13:17.895,1.09179,1.09184,1.50,5.25
2015.12.04 01:13:18.403,1.0918,1.09183,1.00,1.50
2015.12.04 01:13:18.927,1.09181,1.09184,1.00,3.00
2015.12.04 01:13:19.989,1.0918,1.09184,3.75,1.50
2015.12.04 01:13:21.242,1.09181,1.09184,1.00,1.50
2015.12.04 01:13:21.444,1.09184,1.09186,1.00,13.11
2015.12.04 01:13:21.812,1.09186,1.09188,1.00,1.00
2015.12.04 01:13:22.320,1.09185,1.09188,1.00,2.25
2015.12.04 01:13:24.448,1.09184,1.09188,4.50,2.92
2015.12.04 01:13:25.157,1.09185,1.09188,1.00,4.42
2015.12.04 01:13:25.937,1.09185,1.09189,2.25,1.57
2015.12.04 01:13:27.112,1.09186,1.0919,1.50,6.30
2015.12.04 01:13:27.619,1.09186,1.0919,1.50,4.20
2015.12.04 01:13:28.126,1.09186,1.09189,1.50,3.75
2015.12.04 01:13:30.017,1.09186,1.0919,1.50,5.25
2015.12.04 01:13:33.647,1.09187,1.0919,1.50,1.50
2015.12.04 01:13:34.052,1.09189,1.09192,1.50,4.12
2015.12.04 01:13:34.104,1.09189,1.09193,1.50,3.82
2015.12.04 01:13:34.263,1.09191,1.09193,1.50,1.00
2015.12.04 01:13:34.416,1.09195,1.09198,2.25,5.92
2015.12.04 01:13:34.467,1.09197,1.09198,1.50,4.42
2015.12.04 01:13:34.569,1.09197,1.092,1.50,5.17
2015.12.04 01:13:34.621,1.09197,1.09198,1.50,3.67
2015.12.04 01:13:35.128,1.09196,1.09198,1.00,3.67
2015.12.04 01:13:35.642,1.09196,1.09199,3.00,3.67
2015.12.04 01:13:35.743,1.09196,1.09201,3.00,5.25
2015.12.04 01:13:38.581,1.09197,1.09201,1.50,1.10
2015.12.04 01:13:39.483,1.09196,1.09201,3.00,1.10
2015.12.04 01:13:40.008,1.09197,1.09201,1.50,1.10
2015.12.04 01:13:42.459,1.09196,1.09199,1.50,1.00
2015.12.04 01:13:42.974,1.09197,1.092,3.00,9.37
2015.12.04 01:13:45.493,1.09199,1.09201,1.50,2.62
2015.12.04 01:13:45.746,1.09203,1.09204,3.75,2.25
2015.12.04 01:13:45.942,1.09205,1.09207,1.50,1.00
2015.12.04 01:13:45.993,1.09205,1.0921,1.50,6.82
2015.12.04 01:13:46.095,1.09205,1.09208,1.00,1.50
2015.12.04 01:13:46.601,1.09204,1.09209,1.50,3.07
2015.12.04 01:13:46.929,1.09204,1.09206,3.00,1.00
2015.12.04 01:13:47.166,1.09205,1.09208,1.00,1.20
2015.12.04 01:13:47.268,1.09205,1.09206,1.00,1.50
2015.12.04 01:13:47.774,1.09204,1.09208,1.50,1.87
2015.12.04 01:13:48.280,1.09203,1.09208,3.00,1.87
2015.12.04 01:13:48.597,1.09205,1.09207,1.50,1.00
2015.12.04 01:13:48.750,1.09205,1.09209,2.25,1.57
2015.12.04 01:13:48.852,1.09205,1.0921,1.50,8.10
2015.12.04 01:13:49.107,1.09202,1.09205,1.12,3.00
2015.12.04 01:13:49.312,1.09201,1.09205,3.07,1.12
2015.12.04 01:13:50.015,1.09202,1.09205,1.00,1.12
2015.12.04 01:13:50.168,1.09204,1.09207,1.00,1.57
2015.12.04 01:13:50.472,1.09207,1.09208,1.00,1.50
2015.12.04 01:13:50.523,1.09207,1.0921,1.50,1.50
2015.12.04 01:13:51.029,1.09208,1.0921,1.50,1.50
2015.12.04 01:13:51.551,1.09208,1.09211,1.50,1.50
2015.12.04 01:13:52.057,1.09208,1.0921,1.50,3.00
2015.12.04 01:13:56.619,1.09208,1.09212,1.50,1.10
2015.12.04 01:13:57.794,1.09209,1.09212,1.50,1.10
2015.12.04 01:13:57.997,1.09212,1.09215,1.00,1.12
2015.12.04 01:13:58.201,1.09213,1.09217,3.00,1.22
2015.12.04 01:13:58.752,1.09212,1.09215,1.00,1.12
2015.12.04 01:14:06.131,1.09211,1.09215,1.50,6.75
2015.12.04 01:14:06.676,1.0921,1.09214,4.50,1.57
2015.12.04 01:14:07.183,1.09211,1.09215,2.25,7.87
2015.12.04 01:14:07.946,1.0921,1.09215,3.00,5.62
2015.12.04 01:14:09.338,1.09211,1.09215,1.50,5.62
2015.12.04 01:14:10.943,1.0921,1.09215,4.50,11.62
2015.12.04 01:14:15.736,1.0921,1.09213,1.00,1.00
2015.12.04 01:14:15.788,1.09208,1.09213,2.32,1.50
2015.12.04 01:14:16.043,1.09208,1.0921,1.00,1.00
2015.12.04 01:14:16.145,1.09206,1.0921,2.25,3.00
2015.12.04 01:14:16.247,1.09205,1.09208,6.07,3.47
2015.12.04 01:14:16.349,1.09203,1.09205,1.57,1.00
2015.12.04 01:14:16.450,1.09201,1.09205,3.82,1.12
2015.12.04 01:14:16.967,1.09201,1.09204,1.50,5.25
2015.12.04 01:14:17.727,1.09201,1.09205,2.25,4.12
2015.12.04 01:14:18.132,1.09203,1.09205,1.50,1.12
2015.12.04 01:14:18.388,1.09203,1.09208,3.00,2.62
2015.12.04 01:14:18.440,1.09205,1.09208,1.00,2.40
2015.12.04 01:14:18.946,1.09205,1.09207,1.00,2.25
2015.12.04 01:14:19.048,1.09202,1.09205,2.25,1.00
2015.12.04 01:14:19.563,1.09201,1.09205,1.10,4.20
2015.12.04 01:14:20.273,1.09203,1.09205,1.00,3.75
2015.12.04 01:14:20.579,1.09201,1.09205,2.32,4.50
2015.12.04 01:14:21.124,1.09202,1.09205,1.00,4.50
2015.12.04 01:14:21.629,1.09201,1.09205,2.32,4.50
2015.12.04 01:14:22.286,1.09202,1.09205,1.00,3.00
2015.12.04 01:14:22.796,1.09203,1.09206,2.25,1.50
2015.12.04 01:14:23.429,1.09203,1.09205,1.00,3.00
2015.12.04 01:14:23.962,1.09202,1.09205,1.00,1.50
2015.12.04 01:14:27.269,1.09202,1.09206,1.50,3.00
2015.12.04 01:14:29.271,1.09202,1.09205,1.00,1.50
2015.12.04 01:14:29.790,1.09201,1.09205,3.82,1.50
2015.12.04 01:14:30.296,1.09201,1.09206,4.57,3.00
2015.12.04 01:14:30.802,1.09202,1.09207,1.50,3.00
2015.12.04 01:14:31.765,1.09203,1.09207,1.00,1.50
2015.12.04 01:14:31.816,1.09205,1.09207,1.00,1.00
2015.12.04 01:14:31.968,1.09206,1.0921,1.50,5.62
2015.12.04 01:14:32.272,1.09207,1.09212,1.50,3.37
2015.12.04 01:14:32.497,1.09209,1.09212,1.00,1.10
2015.12.04 01:14:33.255,1.09209,1.09213,1.00,3.07
2015.12.04 01:14:33.933,1.09209,1.09212,1.00,1.50
2015.12.04 01:14:39.350,1.09208,1.09213,3.75,1.87
2015.12.04 01:14:39.878,1.09209,1.09213,1.50,1.87
2015.12.04 01:14:40.454,1.09209,1.09213,1.50,1.50
2015.12.04 01:14:41.662,1.0921,1.09214,1.50,2.32
2015.12.04 01:14:42.427,1.0921,1.09215,4.50,8.32
2015.12.04 01:14:44.527,1.0921,1.09214,3.00,1.00
2015.12.04 01:14:44.832,1.09215,1.09217,1.00,1.10
2015.12.04 01:14:45.036,1.09215,1.09219,2.25,1.10
2015.12.04 01:14:45.137,1.09215,1.09217,2.25,1.65
2015.12.04 01:14:45.480,1.09211,1.09214,1.50,1.50
2015.12.04 01:14:45.532,1.09211,1.09212,1.00,1.00
2015.12.04 01:14:45.785,1.09209,1.09211,2.25,1.00
2015.12.04 01:14:46.537,1.09209,1.09212,1.00,1.10
2015.12.04 01:14:48.242,1.09209,1.0921,1.00,1.50
2015.12.04 01:14:48.394,1.09207,1.09209,1.50,1.00
2015.12.04 01:14:48.599,1.09204,1.09208,3.00,1.00
2015.12.04 01:14:48.752,1.09203,1.09206,3.75,1.65
2015.12.04 01:14:49.259,1.09202,1.09206,1.50,2.92
2015.12.04 01:14:51.034,1.09202,1.09204,1.50,1.50
2015.12.04 01:14:51.287,1.09198,1.09201,1.00,2.25
2015.12.04 01:14:51.491,1.09196,1.09201,3.75,3.82
2015.12.04 01:14:51.810,1.09198,1.09201,1.50,3.07
2015.12.04 01:14:52.114,1.092,1.09201,4.50,3.37
2015.12.04 01:14:54.443,1.09199,1.09201,3.75,3.37
2015.12.04 01:14:54.855,1.092,1.09202,1.50,1.50
2015.12.04 01:14:56.393,1.09199,1.09203,1.50,1.57
2015.12.04 01:14:56.595,1.09201,1.09203,1.50,1.57
2015.12.04 01:14:57.101,1.09201,1.09204,1.50,1.87
2015.12.04 01:14:57.515,1.09199,1.09201,1.50,1.50
2015.12.04 01:14:58.021,1.09198,1.092,1.50,3.00
2015.12.04 01:14:58.528,1.09197,1.09199,2.25,1.50
2015.12.04 01:14:59.057,1.09197,1.092,2.25,1.50
2015.12.04 01:14:59.605,1.09197,1.09199,2.25,1.50
2015.12.04 01:15:00.588,1.09197,1.092,1.50,3.00
2015.12.04 01:15:01.162,1.09197,1.09201,2.25,1.50
2015.12.04 01:15:02.846,1.09197,1.092,2.25,1.50
2015.12.04 01:15:03.598,1.09197,1.09201,3.75,1.50
2015.12.04 01:15:03.902,1.092,1.09202,1.50,1.50
2015.12.04 01:15:04.410,1.092,1.09203,1.00,1.50
2015.12.04 01:15:04.917,1.09201,1.09203,1.00,1.57
2015.12.04 01:15:05.742,1.09201,1.09202,1.50,1.50
2015.12.04 01:15:06.365,1.09201,1.09203,1.50,1.50
2015.12.04 01:15:06.927,1.092,1.09203,4.50,1.00
2015.12.04 01:15:07.282,1.09202,1.09203,1.50,1.00
2015.12.04 01:15:07.787,1.09201,1.09203,3.37,1.24
2015.12.04 01:15:07.839,1.09201,1.09203,3.00,1.68
2015.12.04 01:15:07.892,1.092,1.09201,1.57,4.50
2015.12.04 01:15:08.097,1.09197,1.092,1.10,1.00
2015.12.04 01:15:08.615,1.09198,1.092,1.50,1.00
2015.12.04 01:15:09.408,1.09199,1.09203,1.50,1.00
2015.12.04 01:15:09.662,1.09201,1.09204,1.50,1.50
2015.12.04 01:15:09.713,1.09201,1.09206,3.07,3.09
2015.12.04 01:15:09.815,1.09203,1.09207,3.75,1.50
2015.12.04 01:15:10.116,1.09208,1.09211,1.50,1.00
2015.12.04 01:15:10.168,1.09208,1.09213,1.50,2.32
2015.12.04 01:15:10.320,1.09211,1.09215,1.50,13.20
2015.12.04 01:15:10.625,1.09214,1.09216,1.50,4.80
2015.12.04 01:15:10.930,1.09213,1.09218,2.32,6.30
2015.12.04 01:15:11.111,1.09212,1.09214,1.87,1.00
2015.12.04 01:15:11.213,1.0921,1.09214,2.32,1.00
2015.12.04 01:15:11.874,1.09209,1.09214,1.57,5.25
2015.12.04 01:15:11.925,1.09209,1.09212,1.57,1.00
2015.12.04 01:15:12.238,1.09209,1.09214,1.50,3.07
2015.12.04 01:15:12.289,1.09209,1.09212,3.00,1.00
2015.12.04 01:15:12.594,1.09209,1.09214,1.50,4.57
2015.12.04 01:15:12.901,1.09211,1.09215,3.00,3.00
2015.12.04 01:15:13.447,1.09214,1.09217,3.75,3.30
2015.12.04 01:15:13.753,1.09218,1.09222,1.50,1.95
2015.12.04 01:15:14.261,1.09218,1.0922,1.50,2.55
2015.12.04 01:15:14.789,1.09218,1.09221,1.50,3.00
2015.12.04 01:15:15.296,1.09218,1.09222,1.57,1.00
2015.12.04 01:15:15.857,1.09218,1.09221,1.00,2.25
2015.12.04 01:15:16.369,1.09218,1.09222,1.50,1.50
2015.12.04 01:15:17.322,1.09218,1.09223,1.50,5.55
2015.12.04 01:15:17.887,1.09218,1.09222,1.50,3.75
2015.12.04 01:15:18.256,1.09216,1.09221,1.10,3.75
2015.12.04 01:15:18.567,1.09215,1.09216,1.87,4.50
2015.12.04 01:15:18.669,1.09211,1.09215,1.87,3.00
2015.12.04 01:15:18.720,1.0921,1.09215,3.37,6.67
2015.12.04 01:15:18.924,1.09208,1.09213,3.07,1.50
2015.12.04 01:15:19.431,1.09207,1.09212,1.57,3.00
2015.12.04 01:15:19.840,1.09209,1.09213,1.50,3.07
2015.12.04 01:15:20.347,1.09208,1.09212,2.32,1.12
2015.12.04 01:15:20.852,1.0921,1.09215,1.50,6.37
2015.12.04 01:15:21.157,1.09213,1.09215,3.00,1.00
2015.12.04 01:15:21.259,1.09213,1.09217,1.50,1.50
2015.12.04 01:15:21.361,1.09215,1.0922,1.50,9.37
2015.12.04 01:15:21.912,1.09214,1.09219,2.25,2.25
2015.12.04 01:15:22.229,1.09215,1.0922,1.87,5.25
2015.12.04 01:15:22.534,1.09218,1.09221,1.10,3.75
2015.12.04 01:15:22.738,1.09218,1.09223,1.57,8.62
2015.12.04 01:15:23.279,1.09218,1.09222,1.12,2.25
2015.12.04 01:15:23.785,1.09218,1.09223,1.12,5.25
2015.12.04 01:15:24.140,1.09218,1.0922,1.10,1.00
2015.12.04 01:15:24.428,1.09214,1.09215,1.52,3.00
2015.12.04 01:15:24.479,1.09213,1.09216,1.57,2.62
2015.12.04 01:15:24.683,1.09211,1.09215,1.50,2.25
2015.12.04 01:15:24.785,1.09212,1.09217,1.50,2.25
2015.12.04 01:15:26.423,1.09212,1.09217,3.82,3.47
2015.12.04 01:15:27.054,1.09212,1.09214,1.00,2.62
2015.12.04 01:15:27.105,1.0921,1.09214,1.57,1.00
2015.12.04 01:15:27.207,1.09208,1.09212,2.62,1.50
2015.12.04 01:15:27.309,1.09207,1.09212,3.82,3.00
2015.12.04 01:15:29.120,1.09207,1.09211,2.32,1.00
2015.12.04 01:15:29.597,1.09205,1.09209,1.12,1.50
2015.12.04 01:15:29.648,1.09204,1.09209,6.07,1.50
2015.12.04 01:15:29.851,1.09206,1.09209,1.00,1.00
2015.12.04 01:15:29.903,1.09206,1.09211,1.50,1.57
2015.12.04 01:15:30.409,1.09207,1.09212,1.50,4.12
2015.12.04 01:15:30.952,1.09208,1.09212,1.00,1.50
2015.12.04 01:15:31.560,1.09207,1.09212,6.07,1.50
2015.12.04 01:15:31.964,1.09209,1.09213,1.50,1.50
2015.12.04 01:15:34.647,1.09208,1.09213,2.25,3.75
2015.12.04 01:15:40.728,1.09208,1.09211,1.50,1.87
2015.12.04 01:15:40.880,1.09206,1.09211,3.07,3.37
2015.12.04 01:15:41.387,1.09206,1.09211,1.50,4.50
2015.12.04 01:15:42.797,1.09206,1.09211,1.00,3.45
2015.12.04 01:15:45.599,1.09207,1.09211,1.50,1.10
2015.12.04 01:15:46.077,1.09209,1.09213,1.00,3.00
2015.12.04 01:15:46.583,1.09209,1.09214,5.25,1.12
2015.12.04 01:15:47.127,1.09209,1.09214,4.50,1.10
2015.12.04 01:15:51.780,1.09208,1.09213,2.32,1.00
2015.12.04 01:16:03.056,1.09209,1.09213,1.50,3.45
2015.12.04 01:16:03.606,1.0921,1.09214,3.00,1.00
2015.12.04 01:16:04.114,1.09211,1.09215,1.00,2.02
2015.12.04 01:16:04.620,1.0921,1.09215,5.25,5.40
2015.12.04 01:16:05.162,1.09211,1.09215,1.00,6.90
2015.12.04 01:16:05.806,1.09212,1.09215,1.00,6.90
2015.12.04 01:16:06.796,1.09214,1.09215,1.00,1.87
2015.12.04 01:16:06.847,1.09214,1.09217,1.50,1.57
2015.12.04 01:16:07.354,1.09213,1.09218,3.75,2.32
2015.12.04 01:16:07.506,1.09213,1.09218,1.50,2.42
2015.12.04 01:16:08.020,1.09213,1.09217,1.50,2.62
2015.12.04 01:16:08.359,1.09215,1.09218,1.50,2.70
2015.12.04 01:16:10.196,1.09215,1.09219,1.50,1.57
2015.12.04 01:16:10.722,1.09215,1.09218,1.50,1.50
2015.12.04 01:16:12.134,1.09215,1.09217,1.50,1.50
2015.12.04 01:16:12.289,1.09212,1.09215,1.10,1.87
2015.12.04 01:16:12.792,1.09211,1.09215,1.10,5.25
2015.12.04 01:16:13.523,1.0921,1.09213,4.12,1.00
2015.12.04 01:16:13.827,1.09207,1.09209,1.50,1.50
2015.12.04 01:16:15.338,1.09205,1.0921,2.25,5.25
2015.12.04 01:16:15.850,1.09205,1.0921,3.00,6.82
2015.12.04 01:16:16.370,1.09205,1.09209,3.75,1.50
2015.12.04 01:16:17.227,1.09206,1.09209,1.50,1.50
2015.12.04 01:16:17.757,1.09205,1.0921,6.00,4.57
2015.12.04 01:16:18.061,1.09207,1.0921,1.00,4.57
2015.12.04 01:16:18.570,1.09207,1.09209,1.00,1.50
2015.12.04 01:16:19.270,1.09207,1.0921,1.00,6.75
2015.12.04 01:16:19.921,1.09207,1.09209,1.00,1.50
2015.12.04 01:16:20.976,1.09207,1.0921,1.00,5.32
2015.12.04 01:16:21.027,1.09205,1.0921,6.00,5.32
2015.12.04 01:16:24.238,1.09207,1.0921,1.00,2.32
2015.12.04 01:16:24.694,1.09209,1.09212,1.00,2.62
2015.12.04 01:16:24.947,1.09208,1.09213,1.50,4.20
2015.12.04 01:16:24.998,1.0921,1.09213,1.00,3.82
2015.12.04 01:16:25.945,1.0921,1.09211,1.00,1.00
2015.12.04 01:16:25.996,1.09208,1.09211,2.25,1.50
2015.12.04 01:16:26.199,1.09206,1.0921,4.50,1.12
2015.12.04 01:16:28.900,1.09206,1.09211,3.00,3.07
2015.12.04 01:16:29.405,1.09207,1.09211,1.50,3.82
2015.12.04 01:16:29.911,1.09208,1.0921,1.00,1.00
2015.12.04 01:16:30.613,1.09206,1.0921,3.75,1.00
2015.12.04 01:16:32.512,1.09205,1.09208,5.25,1.35
2015.12.04 01:16:32.614,1.09206,1.09208,1.00,4.57
2015.12.04 01:16:32.665,1.09204,1.09208,2.25,3.07
2015.12.04 01:16:33.172,1.09202,1.09207,6.82,1.50
2015.12.04 01:16:33.604,1.09204,1.09208,1.00,1.57
2015.12.04 01:16:34.261,1.09204,1.09209,2.25,6.07
2015.12.04 01:16:34.363,1.09202,1.09205,5.32,1.12
2015.12.04 01:16:34.965,1.09203,1.09205,1.00,1.00
2015.12.04 01:16:35.168,1.09201,1.09206,2.32,5.10
2015.12.04 01:16:35.676,1.09202,1.09206,1.50,1.59
2015.12.04 01:16:36.313,1.09203,1.09206,1.50,1.59
2015.12.04 01:16:36.818,1.09203,1.09207,1.50,1.57
2015.12.04 01:16:37.071,1.09203,1.09205,1.50,1.12
2015.12.04 01:16:37.375,1.09201,1.09205,2.25,3.00
2015.12.04 01:16:40.725,1.09202,1.09205,1.50,1.50
2015.12.04 01:16:41.370,1.09204,1.09206,1.50,2.62
2015.12.04 01:16:41.421,1.09202,1.09205,1.50,1.12
2015.12.04 01:16:41.726,1.09204,1.09206,1.00,1.12
2015.12.04 01:16:41.979,1.09202,1.09206,1.50,1.50
2015.12.04 01:16:42.486,1.09203,1.09207,1.50,1.57
2015.12.04 01:16:42.995,1.09204,1.09209,3.00,5.62
2015.12.04 01:16:45.604,1.09204,1.09209,1.50,1.87
2015.12.04 01:16:46.631,1.09204,1.09207,1.50,1.50
2015.12.04 01:16:47.155,1.09203,1.09207,1.00,1.50
2015.12.04 01:16:49.071,1.09203,1.09208,1.00,2.32
2015.12.04 01:16:49.577,1.09204,1.09209,1.50,3.37
2015.12.04 01:16:50.234,1.09205,1.09209,1.00,2.62
2015.12.04 01:16:50.424,1.09203,1.09206,2.25,2.77
2015.12.04 01:16:50.941,1.09202,1.09207,1.57,3.75
2015.12.04 01:16:51.611,1.09202,1.09207,1.57,3.90
2015.12.04 01:16:57.955,1.09202,1.09205,1.00,1.00
2015.12.04 01:16:58.475,1.09201,1.09205,2.70,1.50
2015.12.04 01:17:06.089,1.09201,1.09206,3.45,2.85
2015.12.04 01:17:06.392,1.09204,1.09205,1.50,3.00
2015.12.04 01:17:06.494,1.09202,1.09204,1.00,1.50
2015.12.04 01:17:06.545,1.092,1.09203,1.50,2.62
2015.12.04 01:17:06.698,1.09198,1.09202,1.50,2.62
2015.12.04 01:17:06.901,1.09196,1.09201,2.25,4.12
2015.12.04 01:17:09.163,1.09196,1.09199,2.25,1.50
2015.12.04 01:17:10.170,1.09196,1.092,2.25,3.07
2015.12.04 01:17:10.680,1.09196,1.09199,2.25,1.50
2015.12.04 01:17:14.201,1.09198,1.092,1.50,3.00
2015.12.04 01:17:14.456,1.09198,1.09202,1.50,1.57
2015.12.04 01:17:14.981,1.09199,1.09202,1.12,1.57
2015.12.04 01:17:15.083,1.09201,1.09204,1.12,2.32
2015.12.04 01:17:15.431,1.09199,1.09201,1.50,1.50
2015.12.04 01:17:15.958,1.09198,1.09201,1.50,1.50
2015.12.04 01:17:17.308,1.09198,1.09202,1.50,1.57
2015.12.04 01:17:17.925,1.09198,1.09201,1.50,1.50
2015.12.04 01:17:20.190,1.09198,1.09202,1.50,1.57
2015.12.04 01:17:20.769,1.09198,1.09201,1.50,1.50
2015.12.04 01:17:21.525,1.09198,1.09202,2.25,1.57
2015.12.04 01:17:22.159,1.09198,1.09203,2.25,4.57
2015.12.04 01:17:22.463,1.09201,1.09203,1.00,1.50
2015.12.04 01:17:24.314,1.09199,1.092,1.00,1.00
2015.12.04 01:17:24.517,1.09196,1.092,1.50,5.25
2015.12.04 01:17:24.770,1.09196,1.09198,1.50,3.37
2015.12.04 01:17:24.984,1.09194,1.09197,2.25,3.37
2015.12.04 01:17:25.237,1.09195,1.09199,1.50,3.00
2015.12.04 01:17:25.745,1.09195,1.09198,1.50,1.50
2015.12.04 01:17:26.291,1.09194,1.09198,1.50,1.50
2015.12.04 01:17:27.284,1.09194,1.09196,1.50,1.50
2015.12.04 01:17:27.487,1.0918,1.09182,1.10,2.25
2015.12.04 01:17:27.657,1.09178,1.09179,1.00,3.00
2015.12.04 01:17:27.860,1.09175,1.09177,1.00,3.37
2015.12.04 01:17:28.316,1.09175,1.0918,1.50,5.25
2015.12.04 01:17:29.740,1.09175,1.09178,1.50,3.37
2015.12.04 01:17:29.791,1.09174,1.09176,4.50,3.00
2015.12.04 01:17:30.146,1.09165,1.09168,6.67,3.37
2015.12.04 01:17:30.555,1.09162,1.09165,1.00,3.37
2015.12.04 01:17:30.656,1.09164,1.09166,1.00,3.75
2015.12.04 01:17:30.961,1.09165,1.09169,2.25,1.57
2015.12.04 01:17:31.299,1.09167,1.0917,1.00,3.00
2015.12.04 01:17:31.654,1.09165,1.09169,3.82,1.50
2015.12.04 01:17:32.629,1.09166,1.09171,1.00,1.57
2015.12.04 01:17:33.141,1.09167,1.09171,1.50,1.57
2015.12.04 01:17:33.647,1.09168,1.09172,3.00,1.87
2015.12.04 01:17:34.193,1.09167,1.0917,1.50,3.00
2015.12.04 01:17:34.761,1.09166,1.09168,1.50,2.25
2015.12.04 01:17:35.267,1.09166,1.0917,1.50,4.87
2015.12.04 01:17:37.230,1.09166,1.09167,1.50,1.50
2015.12.04 01:17:37.518,1.09162,1.09164,1.00,1.50
2015.12.04 01:17:37.569,1.0916,1.09165,3.82,7.57
2015.12.04 01:17:38.178,1.0916,1.09165,5.62,3.00
2015.12.04 01:17:38.673,1.09164,1.09166,1.50,3.45
2015.12.04 01:17:38.724,1.09166,1.09169,1.00,1.57
2015.12.04 01:17:39.231,1.09166,1.0917,2.25,2.25
2015.12.04 01:17:39.737,1.09166,1.09169,1.50,1.50
2015.12.04 01:17:40.362,1.09166,1.0917,1.50,3.75
2015.12.04 01:17:40.912,1.09166,1.09169,1.50,1.50
2015.12.04 01:17:41.624,1.09167,1.09169,1.00,1.50
2015.12.04 01:17:41.826,1.09168,1.0917,1.12,3.75
2015.12.04 01:17:41.878,1.09169,1.09173,1.10,1.57
2015.12.04 01:17:42.225,1.09171,1.09174,1.00,2.25
2015.12.04 01:17:42.276,1.09171,1.09176,1.57,3.75
2015.12.04 01:17:42.429,1.09174,1.09176,1.00,2.49
2015.12.04 01:17:42.733,1.09174,1.09176,1.00,1.00
2015.12.04 01:17:42.784,1.09175,1.09178,1.00,1.87
2015.12.04 01:17:42.886,1.09175,1.09179,1.00,1.57
2015.12.04 01:17:45.155,1.09175,1.09177,1.00,1.00
2015.12.04 01:17:45.308,1.0917,1.09172,3.82,1.00
2015.12.04 01:17:45.410,1.09168,1.09173,1.57,3.00
2015.12.04 01:17:45.613,1.09168,1.09171,1.57,1.50
2015.12.04 01:17:45.917,1.09168,1.09173,2.32,3.00
2015.12.04 01:17:46.472,1.09169,1.09172,1.00,1.50
2015.12.04 01:17:47.017,1.09168,1.09171,1.57,1.00
2015.12.04 01:17:48.011,1.09166,1.09171,2.62,1.00
2015.12.04 01:17:48.238,1.09166,1.09169,1.87,1.50
2015.12.04 01:17:48.545,1.09162,1.09165,1.10,3.00
2015.12.04 01:17:49.054,1.09162,1.09166,1.10,1.00
2015.12.04 01:17:49.499,1.09164,1.09168,1.50,1.57
2015.12.04 01:17:49.804,1.09166,1.0917,1.50,3.07
2015.12.04 01:17:50.108,1.09167,1.09172,1.50,3.82
2015.12.04 01:17:50.795,1.0917,1.09172,1.50,1.50
2015.12.04 01:17:50.949,1.0917,1.09175,3.75,3.52
2015.12.04 01:17:51.407,1.09172,1.09175,1.50,1.50
2015.12.04 01:17:51.711,1.09173,1.09178,3.00,1.87
2015.12.04 01:17:51.863,1.09175,1.09178,1.00,1.12
2015.12.04 01:17:51.965,1.09175,1.0918,3.75,6.37
2015.12.04 01:17:52.165,1.09177,1.09181,1.00,2.62
2015.12.04 01:17:52.267,1.09177,1.09182,1.50,4.12
2015.12.04 01:17:52.520,1.09179,1.09183,1.50,1.12
2015.12.04 01:17:53.215,1.09178,1.09183,2.25,1.12
2015.12.04 01:17:57.869,1.09178,1.09182,1.00,1.50
2015.12.04 01:17:58.114,1.09173,1.09175,1.00,7.50
2015.12.04 01:17:58.165,1.09171,1.09175,1.00,11.25
2015.12.04 01:17:58.520,1.09169,1.09174,2.32,1.57
2015.12.04 01:17:59.026,1.09168,1.09173,3.00,1.50
2015.12.04 01:17:59.631,1.09168,1.09172,1.57,1.50
2015.12.04 01:18:00.137,1.09167,1.09172,1.50,1.57
2015.12.04 01:18:06.107,1.09168,1.09172,1.00,2.32
2015.12.04 01:18:07.016,1.09168,1.0917,1.00,1.00
2015.12.04 01:18:07.067,1.09166,1.0917,4.57,1.50
2015.12.04 01:18:07.169,1.09167,1.09172,1.50,1.57
2015.12.04 01:18:08.921,1.09168,1.09172,1.50,1.50
2015.12.04 01:18:09.556,1.09168,1.09173,2.62,1.50
2015.12.04 01:18:12.623,1.09169,1.09173,1.57,1.00
2015.12.04 01:18:12.725,1.09166,1.09172,6.00,4.80
2015.12.04 01:18:14.435,1.09167,1.09172,1.50,2.25
2015.12.04 01:18:16.776,1.09168,1.09173,1.00,3.00
2015.12.04 01:18:17.637,1.09171,1.09173,1.00,1.00
2015.12.04 01:18:17.997,1.09176,1.09178,1.50,1.00
2015.12.04 01:18:18.048,1.09177,1.0918,1.00,1.00
2015.12.04 01:18:18.150,1.09178,1.09182,1.00,1.57
2015.12.04 01:18:30.160,1.0918,1.09183,1.00,1.87
2015.12.04 01:18:30.312,1.0918,1.09184,1.00,1.87
2015.12.04 01:18:30.927,1.0918,1.09183,1.50,1.50
2015.12.04 01:18:31.513,1.09179,1.09184,1.50,3.00
2015.12.04 01:18:32.019,1.09179,1.09183,1.50,1.50
2015.12.04 01:18:33.147,1.09179,1.09184,1.50,4.20
2015.12.04 01:18:33.669,1.09179,1.09183,1.50,1.50
2015.12.04 01:18:34.184,1.09178,1.09183,3.00,1.87
2015.12.04 01:18:38.354,1.09179,1.09183,1.00,1.12
2015.12.04 01:18:41.795,1.0918,1.09184,2.25,3.00
2015.12.04 01:18:42.099,1.09181,1.09185,1.50,1.57
2015.12.04 01:18:42.604,1.0918,1.09185,3.00,6.07
2015.12.04 01:18:43.660,1.0918,1.09183,1.50,1.00
2015.12.04 01:18:44.166,1.09179,1.09183,2.25,1.00
2015.12.04 01:18:44.713,1.09178,1.09183,2.25,1.87
2015.12.04 01:18:45.176,1.09175,1.09178,11.62,1.65
2015.12.04 01:18:45.481,1.09174,1.09175,1.00,1.00
2015.12.04 01:18:45.532,1.09172,1.09175,1.00,1.50
2015.12.04 01:18:46.065,1.09171,1.09175,1.57,1.00
2015.12.04 01:18:46.421,1.09172,1.09177,1.50,3.82
2015.12.04 01:18:46.928,1.09172,1.09175,1.50,2.25
2015.12.04 01:18:47.131,1.0917,1.09174,1.50,3.00
2015.12.04 01:18:47.637,1.09168,1.09173,2.62,3.00
2015.12.04 01:18:48.160,1.09167,1.09172,2.32,1.57
2015.12.04 01:18:52.311,1.09167,1.09171,1.57,1.00
2015.12.04 01:18:52.513,1.09165,1.09169,1.12,1.50
2015.12.04 01:18:52.818,1.09161,1.09164,1.00,1.50
2015.12.04 01:18:52.919,1.09158,1.09163,2.62,1.50
2015.12.04 01:18:53.465,1.09157,1.09162,1.87,1.50
2015.12.04 01:18:55.863,1.09157,1.09162,1.57,2.32
2015.12.04 01:18:58.521,1.09157,1.09162,1.50,2.62
2015.12.04 01:18:59.168,1.09157,1.09162,1.50,6.00
2015.12.04 01:18:59.718,1.09157,1.09162,1.50,4.12
2015.12.04 01:19:10.830,1.09157,1.09162,3.75,1.57
2015.12.04 01:19:13.072,1.09157,1.09161,1.50,2.25
2015.12.04 01:19:13.661,1.09156,1.09161,3.75,2.32
2015.12.04 01:19:14.170,1.09156,1.0916,1.50,3.00
2015.12.04 01:19:14.676,1.09156,1.09158,1.50,1.50
2015.12.04 01:19:15.223,1.09156,1.09159,1.50,1.20
2015.12.04 01:19:15.854,1.09155,1.09156,2.25,1.57
2015.12.04 01:19:15.956,1.09153,1.09155,1.50,5.25
2015.12.04 01:19:16.058,1.0915,1.09154,1.12,1.50
2015.12.04 01:19:16.629,1.09152,1.09156,2.25,1.50
2015.12.04 01:19:16.833,1.09153,1.09158,1.50,3.00
2015.12.04 01:19:16.988,1.09153,1.09155,1.00,4.50
2015.12.04 01:19:17.039,1.09151,1.09155,1.57,9.00
2015.12.04 01:19:17.587,1.0915,1.09154,1.10,3.07
2015.12.04 01:19:18.103,1.0915,1.09154,1.12,3.00
2015.12.04 01:19:18.610,1.0915,1.09154,6.00,1.50
2015.12.04 01:19:19.118,1.0915,1.09154,1.12,3.00
2015.12.04 01:19:19.635,1.0915,1.09154,1.10,3.00
2015.12.04 01:19:20.334,1.09151,1.09154,1.50,1.50
2015.12.04 01:19:20.841,1.0915,1.09154,1.57,3.00
2015.12.04 01:19:21.298,1.0915,1.09152,4.12,1.00
2015.12.04 01:19:21.511,1.09147,1.09149,2.32,1.50
2015.12.04 01:19:21.714,1.09145,1.0915,4.57,4.95
2015.12.04 01:19:22.272,1.09145,1.09149,2.32,1.50
2015.12.04 01:19:23.044,1.09145,1.09148,2.32,1.50
2015.12.04 01:19:23.853,1.09145,1.09149,1.57,1.50
2015.12.04 01:19:24.378,1.09145,1.09148,1.57,1.50
2015.12.04 01:19:25.642,1.09145,1.09149,1.50,2.32
2015.12.04 01:19:26.177,1.09146,1.09148,1.50,1.50
2015.12.04 01:19:26.989,1.09146,1.0915,1.50,4.35
2015.12.04 01:19:27.293,1.09147,1.09152,2.32,3.75
2015.12.04 01:19:27.876,1.09148,1.09153,3.07,3.00
2015.12.04 01:19:28.083,1.09149,1.09153,1.87,1.50
2015.12.04 01:19:29.848,1.09148,1.09153,3.75,3.75
2015.12.04 01:19:31.601,1.09149,1.09153,1.00,3.37
2015.12.04 01:19:32.503,1.09148,1.09153,3.75,1.87
2015.12.04 01:19:33.049,1.09149,1.09153,1.00,3.37
2015.12.04 01:19:33.561,1.09148,1.09153,2.25,1.87
2015.12.04 01:19:35.214,1.09148,1.09153,3.75,3.07
2015.12.04 01:19:35.568,1.0915,1.09154,1.00,4.50
2015.12.04 01:19:36.515,1.09152,1.09154,1.00,4.12
2015.12.04 01:19:36.667,1.09152,1.09155,1.00,1.20
2015.12.04 01:19:37.174,1.09153,1.09156,1.50,1.12
2015.12.04 01:19:38.251,1.09153,1.09154,1.00,1.00
2015.12.04 01:19:38.302,1.09151,1.09154,1.00,1.10
2015.12.04 01:19:38.809,1.0915,1.09154,1.00,3.82
2015.12.04 01:19:41.224,1.09149,1.09154,1.57,3.07
2015.12.04 01:19:41.742,1.09149,1.09154,1.50,4.12
2015.12.04 01:19:42.257,1.09149,1.09154,1.50,4.50
2015.12.04 01:19:44.831,1.09151,1.09154,4.12,2.62
2015.12.04 01:19:44.882,1.09151,1.09154,4.12,1.87
2015.12.04 01:19:45.237,1.09153,1.09155,2.25,1.87
2015.12.04 01:19:45.511,1.09154,1.09156,3.37,1.00
2015.12.04 01:19:45.614,1.09152,1.09156,4.50,1.00
2015.12.04 01:19:46.373,1.09152,1.09156,3.00,1.37
2015.12.04 01:19:47.385,1.09151,1.09156,2.25,5.34
2015.12.04 01:19:50.083,1.09151,1.09155,3.75,2.62
2015.12.04 01:19:51.205,1.09152,1.09155,3.37,4.87
2015.12.04 01:19:51.459,1.0915,1.09154,3.37,1.12
2015.12.04 01:19:51.965,1.09151,1.09154,3.37,1.20
2015.12.04 01:19:52.325,1.09149,1.09154,6.75,1.20
2015.12.04 01:19:53.141,1.09149,1.09154,6.75,1.47
2015.12.04 01:19:53.654,1.09149,1.09153,4.12,2.25
2015.12.04 01:19:54.157,1.09149,1.09152,3.37,2.25
2015.12.04 01:19:54.944,1.09148,1.09152,3.37,1.50
2015.12.04 01:19:55.590,1.09149,1.09152,3.37,1.50
2015.12.04 01:19:56.290,1.09146,1.09151,9.75,1.57
2015.12.04 01:19:56.391,1.09149,1.09151,3.37,1.57
2015.12.04 01:19:57.704,1.09146,1.09151,9.37,1.95
2015.12.04 01:19:57.906,1.09149,1.09151,3.37,2.70
2015.12.04 01:19:58.696,1.09148,1.0915,3.37,1.12
2015.12.04 01:19:59.198,1.09148,1.0915,2.25,1.12
2015.12.04 01:20:02.479,1.09146,1.0915,4.87,1.12
2015.12.04 01:20:02.531,1.09148,1.0915,2.25,1.12
2015.12.04 01:20:02.633,1.09146,1.0915,4.87,1.37
2015.12.04 01:20:03.141,1.09146,1.09149,3.37,4.87
2015.12.04 01:20:03.775,1.09146,1.09149,2.25,3.75
2015.12.04 01:20:04.189,1.09145,1.09149,3.37,4.50
2015.12.04 01:20:04.710,1.09146,1.09148,2.25,3.82
2015.12.04 01:20:05.208,1.09144,1.09148,3.37,4.20
2015.12.04 01:20:05.742,1.09145,1.09148,2.25,4.20
2015.12.04 01:20:05.945,1.09146,1.09148,2.25,3.37
2015.12.04 01:20:06.250,1.09141,1.09142,2.25,1.50
2015.12.04 01:20:06.403,1.0914,1.09142,5.25,1.50
2015.12.04 01:20:06.906,1.09137,1.0914,2.25,1.00
2015.12.04 01:20:07.414,1.09136,1.0914,1.95,1.50
2015.12.04 01:20:07.947,1.09135,1.09139,7.12,1.50
2015.12.04 01:20:08.860,1.09135,1.09139,4.65,3.00
2015.12.04 01:20:09.012,1.09137,1.09139,1.00,3.00
2015.12.04 01:20:09.448,1.09135,1.09136,1.12,2.25
2015.12.04 01:20:09.753,1.09128,1.09129,1.00,2.25
2015.12.04 01:20:10.433,1.09127,1.0913,1.00,1.57
2015.12.04 01:20:10.962,1.09128,1.09129,1.00,1.50
2015.12.04 01:20:11.463,1.09128,1.0913,1.00,5.32
2015.12.04 01:20:11.967,1.09127,1.0913,1.00,6.75
2015.12.04 01:20:12.170,1.09123,1.09127,3.45,1.87
2015.12.04 01:20:12.676,1.09125,1.09126,1.00,1.87
2015.12.04 01:20:12.890,1.09122,1.09126,1.00,3.37
2015.12.04 01:20:14.037,1.0912,1.09124,5.40,1.50
2015.12.04 01:20:15.162,1.09121,1.09125,1.50,2.62
2015.12.04 01:20:15.719,1.0912,1.09125,6.22,2.62
2015.12.04 01:20:16.187,1.09122,1.09126,2.25,1.95
2015.12.04 01:20:16.693,1.09123,1.09126,1.50,1.87
2015.12.04 01:20:17.199,1.09122,1.09126,1.50,1.87
2015.12.04 01:20:17.558,1.09125,1.09127,1.00,1.95
2015.12.04 01:20:17.611,1.09125,1.09128,1.00,2.62
2015.12.04 01:20:18.117,1.09126,1.09129,1.50,1.57
2015.12.04 01:20:18.694,1.09126,1.09129,1.50,1.20
2015.12.04 01:20:19.999,1.09127,1.09131,1.00,4.87
2015.12.04 01:20:20.050,1.09127,1.09131,6.75,1.87
2015.12.04 01:20:20.907,1.09127,1.0913,1.57,1.00
2015.12.04 01:20:26.043,1.09126,1.09131,8.17,3.37
2015.12.04 01:20:26.646,1.09127,1.09131,1.00,3.37
2015.12.04 01:20:27.809,1.09127,1.09131,2.25,3.00
2015.12.04 01:20:28.924,1.09127,1.0913,1.00,1.00
2015.12.04 01:20:29.472,1.09126,1.0913,4.50,1.50
2015.12.04 01:20:30.039,1.09126,1.09128,1.00,1.00
2015.12.04 01:20:30.141,1.091,1.09102,1.57,1.87
2015.12.04 01:20:30.192,1.091,1.09101,2.25,2.62
2015.12.04 01:20:30.293,1.09091,1.09092,3.75,1.12
2015.12.04 01:20:30.484,1.09087,1.0909,1.50,1.87
2015.12.04 01:20:30.587,1.09086,1.09088,1.00,1.20
2015.12.04 01:20:30.689,1.09084,1.09085,1.50,1.87
2015.12.04 01:20:30.792,1.09081,1.09085,1.00,3.00
2015.12.04 01:20:31.290,1.09078,1.09083,1.00,1.37
2015.12.04 01:20:31.797,1.09077,1.09081,1.00,1.37
2015.12.04 01:20:32.336,1.09076,1.0908,1.00,3.37
2015.12.04 01:20:32.491,1.09076,1.0908,1.00,3.37
2015.12.04 01:20:33.001,1.09075,1.0908,1.00,3.75
2015.12.04 01:20:34.263,1.09075,1.09078,1.00,1.12
2015.12.04 01:20:34.315,1.09074,1.09075,1.00,1.41
2015.12.04 01:20:34.367,1.09072,1.09074,1.50,1.00
2015.12.04 01:20:34.572,1.0907,1.09073,3.00,1.10
2015.12.04 01:20:34.726,1.09068,1.09071,2.25,1.00
2015.12.04 01:20:35.033,1.09068,1.09073,2.32,1.12
2015.12.04 01:20:35.526,1.0907,1.09074,1.00,3.37
2015.12.04 01:20:35.832,1.09066,1.09069,4.87,1.00
2015.12.04 01:20:35.884,1.09067,1.09071,2.32,3.75
2015.12.04 01:20:36.228,1.09065,1.09068,3.37,1.00
2015.12.04 01:20:36.482,1.0906,1.09062,1.87,1.00
2015.12.04 01:20:36.584,1.0906,1.09064,1.12,1.12
2015.12.04 01:20:36.939,1.0906,1.09062,1.12,1.00
2015.12.04 01:20:37.288,1.09064,1.09067,1.87,1.00
2015.12.04 01:20:37.493,1.09064,1.0907,4.12,3.75
2015.12.04 01:20:37.646,1.09065,1.09066,1.87,1.00
2015.12.04 01:20:37.697,1.09064,1.09065,2.25,1.00
2015.12.04 01:20:37.799,1.0906,1.09063,3.45,1.00
2015.12.04 01:20:38.246,1.0906,1.09063,1.50,1.00
2015.12.04 01:20:38.753,1.09061,1.09064,4.35,1.00
2015.12.04 01:20:38.855,1.09061,1.09062,4.35,1.50
2015.12.04 01:20:39.058,1.09051,1.09052,1.50,1.00
2015.12.04 01:20:39.262,1.09048,1.09049,1.50,1.00
2015.12.04 01:20:39.314,1.09046,1.09049,2.25,1.00
2015.12.04 01:20:39.365,1.09043,1.09044,5.32,1.00
2015.12.04 01:20:39.517,1.09043,1.09044,1.00,1.12
2015.12.04 01:20:39.568,1.09041,1.09044,1.50,1.87
2015.12.04 01:20:39.722,1.09038,1.09043,1.87,2.25
2015.12.04 01:20:39.773,1.09039,1.09041,1.50,1.00
2015.12.04 01:20:40.168,1.09042,1.09043,1.00,1.12
2015.12.04 01:20:40.321,1.09042,1.09045,3.75,1.00
2015.12.04 01:20:40.867,1.09045,1.09046,1.50,1.10
2015.12.04 01:20:41.125,1.09037,1.09039,1.00,1.00
2015.12.04 01:20:41.177,1.09038,1.09039,2.25,1.00
2015.12.04 01:20:41.331,1.09037,1.09039,1.50,1.10
2015.12.04 01:20:41.979,1.09037,1.09042,1.50,7.87
2015.12.04 01:20:42.082,1.0904,1.09042,1.00,3.00
2015.12.04 01:20:42.387,1.09026,1.09029,2.62,2.62
2015.12.04 01:20:42.438,1.09024,1.09026,2.25,1.00
2015.12.04 01:20:42.632,1.09022,1.09023,2.25,1.00
2015.12.04 01:20:42.683,1.09022,1.09023,1.50,1.00
2015.12.04 01:20:42.734,1.09024,1.09026,1.00,1.00
2015.12.04 01:20:42.785,1.09024,1.09027,1.00,1.87
2015.12.04 01:20:42.887,1.09023,1.09025,1.50,1.87
2015.12.04 01:20:43.039,1.0902,1.09025,3.75,3.82
2015.12.04 01:20:43.090,1.09021,1.09025,1.50,2.32
2015.12.04 01:20:43.344,1.0902,1.09025,2.32,3.37
2015.12.04 01:20:43.539,1.09022,1.09024,3.00,1.00
2015.12.04 01:20:43.844,1.09023,1.09027,3.07,1.50
2015.12.04 01:20:44.048,1.09023,1.09025,1.50,1.00
2015.12.04 01:20:44.201,1.09019,1.09023,1.10,4.12
2015.12.04 01:20:44.420,1.09016,1.09022,1.00,1.75
2015.12.04 01:20:44.627,1.09015,1.09022,3.37,1.00
2015.12.04 01:20:44.882,1.09015,1.09019,6.75,1.12
2015.12.04 01:20:44.934,1.09013,1.09014,2.25,1.87
2015.12.04 01:20:44.985,1.09008,1.0901,2.62,6.37
2015.12.04 01:20:45.037,1.09005,1.0901,3.37,9.90
2015.12.04 01:20:45.139,1.09005,1.09011,2.95,1.87
2015.12.04 01:20:45.191,1.09005,1.09009,2.57,1.00
2015.12.04 01:20:45.431,1.0901,1.09014,1.50,1.50
2015.12.04 01:20:45.482,1.0901,1.09014,9.00,1.00
2015.12.04 01:20:45.534,1.09012,1.09014,3.00,1.00
2015.12.04 01:20:45.638,1.09012,1.09016,8.25,1.00
2015.12.04 01:20:45.943,1.09013,1.0902,5.32,1.00
2015.12.04 01:20:46.045,1.09013,1.09016,4.75,1.50
2015.12.04 01:20:46.147,1.09012,1.09015,1.00,10.50
2015.12.04 01:20:46.358,1.09012,1.09018,4.57,1.00
2015.12.04 01:20:46.514,1.09012,1.09021,6.75,1.10
2015.12.04 01:20:46.616,1.09013,1.09022,6.00,1.50
2015.12.04 01:20:46.820,1.09014,1.09024,4.57,1.00
2015.12.04 01:20:47.076,1.09015,1.09019,3.00,1.00
2015.12.04 01:20:47.431,1.09011,1.09013,1.95,1.00
2015.12.04 01:20:47.483,1.09011,1.09015,1.87,1.50
2015.12.04 01:20:47.534,1.0901,1.09015,2.62,4.12
2015.12.04 01:20:47.636,1.09012,1.09015,3.75,1.00
2015.12.04 01:20:47.738,1.09012,1.0902,6.37,1.07
2015.12.04 01:20:47.789,1.09013,1.0902,1.50,1.00
2015.12.04 01:20:47.891,1.09014,1.09023,3.37,6.00
2015.12.04 01:20:48.043,1.09015,1.0902,3.82,1.00
2015.12.04 01:20:48.591,1.09014,1.09017,1.37,1.00
2015.12.04 01:20:48.743,1.0901,1.09011,1.00,1.00
2015.12.04 01:20:48.896,1.09008,1.09012,1.57,1.00
2015.12.04 01:20:49.149,1.09008,1.09014,1.27,1.00
2015.12.04 01:20:49.251,1.09008,1.09012,1.27,1.00
2015.12.04 01:20:49.912,1.09008,1.0901,1.12,1.00
2015.12.04 01:20:49.964,1.09007,1.0901,1.10,1.00
2015.12.04 01:20:50.015,1.09007,1.09012,1.10,1.00
2015.12.04 01:20:50.117,1.09008,1.09012,1.12,1.50
2015.12.04 01:20:50.667,1.0901,1.09014,1.00,6.00
2015.12.04 01:20:50.972,1.09011,1.09014,1.12,1.00
2015.12.04 01:20:51.277,1.09007,1.09012,3.00,1.50
2015.12.04 01:20:51.725,1.09003,1.09008,5.62,1.00
2015.12.04 01:20:51.878,1.09005,1.09007,3.07,1.00
2015.12.04 01:20:51.980,1.09004,1.09007,1.12,1.00
2015.12.04 01:20:52.086,1.09007,1.0901,1.00,1.87
2015.12.04 01:20:52.341,1.09007,1.09012,1.50,1.12
2015.12.04 01:20:52.443,1.09006,1.09008,1.50,1.00
2015.12.04 01:20:52.744,1.09003,1.09004,1.50,1.00
2015.12.04 01:20:52.896,1.09004,1.09007,1.10,1.00
2015.12.04 01:20:52.947,1.09006,1.09007,1.00,1.10
2015.12.04 01:20:53.049,1.09009,1.09011,1.50,1.00
2015.12.04 01:20:53.252,1.09011,1.09014,8.25,2.25
2015.12.04 01:20:53.353,1.09014,1.09016,1.00,1.00
2015.12.04 01:20:53.404,1.09014,1.0902,1.10,1.00
2015.12.04 01:20:53.659,1.09016,1.09021,1.10,1.50
2015.12.04 01:20:53.964,1.09014,1.09015,3.00,1.00
2015.12.04 01:20:54.066,1.09009,1.09012,1.12,1.00
2015.12.04 01:20:54.168,1.09004,1.09006,6.00,2.62
2015.12.04 01:20:54.270,1.09004,1.09006,1.87,9.75
2015.12.04 01:20:54.322,1.09001,1.09004,3.82,1.00
2015.12.04 01:20:54.825,1.09,1.09004,5.10,1.00
2015.12.04 01:20:54.927,1.09002,1.09004,1.00,1.00
2015.12.04 01:20:55.080,1.09003,1.09007,4.50,1.00
2015.12.04 01:20:55.131,1.09005,1.09007,1.00,1.00
2015.12.04 01:20:55.182,1.09005,1.0901,1.00,1.87
2015.12.04 01:20:55.335,1.09004,1.09006,1.87,1.00
2015.12.04 01:20:55.641,1.09,1.09003,4.95,1.00
2015.12.04 01:20:55.692,1.09003,1.09005,1.73,2.65
2015.12.04 01:20:55.794,1.09006,1.09009,1.00,1.87
2015.12.04 01:20:55.845,1.09006,1.09009,1.37,1.12
2015.12.04 01:20:55.897,1.09006,1.09011,1.37,1.50
2015.12.04 01:20:56.050,1.0901,1.09012,1.12,1.12
2015.12.04 01:20:56.206,1.09013,1.09017,1.12,1.00
2015.12.04 01:20:56.409,1.09014,1.09019,1.12,1.00
2015.12.04 01:20:56.597,1.09016,1.09021,1.12,1.65
2015.12.04 01:20:56.901,1.09019,1.09022,1.10,1.00
2015.12.04 01:20:57.155,1.09018,1.09024,1.37,1.00
2015.12.04 01:20:57.668,1.09019,1.09024,2.32,1.00
2015.12.04 01:20:57.719,1.09019,1.09024,2.62,1.00
2015.12.04 01:20:58.024,1.09022,1.09026,1.12,1.12
2015.12.04 01:20:58.177,1.09024,1.09028,1.50,1.00
2015.12.04 01:20:58.728,1.09024,1.09026,1.12,1.50
2015.12.04 01:20:58.779,1.09025,1.09028,1.10,1.10
2015.12.04 01:20:58.881,1.09023,1.09027,1.10,1.00
2015.12.04 01:20:58.932,1.09021,1.09025,5.25,4.50
2015.12.04 01:20:59.236,1.09,1.09001,2.00,1.00
2015.12.04 01:20:59.440,1.08997,1.09002,1.87,1.00
2015.12.04 01:20:59.637,1.08998,1.09004,1.50,1.50
2015.12.04 01:20:59.688,1.09,1.09004,1.50,1.00
2015.12.04 01:20:59.841,1.09003,1.09009,3.00,2.62
2015.12.04 01:20:59.943,1.09004,1.0901,1.00,1.00
2015.12.04 01:21:00.095,1.09005,1.09012,1.00,1.00
2015.12.04 01:21:00.399,1.09005,1.09015,4.50,11.25
2015.12.04 01:21:00.501,1.09008,1.09015,1.00,10.50
2015.12.04 01:21:00.895,1.0901,1.09015,1.00,7.50
2015.12.04 01:21:01.200,1.0901,1.09013,1.00,1.00
2015.12.04 01:21:01.504,1.09006,1.0901,1.87,1.50
2015.12.04 01:21:01.813,1.09008,1.0901,1.00,1.00
2015.12.04 01:21:01.864,1.09008,1.09012,1.00,1.00
2015.12.04 01:21:02.118,1.09009,1.09014,1.50,3.75
2015.12.04 01:21:02.221,1.09012,1.09015,1.50,7.50
2015.12.04 01:21:02.324,1.0901,1.09018,6.00,3.75
2015.12.04 01:21:02.479,1.09016,1.09019,1.00,1.00
2015.12.04 01:21:02.821,1.09016,1.09023,1.12,1.57
2015.12.04 01:21:02.874,1.09019,1.09025,1.57,5.32
2015.12.04 01:21:03.180,1.0902,1.09023,1.10,1.00
2015.12.04 01:21:03.585,1.0902,1.09022,1.10,6.75
2015.12.04 01:21:03.882,1.0901,1.09012,1.00,1.00
2015.12.04 01:21:03.934,1.09011,1.09012,1.00,1.50
2015.12.04 01:21:04.139,1.0901,1.09013,3.45,1.00
2015.12.04 01:21:04.292,1.0901,1.09015,1.10,8.25
2015.12.04 01:21:04.394,1.0901,1.09015,2.62,4.50
2015.12.04 01:21:05.191,1.0901,1.09015,4.87,6.75
2015.12.04 01:21:05.445,1.09012,1.09017,1.87,1.00
2015.12.04 01:21:05.548,1.09014,1.09019,1.10,1.00
2015.12.04 01:21:05.649,1.09015,1.09021,1.12,1.00
2015.12.04 01:21:05.995,1.09017,1.09023,1.87,1.50
2015.12.04 01:21:06.301,1.09017,1.09023,2.32,1.00
2015.12.04 01:21:06.808,1.09017,1.09023,1.37,1.00
2015.12.04 01:21:07.333,1.09017,1.09023,2.32,1.00
2015.12.04 01:21:08.042,1.09019,1.09024,1.12,1.50
2015.12.04 01:21:08.292,1.09022,1.09028,2.62,2.62
2015.12.04 01:21:08.409,1.09023,1.09025,1.47,2.25
2015.12.04 01:21:08.664,1.0902,1.09022,1.20,1.00
2015.12.04 01:21:08.716,1.09016,1.09021,1.95,1.00
2015.12.04 01:21:08.818,1.09015,1.09022,1.20,1.50
2015.12.04 01:21:09.268,1.09014,1.0902,1.37,1.00
2015.12.04 01:21:09.775,1.09014,1.09019,1.50,1.00
2015.12.04 01:21:10.130,1.09016,1.0902,1.37,1.00
2015.12.04 01:21:10.432,1.09016,1.09022,1.37,1.00
2015.12.04 01:21:11.039,1.09016,1.09021,1.87,1.00
2015.12.04 01:21:11.140,1.09014,1.0902,3.00,1.00
2015.12.04 01:21:11.243,1.09014,1.09018,3.00,1.50
2015.12.04 01:21:11.544,1.09018,1.0902,3.75,1.00
2015.12.04 01:21:11.696,1.09019,1.09024,1.12,1.00
2015.12.04 01:21:11.849,1.0902,1.09021,1.00,1.00
2015.12.04 01:21:11.951,1.09017,1.09021,2.25,1.00
2015.12.04 01:21:12.053,1.0902,1.09023,1.00,1.00
2015.12.04 01:21:12.154,1.09017,1.09021,3.45,1.00
2015.12.04 01:21:12.459,1.09017,1.09023,1.50,3.00
2015.12.04 01:21:12.714,1.0902,1.09025,2.62,1.95
2015.12.04 01:21:13.226,1.09021,1.09026,1.12,2.10
2015.12.04 01:21:13.584,1.09022,1.09028,1.12,1.10
2015.12.04 01:21:13.686,1.09026,1.0903,1.50,1.00
2015.12.04 01:21:13.983,1.09027,1.09032,1.00,1.00
2015.12.04 01:21:14.085,1.0903,1.09033,3.00,1.00
2015.12.04 01:21:14.188,1.09028,1.09033,1.10,1.00
2015.12.04 01:21:14.290,1.09028,1.09035,1.57,7.50
2015.12.04 01:21:14.341,1.0903,1.09035,1.50,6.00
2015.12.04 01:21:14.646,1.09032,1.09035,1.20,2.25
2015.12.04 01:21:15.194,1.09031,1.09035,2.25,2.25
2015.12.04 01:21:15.802,1.09032,1.09035,1.50,2.25
2015.12.04 01:21:16.336,1.09033,1.09035,2.25,2.25
2015.12.04 01:21:16.843,1.09034,1.09035,1.00,2.25
2015.12.04 01:21:16.895,1.09034,1.09037,2.25,1.00
2015.12.04 01:21:16.947,1.09036,1.0904,1.00,2.32
2015.12.04 01:21:17.497,1.09036,1.09041,1.00,1.00
2015.12.04 01:21:17.903,1.09038,1.09042,1.50,1.00
2015.12.04 01:21:18.208,1.09028,1.0903,1.12,1.50
2015.12.04 01:21:18.310,1.09022,1.09025,1.57,1.00
2015.12.04 01:21:18.361,1.09022,1.09025,1.57,1.50
2015.12.04 01:21:18.721,1.09021,1.09025,1.00,1.87
2015.12.04 01:21:19.025,1.09023,1.09025,1.50,1.87
2015.12.04 01:21:19.823,1.09021,1.09025,2.70,1.00
2015.12.04 01:21:20.178,1.09023,1.09027,2.32,1.00
2015.12.04 01:21:20.279,1.09023,1.09026,3.00,1.00
2015.12.04 01:21:20.485,1.09025,1.09028,2.32,1.50
2015.12.04 01:21:20.536,1.09025,1.09031,3.82,1.57
2015.12.04 01:21:21.049,1.09026,1.09032,1.10,1.00
2015.12.04 01:21:21.252,1.09027,1.09034,3.82,2.32
2015.12.04 01:21:21.354,1.09028,1.09034,1.87,2.25
2015.12.04 01:21:21.659,1.09029,1.09032,1.10,1.00
2015.12.04 01:21:22.163,1.09029,1.09033,1.10,1.00
2015.12.04 01:21:22.519,1.0903,1.09035,1.10,6.00
2015.12.04 01:21:22.570,1.09029,1.09032,4.87,3.00
2015.12.04 01:21:22.824,1.0902,1.09022,1.47,3.75
2015.12.04 01:21:22.876,1.0902,1.09022,1.37,3.00
2015.12.04 01:21:23.217,1.09019,1.0902,1.12,1.00
2015.12.04 01:21:23.673,1.09019,1.09022,1.37,1.50
2015.12.04 01:21:23.724,1.09019,1.09023,1.00,6.00
2015.12.04 01:21:23.927,1.09021,1.09024,1.00,1.00
2015.12.04 01:21:24.030,1.09021,1.09026,2.62,1.00
2015.12.04 01:21:24.132,1.09023,1.09028,1.20,1.50
2015.12.04 01:21:24.355,1.09025,1.09028,1.00,1.00
2015.12.04 01:21:24.559,1.09028,1.09033,1.10,2.25
2015.12.04 01:21:25.068,1.09027,1.09032,1.12,1.50
2015.12.04 01:21:25.220,1.09026,1.09031,2.40,1.50
2015.12.04 01:21:25.869,1.09026,1.09031,2.70,1.50
2015.12.04 01:21:26.174,1.09028,1.09032,1.37,1.00
2015.12.04 01:21:26.714,1.09028,1.09032,2.25,1.00
2015.12.04 01:21:27.221,1.0903,1.09033,4.12,1.00
2015.12.04 01:21:27.681,1.09029,1.09032,7.12,1.00
2015.12.04 01:21:27.981,1.09019,1.0902,1.00,1.00
2015.12.04 01:21:28.489,1.09018,1.0902,1.00,1.00
2015.12.04 01:21:29.418,1.09019,1.09022,1.00,2.25
2015.12.04 01:21:29.774,1.09021,1.09023,1.00,1.00
2015.12.04 01:21:29.875,1.09022,1.09026,1.50,6.00
2015.12.04 01:21:30.179,1.09024,1.09026,1.50,3.30
2015.12.04 01:21:30.427,1.09025,1.09028,1.00,1.50
2015.12.04 01:21:30.580,1.09025,1.09028,4.57,1.00
2015.12.04 01:21:30.682,1.09023,1.09024,2.32,1.00
2015.12.04 01:21:30.935,1.09021,1.09024,1.10,1.00
2015.12.04 01:21:31.442,1.0902,1.09025,3.07,6.75
2015.12.04 01:21:31.627,1.09019,1.09022,3.19,1.50
2015.12.04 01:21:31.831,1.09009,1.0901,2.25,1.00
2015.12.04 01:21:31.932,1.09007,1.09008,1.00,1.00
2015.12.04 01:21:32.440,1.09006,1.09008,2.25,1.00
2015.12.04 01:21:32.956,1.09006,1.09009,2.25,1.00
2015.12.04 01:21:33.564,1.09006,1.09011,2.25,3.52
2015.12.04 01:21:34.106,1.09006,1.0901,2.25,3.75
2015.12.04 01:21:36.664,1.09006,1.09009,2.25,1.00
2015.12.04 01:21:37.222,1.09004,1.09006,1.00,5.32
2015.12.04 01:21:37.273,1.09,1.09005,4.10,3.75
2015.12.04 01:21:37.327,1.09,1.09003,3.00,1.00
2015.12.04 01:21:37.835,1.09,1.09002,2.00,1.50
2015.12.04 01:21:37.987,1.09,1.09004,2.00,1.27
2015.12.04 01:21:38.517,1.09,1.09005,9.00,6.75
2015.12.04 01:21:39.023,1.09,1.09004,5.10,1.50
2015.12.04 01:21:39.552,1.09,1.09005,10.10,6.00
2015.12.04 01:21:40.160,1.09,1.09002,5.10,1.00
2015.12.04 01:21:40.515,1.09002,1.09004,1.57,1.00
2015.12.04 01:21:40.566,1.09002,1.09005,2.32,1.20
2015.12.04 01:21:40.753,1.09003,1.09007,1.87,1.45
2015.12.04 01:21:40.805,1.09003,1.09007,2.62,1.00
2015.12.04 01:21:40.907,1.09003,1.09009,6.37,1.27
2015.12.04 01:21:41.364,1.09006,1.0901,1.87,1.00
2015.12.04 01:21:41.938,1.09008,1.09011,1.57,1.00
2015.12.04 01:21:42.243,1.0901,1.09012,3.00,1.00
2015.12.04 01:21:44.392,1.0901,1.09011,3.00,1.00
2015.12.04 01:21:44.828,1.09,1.09001,2.00,1.00
2015.12.04 01:21:45.134,1.09,1.09003,2.00,1.00
2015.12.04 01:21:45.338,1.09,1.09005,4.97,6.75
2015.12.04 01:21:45.946,1.09001,1.09005,1.37,5.25
2015.12.04 01:21:46.251,1.09005,1.09007,3.00,1.00
2015.12.04 01:21:46.352,1.09005,1.09009,3.00,1.00
2015.12.04 01:21:46.960,1.09005,1.09007,3.00,1.37
2015.12.04 01:21:47.112,1.09002,1.09005,1.87,4.50
2015.12.04 01:21:48.102,1.09002,1.09005,1.50,4.50
2015.12.04 01:21:48.659,1.09004,1.09005,1.50,3.00
2015.12.04 01:21:48.900,1.09006,1.0901,1.50,2.25
2015.12.04 01:21:49.001,1.09008,1.09011,1.50,1.10
2015.12.04 01:21:49.204,1.09006,1.09011,1.50,1.50
2015.12.04 01:21:49.711,1.09006,1.0901,1.50,1.00
2015.12.04 01:21:50.255,1.09006,1.09011,1.50,3.37
2015.12.04 01:21:50.762,1.09006,1.09011,1.50,1.12
2015.12.04 01:21:51.268,1.09007,1.09011,1.50,1.12
2015.12.04 01:21:52.167,1.09006,1.09011,1.50,1.12
2015.12.04 01:21:52.674,1.09007,1.09011,1.50,1.12
2015.12.04 01:21:53.079,1.09005,1.0901,5.25,1.57
2015.12.04 01:21:53.408,1.09008,1.09011,1.00,1.12
2015.12.04 01:21:53.712,1.09016,1.09018,1.00,1.00
2015.12.04 01:21:53.814,1.09019,1.09024,1.10,1.00
2015.12.04 01:21:53.865,1.09019,1.09021,1.10,3.00
2015.12.04 01:21:54.119,1.09005,1.09008,1.00,1.50
2015.12.04 01:21:54.371,1.09006,1.09011,1.50,1.00
2015.12.04 01:21:54.422,1.09009,1.09012,1.00,1.00
2015.12.04 01:21:54.625,1.09015,1.09021,3.00,2.25
2015.12.04 01:21:54.829,1.09016,1.09024,1.50,1.00
2015.12.04 01:21:55.429,1.09016,1.09025,3.75,3.75
2015.12.04 01:21:56.300,1.09018,1.09025,1.50,6.37
2015.12.04 01:21:56.806,1.09017,1.09024,1.50,1.00
2015.12.04 01:21:57.146,1.09018,1.09022,1.50,1.00
2015.12.04 01:21:57.675,1.09019,1.09022,1.50,1.00
2015.12.04 01:21:58.181,1.09018,1.09022,3.07,1.00
2015.12.04 01:21:58.744,1.0902,1.09022,1.00,1.00
2015.12.04 01:21:59.300,1.09021,1.09022,1.00,1.00
2015.12.04 01:21:59.554,1.09024,1.09028,1.50,1.12
2015.12.04 01:21:59.655,1.09025,1.09031,1.87,1.00
2015.12.04 01:21:59.875,1.09027,1.09033,1.57,1.00
2015.12.04 01:22:00.130,1.0903,1.09035,1.00,6.00
2015.12.04 01:22:00.435,1.09027,1.09035,4.12,4.57
2015.12.04 01:22:01.673,1.09028,1.09034,1.10,1.50
2015.12.04 01:22:02.028,1.0903,1.09035,1.00,9.07
2015.12.04 01:22:02.561,1.0903,1.09034,1.00,1.50
2015.12.04 01:22:02.967,1.09029,1.09031,1.57,1.50
2015.12.04 01:22:03.069,1.09027,1.0903,2.62,1.50
2015.12.04 01:22:03.272,1.09026,1.09028,1.95,1.00
2015.12.04 01:22:03.374,1.09025,1.0903,1.00,1.37
2015.12.04 01:22:03.425,1.09025,1.0903,1.00,1.00
2015.12.04 01:22:03.773,1.09025,1.09026,1.10,5.25
2015.12.04 01:22:03.976,1.09017,1.0902,1.87,1.50
2015.12.04 01:22:04.382,1.09017,1.09022,1.20,1.50
2015.12.04 01:22:04.894,1.09017,1.0902,1.20,1.15
2015.12.04 01:22:04.996,1.09017,1.09023,4.95,1.50
2015.12.04 01:22:05.503,1.09018,1.09023,1.12,1.10
2015.12.04 01:22:06.043,1.0902,1.09023,1.00,1.50
2015.12.04 01:22:06.671,1.09018,1.09023,1.87,1.50
2015.12.04 01:22:07.249,1.09019,1.09024,1.10,1.50
2015.12.04 01:22:07.763,1.0902,1.09023,1.00,1.50
2015.12.04 01:22:08.770,1.0902,1.09024,1.50,1.50
2015.12.04 01:22:09.475,1.0902,1.09025,1.50,6.75
2015.12.04 01:22:09.982,1.0902,1.09024,1.50,1.50
2015.12.04 01:22:10.709,1.0902,1.09025,5.32,4.50
2015.12.04 01:22:10.899,1.09023,1.09028,4.50,1.00
2015.12.04 01:22:11.203,1.09022,1.09025,3.07,1.95
2015.12.04 01:22:11.305,1.09021,1.09026,1.12,7.65
2015.12.04 01:22:11.895,1.09021,1.09027,4.12,1.00
2015.12.04 01:22:11.997,1.09023,1.09029,1.50,3.07
2015.12.04 01:22:12.962,1.09023,1.09028,3.00,1.00
2015.12.04 01:22:13.283,1.09022,1.09027,2.32,1.65
2015.12.04 01:22:13.588,1.09022,1.09024,1.00,1.50
2015.12.04 01:22:13.639,1.0902,1.09024,2.32,1.50
2015.12.04 01:22:14.297,1.0902,1.09025,1.00,8.32
2015.12.04 01:22:14.532,1.0902,1.09023,1.00,1.50
2015.12.04 01:22:14.836,1.09018,1.09022,1.50,1.57
2015.12.04 01:22:15.141,1.0902,1.09022,1.00,1.95
2015.12.04 01:22:15.692,1.0902,1.09023,1.00,1.57
2015.12.04 01:22:16.199,1.0902,1.09022,1.00,1.50
2015.12.04 01:22:16.739,1.0902,1.09023,1.00,1.57
2015.12.04 01:22:17.126,1.0902,1.09021,1.50,1.50
2015.12.04 01:22:17.431,1.09027,1.09028,1.00,1.00
2015.12.04 01:22:17.482,1.09027,1.0903,1.00,2.40
2015.12.04 01:22:17.994,1.09027,1.0903,1.00,1.00
2015.12.04 01:22:18.501,1.09027,1.09029,1.00,1.50
2015.12.04 01:22:19.108,1.09025,1.09029,3.82,1.50
2015.12.04 01:22:19.209,1.09025,1.09027,2.32,1.00
2015.12.04 01:22:19.445,1.09021,1.09024,1.00,1.50
2015.12.04 01:22:19.951,1.0902,1.09024,3.07,1.50
2015.12.04 01:22:20.458,1.0902,1.09025,3.75,3.75
2015.12.04 01:22:20.931,1.09023,1.09025,1.50,2.25
2015.12.04 01:22:21.440,1.09025,1.09027,3.00,2.50
2015.12.04 01:22:21.885,1.0903,1.09031,1.00,5.32
2015.12.04 01:22:22.037,1.09034,1.09036,1.00,2.40
2015.12.04 01:22:22.139,1.09035,1.09038,1.00,1.57
2015.12.04 01:22:22.545,1.09031,1.09035,2.32,2.62
2015.12.04 01:22:22.748,1.09031,1.09035,1.87,1.50
2015.12.04 01:22:23.281,1.09035,1.09038,1.50,1.37
2015.12.04 01:22:23.839,1.09035,1.09038,1.50,1.12
2015.12.04 01:22:24.143,1.09036,1.09039,3.67,1.12
2015.12.04 01:22:24.613,1.09037,1.09041,1.62,3.37
2015.12.04 01:22:25.073,1.09037,1.09042,1.87,1.57
2015.12.04 01:22:25.464,1.0904,1.09045,3.37,7.57
2015.12.04 01:22:25.974,1.0904,1.09045,1.50,6.82
2015.12.04 01:22:26.026,1.0904,1.09045,1.87,6.82
2015.12.04 01:22:26.834,1.0904,1.09045,5.69,5.25
2015.12.04 01:22:27.037,1.09041,1.09046,1.50,5.32
2015.12.04 01:22:27.239,1.09041,1.09046,1.75,3.00
2015.12.04 01:22:27.392,1.09045,1.09049,1.00,3.82
2015.12.04 01:22:27.767,1.09047,1.09051,1.00,3.82
2015.12.04 01:22:28.274,1.09046,1.0905,1.00,1.57
2015.12.04 01:22:28.679,1.09044,1.09049,1.00,4.12
2015.12.04 01:22:28.982,1.09043,1.09049,1.63,1.87
2015.12.04 01:22:29.033,1.09043,1.09048,1.50,1.47
2015.12.04 01:22:29.237,1.09041,1.09046,1.50,3.15
2015.12.04 01:22:29.439,1.09041,1.09044,1.50,1.57
2015.12.04 01:22:29.593,1.09036,1.09043,3.37,4.50
2015.12.04 01:22:30.097,1.09036,1.09042,3.37,1.00
2015.12.04 01:22:30.351,1.09036,1.09042,2.32,1.57
2015.12.04 01:22:30.886,1.09039,1.09044,1.50,4.95
2015.12.04 01:22:31.190,1.09042,1.09045,1.00,4.57
2015.12.04 01:22:31.358,1.0904,1.09045,4.50,4.57
2015.12.04 01:22:31.409,1.0904,1.09042,1.50,1.00
2015.12.04 01:22:31.512,1.0904,1.09045,1.50,8.32
2015.12.04 01:22:32.276,1.09041,1.09045,1.50,3.07
2015.12.04 01:22:34.433,1.0904,1.09045,6.00,3.82
2015.12.04 01:22:34.956,1.09041,1.09045,1.50,1.50
2015.12.04 01:22:35.311,1.09043,1.09048,2.25,2.92
2015.12.04 01:22:35.819,1.09044,1.09049,1.50,2.62
2015.12.04 01:22:36.124,1.09048,1.09051,1.50,1.00
2015.12.04 01:22:36.630,1.09048,1.09052,1.00,1.57
2015.12.04 01:22:40.076,1.09047,1.09052,3.82,1.50
2015.12.04 01:22:40.600,1.09048,1.09052,1.50,1.50
2015.12.04 01:22:41.110,1.09047,1.09051,1.50,1.00
2015.12.04 01:22:41.568,1.09049,1.09052,1.00,1.50
2015.12.04 01:22:42.196,1.09049,1.09054,3.00,3.37
2015.12.04 01:22:42.703,1.09048,1.09053,2.25,1.10
2015.12.04 01:22:43.210,1.09048,1.09052,1.00,1.00
2015.12.04 01:22:44.513,1.09048,1.09053,1.00,2.32
2015.12.04 01:22:45.654,1.09049,1.09053,1.00,1.57
2015.12.04 01:22:46.165,1.0905,1.09055,4.50,6.07
2015.12.04 01:22:46.836,1.09051,1.09055,1.50,3.82
2015.12.04 01:22:49.436,1.0905,1.09055,6.75,3.07
2015.12.04 01:22:49.940,1.09051,1.09055,1.50,3.37
2015.12.04 01:22:50.752,1.09054,1.09055,4.50,1.12
2015.12.04 01:22:50.804,1.09056,1.09057,1.00,1.00
2015.12.04 01:22:50.984,1.09056,1.09058,1.57,1.00
2015.12.04 01:22:51.036,1.09057,1.0906,1.00,1.12
2015.12.04 01:22:51.543,1.09057,1.09062,2.25,1.87
2015.12.04 01:22:52.128,1.09058,1.09063,3.00,1.10
2015.12.04 01:22:55.082,1.09058,1.09063,1.12,3.00
2015.12.04 01:22:55.932,1.09058,1.09063,3.00,1.00
2015.12.04 01:22:57.254,1.09058,1.09063,1.37,1.00
2015.12.04 01:22:59.582,1.09058,1.09063,2.25,1.00
2015.12.04 01:22:59.886,1.09066,1.09069,1.50,1.50
2015.12.04 01:23:00.066,1.09068,1.09072,1.00,2.25
2015.12.04 01:23:00.421,1.0907,1.09073,1.50,2.32
2015.12.04 01:23:00.727,1.09079,1.09082,1.87,1.00
2015.12.04 01:23:00.879,1.09078,1.09082,1.00,1.50
2015.12.04 01:23:01.178,1.09078,1.09079,1.00,1.00
2015.12.04 01:23:01.279,1.09074,1.09075,1.57,1.50
2015.12.04 01:23:01.381,1.09073,1.09075,1.00,1.50
2015.12.04 01:23:01.483,1.0907,1.09075,2.32,3.75
2015.12.04 01:23:01.686,1.0907,1.09072,3.00,1.00
2015.12.04 01:23:01.788,1.0907,1.09074,3.07,1.50
2015.12.04 01:23:01.934,1.0907,1.09074,3.82,1.50
2015.12.04 01:23:01.986,1.09073,1.09076,2.02,1.00
2015.12.04 01:23:02.089,1.09073,1.09078,6.45,1.50
2015.12.04 01:23:02.140,1.09075,1.09078,1.00,1.50
2015.12.04 01:23:02.191,1.09075,1.0908,3.00,2.32
2015.12.04 01:23:02.596,1.09076,1.09078,1.00,1.00
2015.12.04 01:23:03.102,1.09074,1.09078,2.32,1.00
2015.12.04 01:23:03.407,1.09075,1.0908,1.50,3.82
2015.12.04 01:23:03.863,1.09075,1.09079,1.50,1.12
2015.12.04 01:23:04.318,1.09074,1.09076,1.00,1.50
2015.12.04 01:23:04.521,1.09072,1.09075,1.00,1.00
2015.12.04 01:23:04.623,1.0907,1.09075,3.00,4.12
2015.12.04 01:23:04.826,1.09068,1.09072,1.57,1.50
2015.12.04 01:23:05.029,1.09066,1.09071,3.00,1.00
2015.12.04 01:23:05.535,1.09067,1.09071,1.50,1.00
2015.12.04 01:23:05.687,1.09065,1.09069,4.57,1.50
2015.12.04 01:23:05.991,1.09063,1.09066,1.20,3.00
2015.12.04 01:23:06.195,1.0906,1.09064,3.82,1.50
2015.12.04 01:23:06.507,1.09061,1.09066,3.00,1.57
2015.12.04 01:23:06.912,1.09061,1.09066,4.35,1.57
2015.12.04 01:23:07.166,1.09064,1.09068,1.00,1.57
2015.12.04 01:23:07.757,1.09063,1.09068,1.50,1.57
2015.12.04 01:23:08.671,1.09063,1.09065,1.50,1.00
2015.12.04 01:23:08.874,1.0906,1.09065,8.25,3.82
2015.12.04 01:23:09.416,1.09061,1.09065,1.00,1.50
2015.12.04 01:23:09.924,1.09061,1.09066,3.75,1.50
2015.12.04 01:23:10.471,1.0906,1.09062,1.50,1.00
2015.12.04 01:23:10.978,1.09059,1.09063,2.40,1.10
2015.12.04 01:23:11.284,1.09065,1.09067,3.75,1.50
2015.12.04 01:23:11.336,1.09066,1.09069,3.82,1.00
2015.12.04 01:23:11.387,1.09066,1.09071,3.82,1.50
2015.12.04 01:23:11.631,1.09068,1.09072,1.50,1.00
2015.12.04 01:23:12.138,1.09069,1.09073,1.50,2.32
2015.12.04 01:23:12.644,1.09068,1.09073,2.25,2.32
2015.12.04 01:23:13.147,1.0907,1.09073,3.00,1.10
2015.12.04 01:23:13.452,1.09073,1.09076,1.50,3.07
2015.12.04 01:23:13.808,1.0907,1.09073,3.00,1.00
2015.12.04 01:23:14.400,1.09069,1.09073,3.75,1.10
2015.12.04 01:23:14.705,1.09069,1.09071,1.00,1.00
2015.12.04 01:23:14.808,1.09067,1.09071,4.50,1.00
2015.12.04 01:23:15.514,1.09067,1.09072,1.50,3.07
2015.12.04 01:23:15.616,1.09069,1.09074,2.25,2.32
2015.12.04 01:23:16.131,1.09071,1.09075,1.00,2.32
2015.12.04 01:23:16.629,1.09073,1.09078,1.50,1.57
2015.12.04 01:23:16.731,1.09075,1.09079,1.00,1.57
2015.12.04 01:23:17.189,1.09074,1.09075,1.50,1.00
2015.12.04 01:23:17.241,1.09073,1.09075,1.00,1.00
2015.12.04 01:23:17.344,1.09071,1.09074,1.00,2.25
2015.12.04 01:23:17.395,1.09069,1.09074,1.50,2.32
2015.12.04 01:23:17.941,1.09068,1.09073,3.07,1.50
2015.12.04 01:23:18.486,1.09068,1.09073,3.75,1.87
2015.12.04 01:23:18.851,1.09069,1.09074,3.75,1.57
2015.12.04 01:23:19.352,1.09069,1.09074,1.00,1.12
2015.12.04 01:23:19.959,1.09068,1.09073,1.50,1.57
2015.12.04 01:23:20.498,1.09068,1.09072,1.00,1.10
2015.12.04 01:23:21.006,1.09067,1.09072,1.50,2.62
2015.12.04 01:23:21.512,1.09068,1.09073,1.00,3.37
2015.12.04 01:23:22.554,1.09068,1.09073,1.50,1.87
2015.12.04 01:23:23.515,1.09069,1.09073,1.00,1.12
2015.12.04 01:23:23.769,1.0907,1.09075,2.25,4.12
2015.12.04 01:23:24.768,1.0907,1.09074,1.50,2.62
2015.12.04 01:23:25.316,1.09069,1.09073,1.50,1.10
2015.12.04 01:23:25.620,1.0907,1.09075,1.50,6.07
2015.12.04 01:23:26.177,1.0907,1.09075,2.25,4.87
2015.12.04 01:23:26.688,1.0907,1.09075,3.00,5.32
2015.12.04 01:23:27.196,1.09071,1.09075,1.00,2.25
2015.12.04 01:23:27.764,1.09071,1.09074,1.00,1.00
2015.12.04 01:23:28.283,1.0907,1.09074,3.07,1.00
2015.12.04 01:23:28.662,1.0907,1.09072,1.00,1.50
2015.12.04 01:23:28.764,1.09068,1.09072,1.57,1.50
2015.12.04 01:23:29.296,1.09068,1.09073,1.57,3.75
2015.12.04 01:23:29.551,1.09066,1.0907,1.57,1.50
2015.12.04 01:23:31.197,1.09066,1.09069,1.00,1.00
2015.12.04 01:23:31.503,1.09061,1.09065,1.50,3.82
2015.12.04 01:23:32.168,1.0906,1.09065,3.75,3.07
2015.12.04 01:23:32.674,1.09061,1.09065,1.00,2.32
2015.12.04 01:23:33.615,1.09061,1.09064,1.00,1.50
2015.12.04 01:23:33.920,1.0906,1.09062,2.25,1.00
2015.12.04 01:23:34.022,1.09059,1.09061,1.65,1.00
2015.12.04 01:23:34.327,1.09056,1.0906,1.00,2.25
2015.12.04 01:23:34.429,1.09055,1.09058,1.00,1.00
2015.12.04 01:23:34.632,1.09051,1.09055,3.00,3.00
2015.12.04 01:23:34.936,1.0905,1.09052,2.25,1.00
2015.12.04 01:23:35.190,1.09048,1.09052,1.50,2.25
2015.12.04 01:23:35.680,1.0905,1.09054,2.25,1.57
2015.12.04 01:23:35.984,1.09052,1.09055,1.50,3.75
2015.12.04 01:23:36.137,1.09052,1.09057,2.25,3.07
2015.12.04 01:23:36.290,1.09051,1.09055,3.07,1.50
2015.12.04 01:23:36.903,1.09051,1.09056,1.57,3.00
2015.12.04 01:23:37.414,1.09051,1.09055,1.57,3.00
2015.12.04 01:23:37.965,1.09051,1.09056,1.57,3.00
2015.12.04 01:23:38.383,1.09053,1.09057,1.00,1.57
2015.12.04 01:23:38.688,1.09057,1.09061,1.50,1.12
2015.12.04 01:23:39.195,1.09057,1.09061,1.50,1.10
2015.12.04 01:23:39.532,1.09053,1.09054,10.12,1.50
2015.12.04 01:23:39.633,1.09052,1.09053,1.05,1.00
2015.12.04 01:23:39.685,1.09049,1.09053,1.65,1.00
2015.12.04 01:23:39.887,1.09051,1.09056,1.57,3.00
2015.12.04 01:23:40.192,1.09049,1.09054,1.87,1.00
2015.12.04 01:23:40.722,1.0905,1.09055,7.87,2.25
2015.12.04 01:23:41.272,1.0905,1.09055,9.00,5.25
2015.12.04 01:23:41.946,1.09052,1.09056,1.50,1.50
2015.12.04 01:23:42.453,1.09053,1.09057,1.50,1.57
2015.12.04 01:23:43.164,1.09054,1.09057,1.00,1.57
2015.12.04 01:23:43.648,1.09055,1.09059,1.00,1.57
2015.12.04 01:23:44.664,1.09056,1.0906,1.00,1.87
2015.12.04 01:23:44.717,1.09058,1.0906,1.50,1.10
2015.12.04 01:23:45.224,1.09058,1.09062,1.50,2.62
2015.12.04 01:23:45.731,1.09058,1.09062,1.50,2.62
2015.12.04 01:23:47.872,1.09059,1.09062,1.50,1.87
2015.12.04 01:23:48.075,1.09064,1.09066,1.00,5.25
2015.12.04 01:23:48.481,1.09064,1.09069,1.50,3.07
2015.12.04 01:23:48.985,1.09065,1.09069,1.00,1.10
2015.12.04 01:23:49.646,1.09067,1.0907,1.00,1.87
2015.12.04 01:23:49.850,1.0907,1.09074,1.50,1.10
2015.12.04 01:23:50.399,1.09071,1.09075,2.25,1.00
2015.12.04 01:23:50.956,1.0907,1.09071,2.25,1.00
2015.12.04 01:23:51.252,1.09062,1.09066,3.07,1.00
2015.12.04 01:23:51.507,1.09063,1.09068,1.50,2.25
2015.12.04 01:23:51.558,1.09068,1.09071,2.50,10.50
2015.12.04 01:23:51.813,1.09073,1.09075,1.00,4.12
2015.12.04 01:23:51.966,1.09073,1.09076,4.95,1.00
2015.12.04 01:23:52.017,1.09075,1.09077,1.00,1.00
2015.12.04 01:23:52.250,1.09075,1.09079,1.50,5.32
2015.12.04 01:23:52.301,1.09073,1.09077,2.25,1.00
2015.12.04 01:23:52.607,1.09075,1.09078,1.50,2.32
2015.12.04 01:23:52.709,1.09072,1.09077,3.07,1.50
2015.12.04 01:23:53.215,1.09072,1.09076,1.50,3.82
2015.12.04 01:23:53.717,1.09072,1.09077,1.50,3.82
2015.12.04 01:23:54.223,1.09072,1.09075,1.00,1.00
2015.12.04 01:23:54.274,1.0907,1.09075,3.75,9.00
2015.12.04 01:23:54.478,1.0907,1.09074,1.00,3.37
2015.12.04 01:23:54.782,1.09068,1.09071,1.50,1.50
2015.12.04 01:23:55.287,1.09068,1.09072,1.50,1.10
2015.12.04 01:23:55.794,1.09068,1.09073,1.50,2.32
2015.12.04 01:23:56.519,1.09069,1.09073,1.00,1.00
2015.12.04 01:23:57.026,1.09069,1.09074,1.57,2.25
2015.12.04 01:23:58.954,1.0907,1.09074,1.50,3.00
2015.12.04 01:23:59.511,1.09069,1.09074,5.32,3.00
2015.12.04 01:23:59.816,1.09071,1.09075,1.50,1.57
2015.12.04 01:24:00.335,1.09071,1.09075,1.50,1.87
2015.12.04 01:24:00.539,1.09068,1.09073,2.25,1.12
2015.12.04 01:24:04.921,1.09068,1.09072,1.50,1.12
2015.12.04 01:24:05.530,1.09067,1.09072,1.50,4.87
2015.12.04 01:24:06.077,1.09068,1.0907,1.00,1.50
2015.12.04 01:24:06.230,1.09066,1.09069,1.50,1.10
2015.12.04 01:24:06.282,1.09066,1.09067,1.00,1.00
2015.12.04 01:24:06.333,1.09064,1.09067,2.25,1.12
2015.12.04 01:24:06.841,1.09062,1.09066,1.00,1.57
2015.12.04 01:24:06.892,1.09062,1.09066,1.00,2.62
2015.12.04 01:24:07.608,1.0906,1.09065,6.75,1.87
2015.12.04 01:24:08.116,1.0906,1.09064,2.25,1.12
2015.12.04 01:24:08.457,1.09058,1.09062,3.00,1.57
2015.12.04 01:24:09.014,1.09059,1.09062,1.50,1.50
2015.12.04 01:24:09.319,1.0906,1.09064,5.25,1.57
2015.12.04 01:24:09.847,1.09061,1.09064,2.25,1.57
2015.12.04 01:24:10.404,1.09061,1.09066,2.25,1.12
2015.12.04 01:24:10.456,1.09063,1.09067,1.50,2.25
2015.12.04 01:24:10.608,1.09064,1.09068,3.75,1.10
2015.12.04 01:24:11.155,1.09065,1.09069,1.50,1.10
2015.12.04 01:24:13.401,1.09065,1.09068,4.50,1.50
2015.12.04 01:24:13.654,1.09063,1.09067,1.00,1.00
2015.12.04 01:24:13.756,1.09062,1.09065,1.00,1.00
2015.12.04 01:24:14.091,1.0906,1.09065,10.50,2.32
2015.12.04 01:24:15.872,1.0906,1.09064,1.50,1.00
2015.12.04 01:24:16.530,1.09059,1.09064,1.50,1.50
2015.12.04 01:24:17.087,1.0906,1.09064,3.00,1.50
2015.12.04 01:24:17.412,1.09058,1.09063,3.00,1.57
2015.12.04 01:24:17.572,1.09057,1.09062,1.00,1.12
2015.12.04 01:24:19.006,1.09057,1.0906,1.00,1.00
2015.12.04 01:24:19.311,1.09056,1.09057,1.00,1.12
2015.12.04 01:24:19.413,1.09053,1.09056,1.95,2.25
2015.12.04 01:24:19.616,1.09051,1.09056,2.25,4.57
2015.12.04 01:24:19.667,1.09051,1.09056,1.50,5.62
