2011.04.05 14:00:00.160,1.41653,1.4166,1.13,8.60
2011.04.05 14:00:00.280,1.41651,1.4166,1.13,9.35
2011.04.05 14:00:00.940,1.41644,1.4166,2.66,5.36
2011.04.05 14:00:01.073,1.41649,1.41657,4.50,1.10
2011.04.05 14:00:01.196,1.41646,1.41663,5.70,1.50
2011.04.05 14:00:01.312,1.41649,1.41663,1.50,1.50
2011.04.05 14:00:01.535,1.41651,1.41664,2.66,1.81
2011.04.05 14:00:01.850,1.4165,1.41668,1.88,1.28
2011.04.05 14:00:01.981,1.41654,1.41667,1.50,1.45
2011.04.05 14:00:02.343,1.41658,1.41666,4.13,3.75
2011.04.05 14:00:02.695,1.41658,1.41668,4.50,3.75
2011.04.05 14:00:03.058,1.41657,1.41671,1.88,1.43
2011.04.05 14:00:03.316,1.41656,1.41674,1.13,1.28
2011.04.05 14:00:03.653,1.41664,1.41669,1.50,3.75
2011.04.05 14:00:04.291,1.41665,1.4167,1.13,3.00
2011.04.05 14:00:04.422,1.41667,1.41671,17.13,0.15
2011.04.05 14:00:04.785,1.4166,1.4168,1.50,1.28
2011.04.05 14:00:04.915,1.41665,1.41678,2.66,1.28
2011.04.05 14:00:05.029,1.41663,1.41681,1.13,1.20
2011.04.05 14:00:05.559,1.41664,1.41682,1.13,1.13
2011.04.05 14:00:05.684,1.41662,1.41685,2.25,2.21
2011.04.05 14:00:05.805,1.41666,1.41684,1.17,1.12
2011.04.05 14:00:05.925,1.41664,1.41687,1.50,2.50
2011.04.05 14:00:06.042,1.41666,1.41687,1.50,1.42
2011.04.05 14:00:06.161,1.41668,1.41687,1.50,1.29
2011.04.05 14:00:06.757,1.41668,1.41688,3.41,1.50
2011.04.05 14:00:06.874,1.41668,1.4169,3.41,1.04
2011.04.05 14:00:07.213,1.41667,1.41693,1.50,1.65
2011.04.05 14:00:07.476,1.41674,1.41688,1.50,1.88
2011.04.05 14:00:07.916,1.41676,1.41687,2.63,1.42
2011.04.05 14:00:08.045,1.41675,1.4169,2.66,1.79
2011.04.05 14:00:08.164,1.41677,1.4169,1.92,4.65
2011.04.05 14:00:08.525,1.41677,1.41693,1.92,1.42
2011.04.05 14:00:08.994,1.4168,1.41693,1.50,3.75
2011.04.05 14:00:09.123,1.41683,1.41693,1.13,1.05
2011.04.05 14:00:09.247,1.41682,1.41695,1.13,1.50
2011.04.05 14:00:09.365,1.41682,1.41698,1.13,1.50
2011.04.05 14:00:09.725,1.41692,1.417,4.13,4.50
2011.04.05 14:00:10.073,1.41693,1.41704,1.50,2.25
2011.04.05 14:00:10.303,1.41693,1.41706,2.44,1.50
2011.04.05 14:00:10.755,1.41692,1.41709,1.50,1.46
2011.04.05 14:00:11.058,1.41695,1.41709,4.50,1.46
2011.04.05 14:00:11.201,1.41697,1.41709,1.75,1.50
2011.04.05 14:00:11.320,1.41698,1.41711,1.88,3.75
2011.04.05 14:00:11.442,1.41701,1.41711,1.50,3.75
2011.04.05 14:00:11.560,1.41702,1.41712,1.50,2.25
2011.04.05 14:00:19.018,1.41702,1.41714,2.25,1.58
2011.04.05 14:00:19.241,1.41706,1.41712,1.50,2.25
2011.04.05 14:00:19.912,1.41705,1.41714,1.50,1.50
2011.04.05 14:00:20.242,1.41706,1.41716,1.13,1.50
2011.04.05 14:00:20.403,1.41707,1.41717,1.13,1.50
2011.04.05 14:00:20.521,1.41706,1.41721,2.63,1.50
2011.04.05 14:00:21.172,1.41709,1.41721,1.50,1.50
2011.04.05 14:00:21.403,1.41711,1.41721,1.50,1.50
2011.04.05 14:00:22.347,1.41712,1.41722,1.13,1.50
2011.04.05 14:00:22.485,1.41713,1.41724,3.75,1.50
2011.04.05 14:00:22.600,1.41714,1.41725,2.25,2.25
2011.04.05 14:00:23.041,1.41717,1.41725,1.05,1.50
2011.04.05 14:00:23.489,1.41717,1.41726,1.50,2.59
2011.04.05 14:00:23.722,1.41718,1.41727,1.50,5.59
2011.04.05 14:00:24.065,1.41719,1.41728,1.50,2.25
2011.04.05 14:00:24.400,1.4172,1.41729,1.50,1.50
2011.04.05 14:00:24.519,1.4172,1.41731,1.50,2.25
2011.04.05 14:00:24.890,1.41722,1.41731,1.50,1.50
2011.04.05 14:00:26.454,1.41723,1.41732,1.50,2.25
2011.04.05 14:00:26.791,1.41724,1.41734,2.25,1.50
2011.04.05 14:00:26.908,1.41724,1.41736,1.50,2.33
2011.04.05 14:00:27.021,1.41726,1.41736,2.55,1.58
2011.04.05 14:00:28.441,1.41726,1.41739,3.00,3.00
2011.04.05 14:00:29.011,1.41728,1.41739,1.80,1.50
2011.04.05 14:00:29.241,1.41729,1.4174,1.50,2.25
2011.04.05 14:00:29.472,1.41732,1.4174,8.25,1.50
2011.04.05 14:00:29.728,1.41732,1.41742,2.89,2.25
2011.04.05 14:00:30.078,1.41734,1.41742,1.13,1.50
2011.04.05 14:00:30.669,1.41734,1.41744,1.13,3.00
2011.04.05 14:00:30.796,1.41735,1.41745,1.88,1.50
2011.04.05 14:00:30.912,1.41737,1.41745,1.88,1.50
2011.04.05 14:00:31.141,1.41737,1.41747,1.88,1.50
2011.04.05 14:00:31.592,1.41737,1.41748,1.50,1.50
2011.04.05 14:00:31.711,1.41739,1.41748,3.00,1.50
2011.04.05 14:00:31.943,1.41739,1.4175,6.75,2.25
2011.04.05 14:00:32.173,1.41742,1.41749,1.50,1.50
2011.04.05 14:00:32.511,1.41742,1.41751,1.50,1.50
2011.04.05 14:00:32.632,1.41743,1.41752,3.00,2.25
2011.04.05 14:00:32.860,1.41745,1.41752,3.41,1.50
2011.04.05 14:00:32.978,1.41745,1.41754,1.88,2.25
2011.04.05 14:00:33.282,1.41746,1.41755,1.13,5.25
2011.04.05 14:00:33.410,1.41748,1.41756,3.41,1.50
2011.04.05 14:00:33.531,1.41753,1.41761,1.50,1.50
2011.04.05 14:00:33.760,1.41753,1.41763,2.03,2.25
2011.04.05 14:00:33.990,1.41756,1.41766,4.50,1.50
2011.04.05 14:00:34.223,1.41754,1.41759,4.91,3.75
2011.04.05 14:00:34.451,1.41747,1.41757,3.00,2.25
2011.04.05 14:00:41.022,1.4175,1.41757,1.50,1.50
2011.04.05 14:00:42.732,1.41742,1.41756,1.50,1.50
2011.04.05 14:00:42.804,1.41745,1.41755,4.50,1.65
2011.04.05 14:00:42.904,1.41746,1.41756,4.50,1.50
2011.04.05 14:00:43.022,1.41747,1.41757,3.75,3.00
2011.04.05 14:00:43.143,1.41749,1.41758,1.50,2.25
2011.04.05 14:00:43.261,1.41749,1.4176,8.25,3.19
2011.04.05 14:00:43.613,1.41751,1.4176,2.25,1.50
2011.04.05 14:00:43.839,1.41753,1.41761,1.50,1.50
2011.04.05 14:00:44.390,1.41753,1.41764,1.50,1.50
2011.04.05 14:00:44.731,1.41754,1.41764,3.00,1.50
2011.04.05 14:00:44.850,1.41754,1.41766,1.50,2.25
2011.04.05 14:00:44.972,1.41754,1.41768,4.13,1.50
2011.04.05 14:00:45.327,1.41756,1.41768,4.50,2.25
2011.04.05 14:00:45.668,1.4176,1.41766,1.13,1.50
2011.04.05 14:00:45.786,1.41761,1.41768,1.50,1.13
2011.04.05 14:00:45.903,1.41762,1.4177,1.50,1.50
2011.04.05 14:00:46.134,1.41762,1.41772,2.25,2.25
2011.04.05 14:00:46.469,1.4177,1.41777,5.25,2.25
2011.04.05 14:00:46.582,1.41765,1.41775,7.50,1.50
2011.04.05 14:00:46.810,1.41765,1.41772,1.50,1.50
2011.04.05 14:00:47.259,1.41759,1.41772,1.13,2.25
2011.04.05 14:00:47.805,1.4176,1.4177,2.25,1.50
2011.04.05 14:00:47.926,1.41758,1.41765,1.50,4.50
2011.04.05 14:00:48.167,1.41755,1.4176,2.25,1.50
2011.04.05 14:00:48.287,1.4175,1.41758,2.25,1.50
2011.04.05 14:00:48.521,1.41748,1.41758,6.00,1.50
2011.04.05 14:00:49.409,1.41748,1.41758,6.98,1.50
2011.04.05 14:00:49.518,1.41748,1.41758,7.20,1.50
2011.04.05 14:00:50.400,1.41748,1.41758,7.95,2.25
2011.04.05 14:00:50.814,1.41746,1.41755,1.13,1.50
2011.04.05 14:00:51.701,1.41743,1.41753,1.73,3.00
2011.04.05 14:00:52.149,1.41742,1.41752,1.50,2.25
2011.04.05 14:00:52.931,1.41742,1.41752,1.73,2.25
2011.04.05 14:00:53.491,1.41743,1.41752,6.23,1.50
2011.04.05 14:00:53.830,1.41742,1.41751,1.50,1.50
2011.04.05 14:00:53.952,1.41742,1.41751,1.50,1.50
2011.04.05 14:00:54.631,1.4174,1.4175,1.73,2.25
2011.04.05 14:00:54.858,1.41739,1.4175,1.73,2.25
2011.04.05 14:00:55.082,1.41739,1.41748,1.73,1.50
2011.04.05 14:00:55.201,1.41738,1.41747,4.20,2.25
2011.04.05 14:00:55.435,1.41736,1.41743,4.50,1.50
2011.04.05 14:00:55.675,1.41735,1.41742,1.50,1.50
2011.04.05 14:00:55.900,1.41735,1.41743,5.25,1.50
2011.04.05 14:00:56.131,1.41735,1.41744,1.95,1.50
2011.04.05 14:00:56.689,1.41733,1.41744,5.70,1.50
2011.04.05 14:00:56.800,1.41735,1.41745,1.73,2.25
2011.04.05 14:00:57.469,1.41734,1.41745,1.95,3.00
2011.04.05 14:00:58.001,1.41733,1.41742,2.25,3.00
2011.04.05 14:00:58.021,1.41733,1.41741,2.25,1.50
2011.04.05 14:00:58.358,1.41728,1.41741,1.73,2.25
2011.04.05 14:00:58.578,1.41729,1.41739,3.98,1.50
2011.04.05 14:00:58.906,1.41728,1.41737,1.73,2.25
2011.04.05 14:00:59.130,1.41727,1.41734,3.75,1.50
2011.04.05 14:00:59.365,1.41723,1.41732,1.73,2.25
2011.04.05 14:00:59.700,1.41721,1.4173,1.95,1.50
2011.04.05 14:00:59.933,1.41724,1.41731,3.75,1.50
2011.04.05 14:01:00.377,1.41722,1.4173,1.20,3.00
2011.04.05 14:01:00.603,1.4172,1.41728,1.58,1.50
2011.04.05 14:01:00.719,1.41719,1.41728,1.95,2.25
2011.04.05 14:01:00.830,1.41719,1.4173,1.20,2.25
2011.04.05 14:01:01.172,1.4172,1.41728,1.20,2.25
2011.04.05 14:01:01.427,1.41719,1.41728,1.20,3.00
2011.04.05 14:01:01.552,1.41715,1.41722,2.70,2.25
2011.04.05 14:01:01.901,1.41715,1.41722,3.75,3.00
2011.04.05 14:01:02.132,1.41711,1.41719,2.70,1.50
2011.04.05 14:01:02.362,1.41709,1.41715,1.20,1.13
2011.04.05 14:01:02.604,1.41707,1.41716,1.20,1.88
2011.04.05 14:01:02.721,1.41707,1.41716,1.20,1.50
2011.04.05 14:01:03.171,1.41708,1.41717,1.50,1.50
2011.04.05 14:01:03.511,1.4171,1.41719,1.20,1.50
2011.04.05 14:01:04.177,1.41708,1.41717,3.75,2.25
2011.04.05 14:01:04.519,1.41701,1.41711,2.10,1.50
2011.04.05 14:01:04.864,1.41702,1.41712,2.10,5.03
2011.04.05 14:01:05.215,1.41705,1.41711,1.13,1.50
2011.04.05 14:01:05.451,1.41705,1.41713,1.50,2.25
2011.04.05 14:01:05.569,1.41705,1.41715,1.50,2.10
2011.04.05 14:01:06.147,1.41706,1.41716,2.25,1.35
2011.04.05 14:01:06.808,1.41707,1.41717,1.50,2.10
2011.04.05 14:01:06.919,1.41709,1.41718,1.50,2.85
2011.04.05 14:01:07.482,1.4171,1.41719,1.50,1.35
2011.04.05 14:01:07.823,1.41711,1.4172,1.50,3.00
2011.04.05 14:01:07.941,1.41712,1.41721,1.50,4.50
2011.04.05 14:01:08.170,1.41712,1.41722,3.00,2.48
2011.04.05 14:01:08.511,1.41716,1.41722,3.75,1.50
2011.04.05 14:01:08.751,1.41713,1.41722,1.50,2.25
2011.04.05 14:01:08.981,1.41712,1.4172,1.50,1.35
2011.04.05 14:01:09.430,1.41713,1.41722,2.25,1.50
2011.04.05 14:01:09.988,1.41713,1.41722,1.50,2.25
2011.04.05 14:01:11.188,1.41712,1.41722,2.25,2.25
2011.04.05 14:01:11.740,1.41715,1.41722,4.50,2.25
2011.04.05 14:01:12.083,1.41719,1.41725,1.50,2.10
2011.04.05 14:01:12.202,1.41719,1.41724,3.75,1.50
2011.04.05 14:01:12.322,1.41719,1.41725,4.50,3.75
2011.04.05 14:01:12.549,1.4172,1.41727,2.25,1.50
2011.04.05 14:01:13.100,1.41722,1.41731,1.50,1.50
2011.04.05 14:01:13.220,1.41718,1.4173,1.73,1.50
2011.04.05 14:01:13.572,1.4172,1.41726,11.40,2.03
2011.04.05 14:01:13.805,1.41717,1.41722,2.10,1.50
2011.04.05 14:01:13.923,1.41718,1.41728,1.50,3.75
2011.04.05 14:01:14.258,1.41721,1.41728,1.50,1.50
2011.04.05 14:01:14.605,1.41723,1.41731,1.50,1.50
2011.04.05 14:01:14.957,1.4173,1.41735,2.25,3.75
2011.04.05 14:01:15.070,1.4173,1.4174,1.50,1.50
2011.04.05 14:01:15.808,1.41731,1.4174,1.50,2.85
2011.04.05 14:01:16.256,1.41737,1.41742,2.10,2.25
2011.04.05 14:01:16.483,1.41738,1.41747,3.60,2.25
2011.04.05 14:01:17.260,1.41738,1.41745,3.00,1.50
2011.04.05 14:01:17.383,1.41739,1.41746,1.50,1.13
2011.04.05 14:01:17.502,1.4174,1.41748,1.50,1.50
2011.04.05 14:01:19.239,1.41739,1.41747,1.50,1.35
2011.04.05 14:01:19.348,1.41737,1.41743,5.25,2.25
2011.04.05 14:01:19.462,1.41735,1.41743,1.50,2.85
2011.04.05 14:01:19.581,1.41733,1.41742,1.50,2.25
2011.04.05 14:01:19.696,1.41732,1.41741,1.50,1.50
2011.04.05 14:01:20.358,1.41733,1.41743,1.50,5.85
2011.04.05 14:01:20.800,1.41738,1.41747,1.50,3.00
2011.04.05 14:01:21.324,1.4174,1.41746,1.50,1.50
2011.04.05 14:01:21.456,1.4174,1.4175,1.50,2.25
2011.04.05 14:01:21.900,1.4174,1.4175,1.50,2.25
2011.04.05 14:01:22.680,1.41745,1.41752,5.10,3.75
2011.04.05 14:01:22.909,1.41748,1.41753,1.50,1.50
2011.04.05 14:01:23.467,1.41748,1.41755,1.50,1.50
2011.04.05 14:01:24.020,1.41752,1.41757,1.50,3.75
2011.04.05 14:01:24.359,1.4175,1.41757,4.39,1.50
2011.04.05 14:01:24.682,1.41751,1.41759,1.50,1.50
2011.04.05 14:01:24.795,1.41751,1.4176,2.25,1.50
2011.04.05 14:01:25.350,1.41751,1.41761,2.25,3.75
2011.04.05 14:01:25.577,1.41752,1.41761,1.50,3.00
2011.04.05 14:01:26.131,1.41758,1.41763,1.50,2.25
2011.04.05 14:01:26.362,1.41758,1.41764,2.85,1.50
2011.04.05 14:01:26.921,1.41759,1.41766,3.00,1.50
2011.04.05 14:01:27.039,1.41761,1.41769,2.25,1.50
2011.04.05 14:01:27.149,1.41763,1.41769,1.50,2.25
2011.04.05 14:01:27.710,1.41764,1.41773,1.50,5.85
2011.04.05 14:01:28.050,1.41767,1.41774,1.50,1.50
2011.04.05 14:01:28.498,1.41771,1.4178,1.50,1.50
2011.04.05 14:01:29.489,1.41771,1.4178,2.25,1.50
2011.04.05 14:01:30.045,1.4177,1.41777,6.00,3.00
2011.04.05 14:01:30.270,1.41769,1.41774,2.66,1.50
2011.04.05 14:01:30.389,1.41764,1.41772,2.40,1.50
2011.04.05 14:01:30.721,1.41761,1.41772,3.00,5.25
2011.04.05 14:01:30.949,1.41762,1.4177,2.85,4.50
2011.04.05 14:01:31.179,1.4176,1.41769,4.50,1.50
2011.04.05 14:01:31.300,1.41762,1.41769,1.50,1.50
2011.04.05 14:01:31.888,1.41762,1.41769,5.25,1.13
2011.04.05 14:01:32.448,1.4176,1.41768,1.50,2.25
2011.04.05 14:01:32.783,1.41757,1.41763,3.75,2.10
2011.04.05 14:01:32.898,1.41756,1.41762,1.50,2.10
2011.04.05 14:01:33.012,1.41753,1.41762,2.25,1.50
2011.04.05 14:01:33.239,1.41753,1.41762,1.50,3.00
2011.04.05 14:01:35.651,1.41752,1.41762,1.50,7.35
2011.04.05 14:01:36.211,1.41753,1.41762,1.50,3.75
2011.04.05 14:01:36.661,1.41753,1.41762,2.25,3.75
2011.04.05 14:01:36.781,1.41754,1.41762,1.50,4.50
2011.04.05 14:01:37.134,1.41749,1.41755,1.50,1.50
2011.04.05 14:01:37.254,1.41746,1.41752,1.50,2.85
2011.04.05 14:01:37.590,1.41745,1.41752,3.75,1.50
2011.04.05 14:01:37.928,1.41743,1.41751,2.25,2.25
2011.04.05 14:01:38.370,1.41745,1.41753,5.25,2.25
2011.04.05 14:01:38.968,1.41743,1.41752,2.25,1.50
2011.04.05 14:01:39.301,1.41741,1.4175,3.60,2.25
2011.04.05 14:01:39.749,1.41741,1.41747,1.50,1.50
2011.04.05 14:01:40.190,1.41738,1.41746,3.60,1.50
2011.04.05 14:01:40.530,1.41737,1.41745,1.50,1.50
2011.04.05 14:01:40.872,1.41736,1.41742,2.25,3.00
2011.04.05 14:01:40.992,1.41733,1.41741,1.50,1.35
2011.04.05 14:01:41.221,1.41734,1.41742,3.60,1.50
2011.04.05 14:01:41.671,1.41736,1.41743,1.50,1.50
2011.04.05 14:01:42.023,1.4174,1.41747,1.50,2.59
2011.04.05 14:01:42.157,1.41741,1.4175,1.50,1.35
2011.04.05 14:01:42.711,1.41741,1.4175,1.50,2.10
2011.04.05 14:01:43.379,1.41741,1.4175,2.25,2.10
2011.04.05 14:01:43.927,1.4174,1.41749,1.50,1.50
2011.04.05 14:01:44.479,1.41739,1.41748,2.37,2.25
2011.04.05 14:01:45.471,1.41741,1.41749,1.50,1.88
2011.04.05 14:01:45.876,1.41749,1.41755,4.35,4.13
2011.04.05 14:01:45.996,1.41751,1.41758,2.63,1.50
2011.04.05 14:01:46.116,1.41751,1.41756,1.13,1.50
2011.04.05 14:01:46.234,1.41748,1.41755,1.50,1.50
2011.04.05 14:01:46.352,1.4175,1.41757,5.25,2.25
2011.04.05 14:01:46.580,1.41751,1.41759,2.63,1.50
2011.04.05 14:01:46.808,1.41751,1.41757,1.88,2.10
2011.04.05 14:01:52.260,1.4175,1.41759,1.50,1.50
2011.04.05 14:01:52.614,1.41753,1.41758,1.50,1.50
2011.04.05 14:01:52.733,1.41753,1.4176,1.50,1.50
2011.04.05 14:01:53.291,1.41753,1.41762,1.50,8.25
2011.04.05 14:01:53.629,1.41758,1.41769,4.50,3.00
2011.04.05 14:01:53.743,1.4176,1.41769,1.50,1.50
2011.04.05 14:01:53.862,1.41761,1.4177,2.85,1.50
2011.04.05 14:01:54.868,1.4176,1.41769,1.50,2.25
2011.04.05 14:02:00.927,1.41762,1.41769,4.50,4.50
2011.04.05 14:02:01.445,1.41764,1.41769,2.25,2.25
2011.04.05 14:02:04.109,1.41763,1.41772,4.50,3.00
2011.04.05 14:02:04.440,1.41766,1.41773,1.50,1.50
2011.04.05 14:02:04.779,1.41762,1.41771,1.50,3.00
2011.04.05 14:02:04.888,1.41762,1.41771,2.25,3.00
2011.04.05 14:02:05.223,1.41763,1.41772,4.50,1.09
2011.04.05 14:02:05.340,1.4177,1.41776,1.50,5.25
2011.04.05 14:02:05.461,1.41771,1.41777,2.25,3.75
2011.04.05 14:02:06.096,1.41774,1.41781,1.50,1.50
2011.04.05 14:02:06.650,1.41774,1.41782,1.50,1.50
2011.04.05 14:02:07.211,1.41775,1.41783,5.85,1.50
2011.04.05 14:02:07.438,1.41775,1.41782,2.10,1.50
2011.04.05 14:02:07.553,1.41772,1.4178,3.00,1.50
2011.04.05 14:02:08.217,1.41774,1.41781,1.50,2.85
2011.04.05 14:02:08.547,1.41776,1.41784,1.50,1.50
2011.04.05 14:02:08.658,1.41776,1.41784,1.50,2.25
2011.04.05 14:02:08.879,1.41772,1.41781,3.75,3.60
2011.04.05 14:02:09.109,1.41772,1.41781,1.50,5.10
2011.04.05 14:02:09.889,1.41772,1.41781,1.50,4.35
2011.04.05 14:02:10.439,1.41772,1.41781,2.25,3.75
2011.04.05 14:02:10.665,1.41778,1.41783,1.50,1.50
2011.04.05 14:02:10.887,1.41778,1.41785,1.50,3.00
2011.04.05 14:02:11.330,1.41776,1.41781,1.13,1.50
2011.04.05 14:02:11.451,1.41772,1.41781,1.50,1.50
2011.04.05 14:02:11.678,1.41772,1.41782,3.60,8.25
2011.04.05 14:02:12.129,1.41774,1.41782,2.25,1.88
2011.04.05 14:02:12.240,1.41773,1.41781,2.25,2.25
2011.04.05 14:02:12.363,1.41773,1.41781,2.10,2.25
2011.04.05 14:02:12.712,1.41772,1.41779,2.25,1.50
2011.04.05 14:02:14.657,1.41777,1.41785,1.50,3.75
2011.04.05 14:02:15.761,1.41778,1.41786,2.25,2.25
2011.04.05 14:02:15.882,1.4178,1.41786,2.10,1.50
2011.04.05 14:02:16.439,1.4178,1.41787,1.50,2.25
2011.04.05 14:02:17.130,1.4178,1.41787,2.25,1.50
2011.04.05 14:02:17.689,1.41778,1.41783,2.25,2.63
2011.04.05 14:02:18.040,1.41772,1.4178,3.00,1.50
2011.04.05 14:02:18.597,1.41772,1.41781,3.75,1.50
2011.04.05 14:02:19.147,1.41771,1.41782,2.63,3.75
2011.04.05 14:02:19.700,1.41771,1.41781,2.25,1.50
2011.04.05 14:02:20.148,1.41771,1.41782,3.38,3.75
2011.04.05 14:02:20.259,1.41772,1.41782,1.50,2.25
2011.04.05 14:02:20.929,1.41772,1.41781,3.00,2.85
2011.04.05 14:02:21.258,1.41772,1.41781,2.25,4.35
2011.04.05 14:02:21.807,1.41772,1.4178,1.50,1.50
2011.04.05 14:02:23.018,1.41772,1.4178,1.50,1.50
2011.04.05 14:02:23.129,1.41772,1.4178,1.50,1.50
2011.04.05 14:02:23.357,1.41771,1.4178,1.50,1.50
2011.04.05 14:02:23.906,1.41771,1.4178,1.50,2.25
2011.04.05 14:02:24.351,1.41769,1.41775,3.00,1.50
2011.04.05 14:02:24.701,1.41765,1.41771,1.50,1.50
2011.04.05 14:02:25.781,1.41768,1.41777,1.50,2.25
2011.04.05 14:02:26.340,1.41768,1.41777,1.50,2.25
2011.04.05 14:02:26.900,1.41767,1.41774,1.50,1.50
2011.04.05 14:02:27.021,1.41767,1.41774,1.50,1.50
2011.04.05 14:02:27.577,1.41767,1.41777,1.50,7.50
2011.04.05 14:02:28.460,1.41767,1.41776,1.50,1.50
2011.04.05 14:02:31.328,1.41767,1.41775,3.00,1.50
2011.04.05 14:02:31.552,1.41769,1.41778,1.50,3.60
2011.04.05 14:02:31.889,1.41768,1.41775,5.25,4.50
2011.04.05 14:02:32.002,1.41769,1.41777,2.25,1.50
2011.04.05 14:02:32.123,1.4177,1.41779,1.50,1.88
2011.04.05 14:02:32.348,1.41769,1.41777,2.85,1.50
2011.04.05 14:02:33.668,1.41769,1.41777,2.10,2.25
2011.04.05 14:02:34.001,1.41767,1.41774,1.50,3.60
2011.04.05 14:02:34.451,1.41767,1.41772,1.50,2.25
2011.04.05 14:02:35.018,1.41764,1.41771,1.50,2.85
2011.04.05 14:02:35.351,1.41767,1.41774,1.50,2.63
2011.04.05 14:02:35.471,1.41768,1.41775,2.10,4.13
2011.04.05 14:02:35.593,1.41769,1.41778,3.00,2.25
2011.04.05 14:02:36.148,1.4177,1.41778,1.50,2.25
2011.04.05 14:02:36.697,1.41771,1.41779,2.25,1.50
2011.04.05 14:02:36.925,1.41775,1.41782,6.00,1.50
2011.04.05 14:02:37.039,1.41778,1.41787,4.50,6.00
2011.04.05 14:02:37.547,1.41779,1.4179,3.75,5.10
2011.04.05 14:02:37.665,1.41779,1.41787,2.10,1.50
2011.04.05 14:02:38.005,1.41778,1.41785,1.50,2.25
2011.04.05 14:02:38.126,1.41775,1.41782,1.13,2.25
2011.04.05 14:02:38.247,1.41773,1.41779,1.50,1.35
2011.04.05 14:02:38.484,1.41773,1.41781,1.50,3.00
2011.04.05 14:02:38.602,1.4177,1.41778,4.13,2.85
2011.04.05 14:02:38.834,1.4177,1.41777,2.25,2.25
2011.04.05 14:02:38.952,1.41768,1.41777,3.75,2.25
2011.04.05 14:02:39.192,1.41768,1.41776,1.50,3.60
2011.04.05 14:02:39.530,1.41766,1.41776,1.50,8.10
2011.04.05 14:02:40.069,1.41766,1.41774,1.50,1.84
2011.04.05 14:02:40.199,1.41764,1.41769,2.25,1.09
2011.04.05 14:02:40.545,1.41762,1.41769,3.00,1.50
2011.04.05 14:02:40.661,1.41755,1.41763,1.50,1.50
2011.04.05 14:02:40.782,1.41754,1.41763,2.25,1.50
2011.04.05 14:02:41.008,1.41754,1.41763,2.10,1.50
2011.04.05 14:02:41.342,1.4175,1.41757,1.50,2.25
2011.04.05 14:02:41.459,1.41748,1.41757,1.50,2.25
2011.04.05 14:02:42.010,1.41746,1.41755,2.63,1.50
2011.04.05 14:02:42.349,1.41746,1.41751,1.88,2.10
2011.04.05 14:02:42.686,1.41742,1.4175,1.50,1.50
2011.04.05 14:02:42.910,1.4174,1.4175,6.60,1.50
2011.04.05 14:02:43.579,1.4174,1.4175,5.85,2.25
2011.04.05 14:02:44.129,1.41742,1.41751,3.60,3.75
2011.04.05 14:02:44.459,1.41747,1.41753,1.50,1.50
2011.04.05 14:02:45.009,1.41747,1.41754,1.50,2.25
2011.04.05 14:02:45.341,1.4175,1.4176,3.00,2.25
2011.04.05 14:02:46.182,1.41751,1.4176,2.25,1.50
2011.04.05 14:02:46.739,1.41752,1.41762,2.85,5.25
2011.04.05 14:02:47.299,1.41752,1.41761,2.85,1.50
2011.04.05 14:02:47.847,1.41751,1.4176,2.25,1.50
2011.04.05 14:02:48.398,1.41751,1.4176,1.50,1.50
2011.04.05 14:02:48.837,1.4175,1.41761,3.38,3.60
2011.04.05 14:02:49.388,1.41756,1.41767,2.85,3.75
2011.04.05 14:02:49.501,1.4176,1.41765,6.00,2.25
2011.04.05 14:02:49.730,1.41762,1.4177,3.75,4.50
2011.04.05 14:02:50.359,1.41762,1.41768,1.50,1.50
2011.04.05 14:02:50.596,1.4176,1.41768,2.40,2.10
2011.04.05 14:02:51.149,1.41753,1.41761,2.25,1.50
2011.04.05 14:02:51.261,1.41752,1.41761,1.50,1.50
2011.04.05 14:02:51.817,1.41752,1.41759,1.50,1.50
2011.04.05 14:02:52.039,1.4175,1.41759,3.00,3.00
2011.04.05 14:02:52.587,1.41752,1.41761,2.25,3.60
2011.04.05 14:02:53.138,1.4175,1.41759,3.00,1.50
2011.04.05 14:02:53.689,1.41752,1.4176,1.50,2.25
2011.04.05 14:02:54.078,1.41753,1.41761,2.25,3.00
2011.04.05 14:02:54.201,1.41753,1.41762,3.00,2.10
2011.04.05 14:02:54.539,1.41754,1.41763,1.50,2.25
2011.04.05 14:02:55.100,1.41753,1.41761,1.50,1.50
2011.04.05 14:02:55.548,1.41753,1.41761,2.25,1.50
2011.04.05 14:02:55.768,1.41751,1.4176,1.50,1.50
2011.04.05 14:02:55.880,1.4175,1.41759,3.00,1.50
2011.04.05 14:02:56.440,1.41751,1.41761,2.85,3.75
2011.04.05 14:02:56.999,1.41753,1.41761,1.50,1.50
2011.04.05 14:02:57.853,1.41753,1.41759,4.69,1.50
2011.04.05 14:02:57.979,1.41749,1.41754,2.10,1.50
2011.04.05 14:02:58.201,1.41751,1.41757,3.60,4.50
2011.04.05 14:02:58.322,1.41751,1.41758,5.48,1.50
2011.04.05 14:03:05.111,1.41751,1.4176,1.88,2.25
2011.04.05 14:03:05.363,1.41751,1.4176,1.13,3.00
2011.04.05 14:03:05.479,1.41752,1.4176,1.50,1.50
2011.04.05 14:03:05.811,1.41752,1.41762,1.50,2.25
2011.04.05 14:03:08.358,1.41757,1.41765,2.25,1.50
2011.04.05 14:03:09.128,1.41757,1.41764,2.25,1.50
2011.04.05 14:03:09.677,1.41757,1.41765,2.25,1.50
2011.04.05 14:03:10.716,1.41759,1.41767,1.35,1.50
2011.04.05 14:03:11.049,1.41758,1.41767,3.75,1.50
2011.04.05 14:03:11.159,1.41758,1.41767,3.75,1.50
2011.04.05 14:03:11.820,1.4176,1.41768,1.50,1.50
2011.04.05 14:03:12.377,1.4176,1.41769,2.25,1.50
2011.04.05 14:03:12.930,1.4176,1.41769,1.50,2.25
2011.04.05 14:03:13.487,1.4176,1.41769,1.50,2.25
2011.04.05 14:03:13.708,1.4176,1.41767,1.50,2.85
2011.04.05 14:03:13.929,1.41758,1.41767,4.35,1.50
2011.04.05 14:03:14.374,1.41757,1.41765,2.25,2.85
2011.04.05 14:03:14.489,1.41753,1.4176,1.50,1.50
2011.04.05 14:03:15.257,1.41751,1.4176,1.50,1.50
2011.04.05 14:03:15.369,1.41751,1.4176,1.50,1.50
2011.04.05 14:03:15.918,1.41751,1.4176,1.50,1.50
2011.04.05 14:03:22.378,1.41748,1.41754,5.33,2.25
2011.04.05 14:03:22.653,1.41747,1.41752,4.50,2.25
2011.04.05 14:03:23.428,1.41746,1.41751,4.35,1.50
2011.04.05 14:03:23.858,1.41746,1.41751,4.35,1.50
2011.04.05 14:03:24.412,1.41744,1.41751,3.41,6.75
2011.04.05 14:03:26.068,1.41741,1.41745,4.76,3.75
2011.04.05 14:03:26.182,1.41738,1.41744,2.25,1.50
2011.04.05 14:03:26.302,1.41738,1.41743,1.50,1.50
2011.04.05 14:03:26.424,1.41736,1.41742,1.13,1.50
2011.04.05 14:03:26.541,1.41733,1.41742,1.50,3.00
2011.04.05 14:03:27.097,1.41731,1.41741,4.13,2.25
2011.04.05 14:03:28.110,1.41731,1.4174,4.73,2.25
2011.04.05 14:03:28.438,1.41729,1.41738,3.00,2.63
2011.04.05 14:03:28.768,1.41727,1.41736,2.25,2.25
2011.04.05 14:03:28.988,1.41727,1.41735,1.50,1.50
2011.04.05 14:03:29.098,1.41726,1.41735,1.13,2.25
2011.04.05 14:03:29.542,1.41724,1.41732,2.10,1.50
2011.04.05 14:03:30.099,1.41724,1.41733,2.10,2.25
2011.04.05 14:03:31.200,1.41724,1.41733,4.35,1.50
2011.04.05 14:03:31.320,1.41725,1.41735,3.38,1.50
2011.04.05 14:03:31.871,1.41733,1.4174,1.50,1.50
2011.04.05 14:03:31.975,1.41731,1.4174,1.50,2.25
2011.04.05 14:03:32.860,1.41731,1.41737,1.50,1.35
2011.04.05 14:03:33.199,1.41726,1.41734,2.25,2.25
2011.04.05 14:03:33.431,1.41724,1.41732,2.25,1.50
2011.04.05 14:03:33.988,1.41724,1.41734,4.65,3.75
2011.04.05 14:03:34.321,1.41728,1.41737,2.25,4.50
2011.04.05 14:03:34.443,1.41728,1.41737,3.00,2.25
2011.04.05 14:03:34.780,1.41727,1.41734,1.50,1.50
2011.04.05 14:03:34.903,1.41723,1.41732,2.25,3.60
2011.04.05 14:03:35.155,1.41722,1.41731,5.85,1.50
2011.04.05 14:03:35.941,1.41728,1.41733,2.10,1.50
2011.04.05 14:03:36.061,1.41728,1.41735,2.85,3.00
2011.04.05 14:03:36.183,1.4173,1.41738,1.35,1.50
2011.04.05 14:03:36.301,1.41735,1.41739,2.85,2.25
2011.04.05 14:03:36.419,1.41735,1.41742,2.10,2.25
2011.04.05 14:03:36.972,1.41733,1.41742,3.60,2.25
2011.04.05 14:03:37.528,1.41733,1.41742,2.10,3.00
2011.04.05 14:03:39.728,1.41732,1.4174,1.50,2.10
2011.04.05 14:03:39.988,1.41731,1.4174,3.00,3.60
2011.04.05 14:03:40.330,1.41728,1.41736,3.60,3.00
2011.04.05 14:03:42.108,1.41728,1.41736,3.60,2.25
2011.04.05 14:03:42.658,1.41728,1.41735,1.50,1.50
2011.04.05 14:03:43.221,1.41728,1.41736,1.50,1.50
2011.04.05 14:03:47.058,1.41728,1.41738,3.00,5.10
2011.04.05 14:03:47.169,1.41729,1.41738,5.25,1.50
2011.04.05 14:03:47.828,1.4173,1.4174,7.50,3.75
2011.04.05 14:03:50.330,1.41733,1.4174,1.50,1.50
2011.04.05 14:03:50.572,1.41733,1.41742,2.25,2.63
2011.04.05 14:03:50.699,1.41734,1.41742,3.00,3.75
2011.04.05 14:03:50.812,1.41736,1.41743,2.10,3.75
2011.04.05 14:03:51.151,1.41736,1.41745,2.25,4.50
2011.04.05 14:03:51.709,1.41738,1.41746,1.50,1.50
2011.04.05 14:03:51.930,1.41738,1.41748,4.35,1.50
2011.04.05 14:03:52.582,1.4174,1.41749,3.00,2.25
2011.04.05 14:03:53.689,1.41741,1.4175,2.25,2.25
2011.04.05 14:03:56.477,1.41748,1.41757,2.25,2.25
2011.04.05 14:03:57.142,1.41748,1.41754,6.00,1.50
2011.04.05 14:03:57.647,1.41749,1.41758,2.85,1.50
2011.04.05 14:03:59.298,1.41749,1.41758,2.85,1.50
2011.04.05 14:04:02.752,1.4175,1.41759,2.10,1.50
2011.04.05 14:04:03.309,1.4175,1.41759,2.10,1.50
2011.04.05 14:04:03.859,1.4175,1.41759,2.10,1.50
2011.04.05 14:04:04.409,1.41752,1.41761,2.85,3.75
2011.04.05 14:04:04.640,1.41756,1.41761,2.10,2.25
2011.04.05 14:04:04.762,1.41755,1.41764,3.60,3.00
2011.04.05 14:04:04.881,1.41758,1.41765,2.10,1.50
2011.04.05 14:04:05.219,1.4176,1.41768,1.35,1.50
2011.04.05 14:04:05.548,1.41761,1.41769,1.50,2.85
2011.04.05 14:04:06.068,1.41761,1.41768,1.50,1.50
2011.04.05 14:04:07.059,1.4176,1.41768,1.50,1.50
2011.04.05 14:04:07.608,1.41761,1.41768,1.50,1.50
2011.04.05 14:04:08.819,1.41761,1.41768,1.50,1.50
2011.04.05 14:04:09.040,1.41761,1.41769,1.50,2.25
2011.04.05 14:04:09.479,1.41765,1.41772,5.25,6.75
2011.04.05 14:04:09.699,1.41761,1.4177,2.25,2.25
2011.04.05 14:04:10.248,1.41762,1.4177,2.25,2.25
2011.04.05 14:04:10.674,1.41763,1.41771,2.25,3.00
2011.04.05 14:04:11.229,1.41763,1.41771,2.25,1.50
2011.04.05 14:04:11.777,1.41763,1.41771,1.50,1.50
2011.04.05 14:04:12.330,1.41762,1.4177,1.50,2.85
2011.04.05 14:04:15.078,1.41761,1.41768,1.50,1.50
2011.04.05 14:04:15.300,1.41758,1.41765,1.50,2.25
2011.04.05 14:04:15.716,1.41757,1.41764,1.50,1.50
2011.04.05 14:04:16.382,1.4175,1.41759,6.75,2.25
2011.04.05 14:04:17.713,1.4175,1.41757,2.63,2.85
2011.04.05 14:04:19.731,1.41753,1.41762,5.10,1.50
2011.04.05 14:04:20.291,1.41754,1.41763,2.25,1.50
2011.04.05 14:04:20.847,1.41754,1.41763,1.50,3.00
2011.04.05 14:04:21.408,1.41754,1.41763,1.50,2.25
2011.04.05 14:04:22.291,1.41754,1.41761,1.50,1.50
2011.04.05 14:04:22.849,1.41753,1.41761,1.50,2.25
2011.04.05 14:04:23.397,1.41753,1.41761,1.50,2.25
2011.04.05 14:04:24.060,1.41753,1.41761,1.50,2.25
2011.04.05 14:04:24.621,1.41751,1.41759,1.88,1.50
2011.04.05 14:04:24.743,1.4175,1.41758,1.50,1.35
2011.04.05 14:04:25.091,1.41748,1.41754,2.85,1.50
2011.04.05 14:04:25.452,1.41748,1.41752,1.50,1.50
2011.04.05 14:04:25.572,1.41745,1.41753,5.25,2.10
2011.04.05 14:04:25.692,1.41745,1.41751,3.75,1.50
2011.04.05 14:04:26.140,1.41739,1.41747,1.50,2.10
2011.04.05 14:04:26.261,1.41745,1.4175,1.35,5.25
2011.04.05 14:04:26.490,1.41745,1.41753,1.50,3.00
2011.04.05 14:04:26.611,1.41745,1.41753,2.25,1.50
2011.04.05 14:04:27.539,1.41748,1.41757,1.50,3.00
2011.04.05 14:04:27.758,1.41748,1.41755,1.50,4.50
2011.04.05 14:04:28.094,1.41741,1.41749,2.03,1.50
2011.04.05 14:04:28.210,1.41741,1.41748,1.50,1.50
2011.04.05 14:04:28.321,1.41739,1.41748,3.75,1.50
2011.04.05 14:04:30.089,1.41739,1.41748,3.75,1.50
2011.04.05 14:04:30.198,1.41739,1.41748,2.25,2.25
2011.04.05 14:04:30.843,1.41738,1.41748,5.10,3.00
2011.04.05 14:04:31.400,1.41738,1.41746,1.50,2.25
2011.04.05 14:04:31.850,1.41737,1.41746,2.85,3.00
2011.04.05 14:04:32.083,1.41738,1.41746,1.50,1.50
2011.04.05 14:04:32.751,1.41738,1.41746,2.25,1.50
2011.04.05 14:04:32.873,1.41741,1.41747,1.50,1.50
2011.04.05 14:04:32.993,1.41745,1.4175,1.35,3.75
2011.04.05 14:04:33.116,1.41742,1.4175,1.50,2.25
2011.04.05 14:04:34.248,1.4174,1.41747,1.50,4.50
2011.04.05 14:04:34.372,1.41739,1.41746,2.10,1.50
2011.04.05 14:04:34.928,1.41739,1.41748,2.10,2.25
2011.04.05 14:04:36.498,1.41739,1.41749,2.85,1.88
2011.04.05 14:04:36.828,1.41739,1.41749,3.60,1.50
2011.04.05 14:04:37.707,1.41739,1.41749,3.60,2.25
2011.04.05 14:04:38.258,1.41739,1.41747,3.75,2.85
2011.04.05 14:04:40.579,1.41738,1.41747,2.25,1.50
2011.04.05 14:04:49.436,1.41739,1.41748,1.80,4.35
2011.04.05 14:04:49.562,1.41739,1.41748,2.85,1.50
2011.04.05 14:04:57.739,1.41739,1.41747,1.50,1.50
2011.04.05 14:04:59.979,1.4174,1.4175,2.85,6.38
2011.04.05 14:05:00.529,1.41739,1.41747,2.25,1.50
2011.04.05 14:05:00.640,1.41738,1.41747,1.50,1.50
2011.04.05 14:05:07.868,1.41733,1.41739,2.67,1.50
2011.04.05 14:05:08.081,1.41733,1.41739,1.50,1.50
2011.04.05 14:05:08.210,1.41733,1.41737,1.50,3.00
2011.04.05 14:05:08.520,1.4173,1.41737,1.50,3.38
2011.04.05 14:05:08.640,1.41724,1.41729,2.25,2.25
2011.04.05 14:05:09.307,1.41725,1.4173,1.50,3.00
2011.04.05 14:05:09.970,1.41723,1.4173,3.60,2.25
2011.04.05 14:05:10.081,1.41722,1.4173,2.25,6.60
2011.04.05 14:05:10.420,1.41718,1.41728,2.25,3.00
2011.04.05 14:05:10.976,1.4172,1.41728,1.50,3.00
2011.04.05 14:05:12.218,1.4172,1.41728,1.50,1.50
2011.04.05 14:05:12.440,1.41721,1.4173,1.50,4.50
2011.04.05 14:05:12.667,1.41721,1.4173,2.63,3.00
2011.04.05 14:05:15.098,1.41721,1.4173,2.63,2.25
2011.04.05 14:05:15.648,1.41721,1.4173,2.63,2.25
2011.04.05 14:05:18.518,1.41721,1.4173,2.63,2.25
2011.04.05 14:05:18.850,1.41721,1.4173,1.88,2.25
2011.04.05 14:05:20.140,1.4172,1.41729,3.00,2.25
2011.04.05 14:05:20.260,1.4172,1.41727,2.25,3.00
2011.04.05 14:05:20.604,1.41713,1.41721,2.25,1.50
2011.04.05 14:05:20.723,1.41713,1.41721,1.50,2.25
2011.04.05 14:05:21.280,1.41707,1.41719,3.75,1.50
2011.04.05 14:05:21.830,1.4171,1.41719,3.00,2.25
2011.04.05 14:05:23.148,1.41708,1.41719,7.35,2.25
2011.04.05 14:05:23.586,1.41708,1.41717,5.85,1.50
2011.04.05 14:05:23.929,1.41707,1.41716,1.50,2.25
2011.04.05 14:05:24.039,1.41706,1.41715,1.50,2.25
2011.04.05 14:05:24.928,1.417,1.41708,1.50,1.50
2011.04.05 14:05:25.478,1.417,1.41708,1.50,2.25
2011.04.05 14:05:25.701,1.417,1.41708,1.50,2.25
2011.04.05 14:05:26.260,1.417,1.41708,1.50,1.50
2011.04.05 14:05:26.817,1.417,1.41708,1.50,1.50
2011.04.05 14:05:27.149,1.41703,1.41708,1.50,5.25
2011.04.05 14:05:27.482,1.41702,1.4171,1.50,2.25
2011.04.05 14:05:29.081,1.41701,1.41705,1.13,4.50
2011.04.05 14:05:29.202,1.41699,1.41705,4.50,5.25
2011.04.05 14:05:29.429,1.41697,1.41704,6.75,1.13
2011.04.05 14:05:29.651,1.41699,1.41706,2.85,1.50
2011.04.05 14:05:29.772,1.41701,1.4171,1.50,5.10
2011.04.05 14:05:30.108,1.41701,1.4171,1.50,8.85
2011.04.05 14:05:31.319,1.41699,1.41707,2.25,1.50
2011.04.05 14:05:31.767,1.41696,1.41704,2.25,1.88
2011.04.05 14:05:32.099,1.41696,1.41704,1.50,1.88
2011.04.05 14:05:32.648,1.41695,1.41702,6.00,2.85
2011.04.05 14:05:33.520,1.41698,1.41703,1.50,1.35
2011.04.05 14:05:33.743,1.417,1.41708,1.50,2.25
2011.04.05 14:05:34.300,1.417,1.41709,1.50,1.35
2011.04.05 14:05:34.858,1.417,1.41711,2.25,6.75
2011.04.05 14:05:37.501,1.41703,1.41711,3.00,2.25
2011.04.05 14:05:37.957,1.4171,1.41716,1.50,2.25
2011.04.05 14:05:38.293,1.4171,1.41719,3.00,1.50
2011.04.05 14:05:38.630,1.41712,1.4172,3.60,1.50
2011.04.05 14:05:38.986,1.41715,1.4172,2.03,1.35
2011.04.05 14:05:39.320,1.41714,1.4172,1.50,2.10
2011.04.05 14:05:39.439,1.4171,1.4172,3.00,2.85
2011.04.05 14:05:39.988,1.41712,1.4172,1.50,2.85
2011.04.05 14:05:40.548,1.41711,1.4172,2.25,2.85
2011.04.05 14:05:41.286,1.41708,1.41712,2.25,2.10
2011.04.05 14:05:41.403,1.4171,1.41715,1.50,1.13
2011.04.05 14:05:41.523,1.4171,1.41718,1.50,2.25
2011.04.05 14:05:41.753,1.4171,1.41716,1.35,1.50
2011.04.05 14:05:42.093,1.41706,1.41712,1.50,2.10
2011.04.05 14:05:42.541,1.41703,1.41711,1.50,1.35
2011.04.05 14:05:43.101,1.41701,1.4171,4.13,1.35
2011.04.05 14:05:43.329,1.41701,1.4171,3.75,6.60
2011.04.05 14:05:43.550,1.41701,1.41709,2.25,1.88
2011.04.05 14:05:44.108,1.417,1.41708,2.25,1.50
2011.04.05 14:05:44.758,1.41699,1.41708,2.25,3.00
2011.04.05 14:05:45.308,1.417,1.41708,1.50,3.00
2011.04.05 14:05:45.967,1.417,1.41708,1.50,4.50
2011.04.05 14:05:46.190,1.417,1.41706,1.50,2.85
2011.04.05 14:05:46.528,1.41696,1.41702,6.00,1.50
2011.04.05 14:05:46.749,1.41697,1.41705,3.00,1.13
2011.04.05 14:05:46.859,1.41698,1.41707,3.00,1.35
2011.04.05 14:05:47.190,1.41698,1.41705,2.25,1.50
2011.04.05 14:05:47.518,1.41695,1.41703,5.25,3.00
2011.04.05 14:05:47.629,1.41695,1.41702,1.50,1.50
2011.04.05 14:05:48.068,1.41693,1.41702,3.60,2.25
2011.04.05 14:05:48.613,1.41693,1.41701,3.75,1.50
2011.04.05 14:05:48.735,1.41694,1.41703,2.40,2.25
2011.04.05 14:05:49.074,1.41697,1.41704,2.10,1.50
2011.04.05 14:05:49.630,1.41699,1.41706,2.10,1.50
2011.04.05 14:05:49.859,1.41699,1.41708,3.60,1.50
2011.04.05 14:05:50.628,1.417,1.41708,2.25,2.25
2011.04.05 14:05:51.178,1.41698,1.41706,3.00,1.50
2011.04.05 14:05:51.728,1.41698,1.41706,2.25,1.50
2011.04.05 14:05:52.322,1.41699,1.41707,1.50,2.25
2011.04.05 14:05:52.878,1.41699,1.41707,1.13,2.25
2011.04.05 14:05:53.430,1.41698,1.41708,5.85,1.50
2011.04.05 14:05:56.388,1.41698,1.41708,5.10,2.25
2011.04.05 14:05:56.943,1.41696,1.41705,3.75,3.00
2011.04.05 14:05:57.278,1.41694,1.41703,5.85,1.50
2011.04.05 14:05:57.724,1.41697,1.41702,1.50,1.84
2011.04.05 14:05:57.843,1.41698,1.41704,2.10,1.50
2011.04.05 14:05:57.959,1.41698,1.41705,2.10,2.25
2011.04.05 14:05:58.511,1.41704,1.4171,1.50,2.10
2011.04.05 14:05:58.851,1.417,1.41708,2.25,1.50
2011.04.05 14:05:59.410,1.41699,1.41707,2.25,3.00
2011.04.05 14:05:59.748,1.41701,1.41708,1.50,1.35
2011.04.05 14:06:00.140,1.41701,1.41708,1.50,1.35
2011.04.05 14:06:01.030,1.41701,1.41711,2.85,2.25
2011.04.05 14:06:03.458,1.41701,1.41709,1.50,1.35
2011.04.05 14:06:04.007,1.41701,1.4171,1.50,3.60
2011.04.05 14:06:07.119,1.41702,1.41711,1.50,2.25
2011.04.05 14:06:07.668,1.41701,1.41711,5.10,2.25
2011.04.05 14:06:08.770,1.41701,1.41709,2.25,1.50
2011.04.05 14:06:09.541,1.41699,1.41707,3.00,1.50
2011.04.05 14:06:09.659,1.41701,1.41709,1.50,1.50
2011.04.05 14:06:10.209,1.41701,1.41709,1.50,1.50
2011.04.05 14:06:13.177,1.41701,1.41709,1.50,1.50
2011.04.05 14:06:13.729,1.41701,1.41709,1.50,1.50
2011.04.05 14:06:14.278,1.41701,1.41708,1.50,1.50
2011.04.05 14:06:23.738,1.417,1.41708,2.25,1.50
2011.04.05 14:06:24.731,1.417,1.41707,1.50,1.50
2011.04.05 14:06:25.789,1.417,1.41708,1.50,1.50
2011.04.05 14:06:26.011,1.41698,1.41702,2.10,1.50
2011.04.05 14:06:26.133,1.41697,1.41703,4.50,1.50
2011.04.05 14:06:26.468,1.41695,1.41704,1.50,2.85
2011.04.05 14:06:27.150,1.41693,1.41698,3.60,1.50
2011.04.05 14:06:27.373,1.41691,1.41697,2.25,2.10
2011.04.05 14:06:27.614,1.41687,1.41695,1.50,7.35
2011.04.05 14:06:27.734,1.41686,1.41691,1.50,2.25
2011.04.05 14:06:27.963,1.41681,1.41689,3.00,1.50
2011.04.05 14:06:28.710,1.41684,1.41691,1.50,2.25
2011.04.05 14:06:29.412,1.41691,1.41698,1.50,4.35
2011.04.05 14:06:29.640,1.41693,1.417,1.50,3.00
2011.04.05 14:06:36.253,1.41693,1.417,1.50,3.60
2011.04.05 14:06:36.407,1.41693,1.417,1.50,3.75
2011.04.05 14:06:36.634,1.41687,1.41695,2.25,2.59
2011.04.05 14:06:36.753,1.41689,1.41696,1.50,1.50
2011.04.05 14:06:36.876,1.41692,1.41697,1.50,1.50
2011.04.05 14:06:36.997,1.41694,1.417,1.50,1.50
2011.04.05 14:06:37.538,1.41693,1.41699,1.50,1.50
2011.04.05 14:06:37.981,1.41692,1.417,1.50,2.25
2011.04.05 14:06:42.350,1.41694,1.41701,1.50,1.50
2011.04.05 14:06:42.571,1.41693,1.41702,3.00,1.50
2011.04.05 14:06:43.129,1.41693,1.41702,1.50,3.00
2011.04.05 14:06:44.032,1.41695,1.41702,1.65,2.25
2011.04.05 14:06:51.616,1.41699,1.41705,2.66,1.50
2011.04.05 14:06:51.960,1.41698,1.41709,5.25,2.25
2011.04.05 14:06:52.179,1.417,1.41708,1.50,1.50
2011.04.05 14:06:52.526,1.41701,1.4171,2.25,2.10
2011.04.05 14:06:53.631,1.41702,1.41711,2.25,1.50
2011.04.05 14:06:53.752,1.41704,1.41712,1.50,1.50
2011.04.05 14:06:54.310,1.41709,1.41717,4.91,1.50
2011.04.05 14:06:57.691,1.41709,1.41718,4.16,1.50
2011.04.05 14:06:57.811,1.41711,1.41719,1.50,1.50
2011.04.05 14:06:58.369,1.41711,1.41719,1.88,1.50
2011.04.05 14:07:04.608,1.41711,1.41719,1.13,1.50
2011.04.05 14:07:08.649,1.4171,1.41719,3.00,1.50
2011.04.05 14:07:09.639,1.4171,1.41719,4.35,1.50
2011.04.05 14:07:09.750,1.4171,1.41718,2.25,1.50
2011.04.05 14:07:10.298,1.41709,1.41717,3.41,2.25
2011.04.05 14:07:13.729,1.41709,1.41717,4.16,1.50
2011.04.05 14:07:14.612,1.41715,1.41723,5.25,3.00
2011.04.05 14:07:14.737,1.41715,1.41722,5.25,1.50
2011.04.05 14:07:14.854,1.41716,1.41724,1.88,3.75
2011.04.05 14:07:14.972,1.4172,1.41724,2.85,1.50
2011.04.05 14:07:15.310,1.41723,1.41732,2.85,2.25
2011.04.05 14:07:15.862,1.41721,1.41728,2.25,2.25
2011.04.05 14:07:16.419,1.41723,1.41729,1.50,1.50
2011.04.05 14:07:16.969,1.41723,1.4173,1.50,1.50
2011.04.05 14:07:17.518,1.41723,1.41731,1.50,3.00
2011.04.05 14:07:17.739,1.41723,1.41731,1.50,3.75
2011.04.05 14:07:19.191,1.41718,1.41726,1.50,1.50
2011.04.05 14:07:19.302,1.41719,1.41725,1.50,1.50
2011.04.05 14:07:19.423,1.4172,1.41726,1.50,1.35
2011.04.05 14:07:19.652,1.41719,1.41727,2.10,1.50
2011.04.05 14:07:19.992,1.41721,1.41729,1.50,4.50
2011.04.05 14:07:20.111,1.41721,1.41729,1.50,3.75
2011.04.05 14:07:20.672,1.41721,1.4173,2.48,1.50
2011.04.05 14:07:21.228,1.41721,1.4173,1.50,4.35
2011.04.05 14:07:23.090,1.4172,1.41729,2.10,1.50
2011.04.05 14:07:23.859,1.41719,1.41729,2.85,3.75
2011.04.05 14:07:24.958,1.4172,1.41729,1.50,3.00
2011.04.05 14:07:25.400,1.4172,1.41729,1.50,4.50
2011.04.05 14:07:25.733,1.41716,1.41723,1.50,1.35
2011.04.05 14:07:26.072,1.41713,1.41718,1.50,2.10
2011.04.05 14:07:26.192,1.41711,1.41718,3.75,4.35
2011.04.05 14:07:26.309,1.41707,1.41716,6.75,2.10
2011.04.05 14:07:26.423,1.41707,1.41713,3.75,1.50
2011.04.05 14:07:26.925,1.41703,1.41713,2.25,3.00
2011.04.05 14:07:27.483,1.41703,1.41713,3.00,2.25
2011.04.05 14:07:28.153,1.41705,1.41714,3.75,3.60
2011.04.05 14:07:28.490,1.41708,1.41717,2.85,1.50
2011.04.05 14:07:29.053,1.41708,1.41715,1.50,2.25
2011.04.05 14:07:29.282,1.41705,1.41713,1.50,2.25
2011.04.05 14:07:29.512,1.41703,1.41712,3.00,1.50
2011.04.05 14:07:31.050,1.41706,1.41712,1.50,1.50
2011.04.05 14:07:31.608,1.41707,1.41715,2.25,1.50
2011.04.05 14:07:31.720,1.41707,1.41715,2.25,1.50
2011.04.05 14:07:32.062,1.41704,1.41713,2.25,2.10
2011.04.05 14:07:32.403,1.41706,1.41713,2.85,1.50
2011.04.05 14:07:32.739,1.41707,1.41715,1.50,1.50
2011.04.05 14:07:39.958,1.41709,1.41715,2.66,1.50
2011.04.05 14:07:40.300,1.41711,1.41715,2.85,6.75
2011.04.05 14:07:40.642,1.41711,1.41717,1.50,1.50
2011.04.05 14:07:42.748,1.41711,1.41719,1.50,1.50
2011.04.05 14:07:43.188,1.41711,1.41721,1.50,3.00
2011.04.05 14:07:45.423,1.41719,1.41727,1.50,1.50
2011.04.05 14:07:47.729,1.41719,1.41727,1.50,1.50
2011.04.05 14:07:47.837,1.41719,1.41727,1.50,1.50
2011.04.05 14:07:57.923,1.41718,1.41727,5.85,1.50
2011.04.05 14:07:58.478,1.41718,1.41726,5.10,1.65
2011.04.05 14:07:59.514,1.41718,1.41725,4.35,1.80
2011.04.05 14:08:00.070,1.41718,1.41725,2.25,2.55
2011.04.05 14:08:02.159,1.41719,1.41725,1.35,2.55
2011.04.05 14:08:02.709,1.41719,1.41725,1.35,1.80
2011.04.05 14:08:03.257,1.41719,1.41728,1.35,1.50
2011.04.05 14:08:03.808,1.41719,1.41725,1.35,1.80
2011.04.05 14:08:09.876,1.4172,1.41728,1.50,1.50
2011.04.05 14:08:10.429,1.41719,1.41725,2.10,1.80
2011.04.05 14:08:10.760,1.4172,1.41728,2.25,1.69
2011.04.05 14:08:11.093,1.41725,1.41731,2.10,1.50
2011.04.05 14:08:11.320,1.41724,1.41732,6.00,1.50
2011.04.05 14:08:11.441,1.41724,1.41733,5.25,3.00
2011.04.05 14:08:11.998,1.41723,1.41732,1.50,2.25
2011.04.05 14:08:12.441,1.41722,1.41732,1.50,5.85
2011.04.05 14:08:18.979,1.41723,1.4173,1.50,1.50
2011.04.05 14:08:21.268,1.41723,1.41732,1.50,4.35
2011.04.05 14:08:23.691,1.41722,1.4173,1.50,3.00
2011.04.05 14:08:24.139,1.41723,1.4173,1.50,1.50
2011.04.05 14:08:27.309,1.41723,1.41731,2.25,1.50
2011.04.05 14:08:27.532,1.41723,1.41732,3.00,3.00
2011.04.05 14:08:28.089,1.41725,1.41734,1.50,5.25
2011.04.05 14:08:29.850,1.41725,1.41734,1.50,3.60
2011.04.05 14:08:29.961,1.41728,1.41735,1.50,1.50
2011.04.05 14:08:30.304,1.4173,1.41735,2.25,3.75
2011.04.05 14:08:30.422,1.41731,1.41736,1.50,1.84
2011.04.05 14:08:30.776,1.41731,1.41738,1.50,1.50
2011.04.05 14:08:30.901,1.41733,1.41739,1.50,3.75
2011.04.05 14:08:31.462,1.41733,1.41741,1.50,1.50
2011.04.05 14:08:32.020,1.41734,1.41742,1.50,1.50
2011.04.05 14:08:32.792,1.41737,1.41742,1.35,1.50
2011.04.05 14:08:32.910,1.41737,1.41745,1.13,1.50
2011.04.05 14:08:33.023,1.4174,1.41745,3.75,2.85
2011.04.05 14:08:33.578,1.4174,1.41748,2.25,1.50
2011.04.05 14:08:34.791,1.41741,1.41749,1.50,2.25
2011.04.05 14:08:35.235,1.41743,1.4175,1.73,1.50
2011.04.05 14:08:35.789,1.41744,1.41752,1.13,1.50
2011.04.05 14:08:35.899,1.4175,1.41759,6.60,2.25
2011.04.05 14:08:36.448,1.4175,1.41759,2.25,2.25
2011.04.05 14:08:38.799,1.4175,1.41759,2.85,2.25
2011.04.05 14:08:40.781,1.4175,1.41758,4.35,1.50
2011.04.05 14:08:41.284,1.4175,1.41757,1.50,1.50
2011.04.05 14:08:41.415,1.41744,1.41753,1.50,2.10
2011.04.05 14:08:41.969,1.41741,1.41748,2.85,1.50
2011.04.05 14:08:44.269,1.41743,1.41749,1.50,1.50
2011.04.05 14:08:44.819,1.41743,1.4175,1.50,1.50
2011.04.05 14:08:47.262,1.41743,1.41751,2.25,2.10
2011.04.05 14:08:47.821,1.41742,1.4175,1.50,2.10
2011.04.05 14:08:48.379,1.41742,1.4175,1.50,2.25
2011.04.05 14:08:49.380,1.41743,1.41751,1.50,1.50
2011.04.05 14:08:49.600,1.41743,1.41751,1.50,2.85
2011.04.05 14:08:50.149,1.41743,1.41751,2.25,2.10
2011.04.05 14:08:50.703,1.41744,1.41751,2.25,1.50
2011.04.05 14:08:51.371,1.41746,1.41753,1.50,1.35
2011.04.05 14:08:51.707,1.41752,1.4176,2.22,2.25
2011.04.05 14:08:51.822,1.41756,1.41763,1.50,3.00
2011.04.05 14:08:52.281,1.41756,1.41764,1.50,1.50
2011.04.05 14:08:52.620,1.41756,1.41763,1.50,3.00
2011.04.05 14:08:53.168,1.41756,1.41763,1.50,3.00
2011.04.05 14:08:53.719,1.41754,1.41761,1.50,1.50
2011.04.05 14:08:54.849,1.41754,1.41761,1.50,1.50
2011.04.05 14:08:55.510,1.41756,1.41763,1.50,2.25
2011.04.05 14:08:55.622,1.41754,1.41762,1.50,1.50
2011.04.05 14:08:55.743,1.41759,1.41764,2.66,5.25
2011.04.05 14:08:56.083,1.41761,1.41765,1.50,2.25
2011.04.05 14:08:56.418,1.41761,1.41767,2.25,3.75
2011.04.05 14:08:56.532,1.41761,1.41769,5.25,4.50
2011.04.05 14:08:56.762,1.41767,1.41773,1.50,6.60
2011.04.05 14:08:56.881,1.41764,1.41772,1.50,1.50
2011.04.05 14:08:57.439,1.41764,1.41772,1.50,1.50
2011.04.05 14:08:57.879,1.41766,1.41773,1.35,3.75
2011.04.05 14:08:58.210,1.4177,1.41778,1.50,1.50
2011.04.05 14:08:58.321,1.41773,1.41778,1.50,1.50
2011.04.05 14:08:59.200,1.41773,1.41781,1.50,3.00
2011.04.05 14:08:59.639,1.41772,1.41779,1.50,1.50
2011.04.05 14:08:59.751,1.41772,1.41777,1.50,2.10
2011.04.05 14:09:00.151,1.41774,1.4178,1.50,3.00
2011.04.05 14:09:00.276,1.41774,1.41782,2.25,3.00
2011.04.05 14:09:00.393,1.41778,1.41782,3.60,2.25
2011.04.05 14:09:00.732,1.41781,1.4179,1.50,2.25
2011.04.05 14:09:01.290,1.41781,1.41787,1.35,2.25
2011.04.05 14:09:01.622,1.41781,1.41792,2.70,1.13
2011.04.05 14:09:01.739,1.41781,1.41789,2.10,1.88
2011.04.05 14:09:01.960,1.41781,1.41789,2.10,1.13
2011.04.05 14:09:02.730,1.41782,1.41789,1.95,1.13
2011.04.05 14:09:02.950,1.41784,1.41792,1.35,3.60
2011.04.05 14:09:03.060,1.41784,1.41789,1.35,1.07
2011.04.05 14:09:03.491,1.41788,1.41793,2.10,1.50
2011.04.05 14:09:03.612,1.41788,1.41795,2.70,1.50
2011.04.05 14:09:03.734,1.4179,1.41799,1.35,2.25
2011.04.05 14:09:04.074,1.41791,1.418,4.05,3.75
2011.04.05 14:09:04.632,1.41793,1.418,1.35,2.25
2011.04.05 14:09:04.862,1.41798,1.41804,2.10,1.13
2011.04.05 14:09:05.095,1.41804,1.41809,2.10,3.75
2011.04.05 14:09:05.212,1.41807,1.41814,1.50,1.50
2011.04.05 14:09:05.335,1.41808,1.41813,2.70,1.50
2011.04.05 14:09:05.572,1.41809,1.41816,1.35,1.35
2011.04.05 14:09:05.694,1.41808,1.41815,2.55,1.50
2011.04.05 14:09:06.120,1.4181,1.41816,1.35,2.25
2011.04.05 14:09:06.673,1.4181,1.4182,1.35,1.50
2011.04.05 14:09:07.268,1.41809,1.41821,2.85,3.75
2011.04.05 14:09:07.693,1.4181,1.41819,1.50,2.25
2011.04.05 14:09:09.162,1.41809,1.41816,3.00,1.50
2011.04.05 14:09:09.675,1.41804,1.41812,4.16,2.25
2011.04.05 14:09:09.798,1.41804,1.41812,3.41,3.75
2011.04.05 14:09:10.241,1.41805,1.41812,5.25,6.75
2011.04.05 14:09:10.594,1.4181,1.41816,2.85,1.50
2011.04.05 14:09:10.933,1.41809,1.41819,4.35,3.38
2011.04.05 14:09:11.051,1.4181,1.41819,3.75,3.38
2011.04.05 14:09:11.396,1.41813,1.41819,1.35,2.25
2011.04.05 14:09:11.812,1.41817,1.41822,1.50,1.50
2011.04.05 14:09:11.936,1.41815,1.41821,1.50,1.35
2011.04.05 14:09:12.057,1.41813,1.4182,1.50,4.50
2011.04.05 14:09:12.280,1.41812,1.4182,1.50,3.00
2011.04.05 14:09:12.391,1.41811,1.41818,1.35,1.50
2011.04.05 14:09:12.811,1.41807,1.41813,1.50,1.50
2011.04.05 14:09:12.929,1.41809,1.41814,1.50,1.50
2011.04.05 14:09:13.265,1.41816,1.41821,1.50,1.09
2011.04.05 14:09:13.505,1.41809,1.41814,1.50,1.13
2011.04.05 14:09:13.622,1.41809,1.41814,1.50,1.13
2011.04.05 14:09:13.742,1.41809,1.41817,1.50,2.25
2011.04.05 14:09:14.300,1.41811,1.41819,1.50,1.13
2011.04.05 14:09:14.409,1.41811,1.4182,1.50,2.10
2011.04.05 14:09:14.960,1.41811,1.41821,1.50,3.00
2011.04.05 14:09:15.511,1.41818,1.41822,1.50,1.50
2011.04.05 14:09:15.745,1.41818,1.41825,1.50,1.50
2011.04.05 14:09:16.130,1.41816,1.41826,2.25,1.50
2011.04.05 14:09:16.245,1.41816,1.41825,1.50,7.13
2011.04.05 14:09:16.701,1.41812,1.41821,2.25,3.60
2011.04.05 14:09:17.041,1.41811,1.41819,1.50,2.63
2011.04.05 14:09:17.601,1.41811,1.41819,3.60,1.50
2011.04.05 14:09:17.833,1.41811,1.4182,3.60,1.50
2011.04.05 14:09:18.062,1.41811,1.4182,1.65,4.35
2011.04.05 14:09:18.618,1.41811,1.41819,1.50,2.25
2011.04.05 14:09:20.663,1.4181,1.41819,2.40,1.50
2011.04.05 14:09:21.006,1.41816,1.41822,2.03,1.50
2011.04.05 14:09:21.353,1.41817,1.41825,1.65,1.50
2011.04.05 14:09:21.470,1.41818,1.41826,1.65,1.50
2011.04.05 14:09:23.016,1.41817,1.41823,1.65,1.50
2011.04.05 14:09:23.354,1.41809,1.41817,5.25,2.25
2011.04.05 14:09:23.473,1.41809,1.41817,2.40,1.50
2011.04.05 14:09:23.699,1.41809,1.41819,3.15,1.50
2011.04.05 14:09:23.810,1.41809,1.41815,3.15,3.75
2011.04.05 14:09:24.237,1.41804,1.41811,1.50,1.50
2011.04.05 14:09:24.899,1.41803,1.41811,1.50,1.50
2011.04.05 14:09:26.120,1.41803,1.41812,1.65,2.25
2011.04.05 14:09:28.209,1.41803,1.41812,1.13,4.50
2011.04.05 14:09:28.760,1.41803,1.4181,1.13,1.35
2011.04.05 14:09:31.793,1.41801,1.41809,2.63,2.85
2011.04.05 14:09:31.916,1.41802,1.41806,1.88,2.85
2011.04.05 14:09:32.033,1.418,1.41805,1.88,1.50
2011.04.05 14:09:32.261,1.41798,1.41804,2.25,1.50
2011.04.05 14:09:32.641,1.41796,1.41803,1.13,1.50
2011.04.05 14:09:33.208,1.41795,1.41802,1.13,1.50
2011.04.05 14:09:33.979,1.41793,1.41801,1.13,1.50
2011.04.05 14:09:35.256,1.41793,1.41799,2.10,1.13
2011.04.05 14:09:35.372,1.41791,1.41798,5.25,1.50
2011.04.05 14:09:35.493,1.41791,1.41796,1.13,1.84
2011.04.05 14:09:36.051,1.41783,1.4179,1.13,1.50
2011.04.05 14:09:36.389,1.41783,1.41791,1.13,1.50
2011.04.05 14:09:37.490,1.41784,1.41791,1.13,1.50
2011.04.05 14:09:38.044,1.41784,1.41793,2.03,5.25
2011.04.05 14:09:38.490,1.41783,1.41791,1.28,1.35
2011.04.05 14:09:39.481,1.41783,1.4179,1.28,1.50
2011.04.05 14:09:42.520,1.41783,1.41791,1.28,1.50
2011.04.05 14:09:43.068,1.41783,1.41791,1.28,2.10
2011.04.05 14:09:43.290,1.41787,1.41793,3.60,3.00
2011.04.05 14:09:43.511,1.4179,1.41796,1.50,1.50
2011.04.05 14:09:43.634,1.41792,1.41799,2.55,1.50
2011.04.05 14:09:50.986,1.41795,1.41801,3.53,1.50
2011.04.05 14:09:51.120,1.41795,1.41803,1.28,2.25
2011.04.05 14:09:51.669,1.41797,1.41803,1.50,1.50
2011.04.05 14:09:52.220,1.41803,1.41811,2.25,2.25
2011.04.05 14:09:52.598,1.41803,1.41809,1.50,1.50
2011.04.05 14:09:56.789,1.41801,1.41809,1.50,1.50
2011.04.05 14:09:57.339,1.41801,1.4181,2.25,2.85
2011.04.05 14:09:57.891,1.41801,1.4181,2.25,2.10
2011.04.05 14:09:58.439,1.41801,1.4181,2.25,2.10
2011.04.05 14:09:58.878,1.41801,1.4181,1.50,2.85
2011.04.05 14:09:59.222,1.41801,1.4181,2.25,2.10
2011.04.05 14:10:00.001,1.41798,1.41802,3.00,1.50
2011.04.05 14:10:01.769,1.41801,1.4181,1.50,3.75
2011.04.05 14:10:02.982,1.41799,1.41808,4.50,2.25
2011.04.05 14:10:03.761,1.41799,1.41807,3.75,2.25
2011.04.05 14:10:04.386,1.41797,1.41806,3.75,1.50
2011.04.05 14:10:04.724,1.41794,1.41804,1.50,2.25
2011.04.05 14:10:04.843,1.41793,1.41802,3.75,3.00
2011.04.05 14:10:05.181,1.41793,1.41802,5.10,1.50
2011.04.05 14:10:05.739,1.41793,1.41802,4.50,1.50
2011.04.05 14:10:06.288,1.41793,1.41802,4.50,1.50
2011.04.05 14:10:06.401,1.41797,1.41804,1.50,3.00
2011.04.05 14:10:06.630,1.41798,1.41806,1.50,1.50
2011.04.05 14:10:07.180,1.41796,1.41804,1.50,1.50
2011.04.05 14:10:07.400,1.41794,1.41803,2.25,2.25
2011.04.05 14:10:07.844,1.41794,1.41801,1.50,1.35
2011.04.05 14:10:08.412,1.41792,1.41801,1.50,2.10
2011.04.05 14:10:08.974,1.41792,1.418,1.50,2.25
2011.04.05 14:10:09.533,1.41791,1.41799,2.85,1.50
2011.04.05 14:10:12.238,1.4179,1.41799,2.25,2.25
2011.04.05 14:10:14.539,1.4179,1.41799,1.50,4.35
2011.04.05 14:10:15.089,1.41791,1.41799,2.10,2.25
2011.04.05 14:10:16.440,1.4179,1.41799,2.25,2.25
2011.04.05 14:10:16.878,1.4179,1.41798,2.25,1.50
2011.04.05 14:10:20.463,1.41789,1.41798,3.00,3.75
2011.04.05 14:10:21.007,1.41789,1.41797,3.00,1.50
2011.04.05 14:10:23.111,1.41792,1.41797,2.85,2.25
2011.04.05 14:10:23.341,1.4179,1.41798,1.50,2.25
2011.04.05 14:10:23.898,1.4179,1.41799,1.50,1.50
2011.04.05 14:10:24.449,1.4179,1.418,2.25,4.50
2011.04.05 14:10:25.000,1.4179,1.41799,2.25,1.50
2011.04.05 14:10:25.220,1.41789,1.41798,2.25,2.85
2011.04.05 14:10:25.769,1.41789,1.41797,1.50,2.25
2011.04.05 14:10:29.090,1.41787,1.41795,1.50,5.10
2011.04.05 14:10:29.202,1.41788,1.41796,1.50,6.38
2011.04.05 14:10:29.431,1.41788,1.41797,3.00,2.25
2011.04.05 14:10:29.989,1.41788,1.41796,1.50,1.50
2011.04.05 14:10:31.809,1.41788,1.41797,1.50,3.00
2011.04.05 14:10:32.358,1.41788,1.41797,1.50,3.00
2011.04.05 14:10:32.910,1.41788,1.41797,1.50,3.00
2011.04.05 14:10:33.518,1.41788,1.41797,1.50,3.00
2011.04.05 14:10:34.209,1.41788,1.41797,1.50,3.00
2011.04.05 14:10:34.758,1.41788,1.41797,1.50,3.00
2011.04.05 14:10:35.093,1.41788,1.41797,5.10,2.25
2011.04.05 14:10:35.649,1.41788,1.41797,5.10,2.25
2011.04.05 14:10:36.311,1.41788,1.41797,5.10,2.25
2011.04.05 14:10:37.328,1.41788,1.41797,5.10,2.25
2011.04.05 14:10:38.459,1.41791,1.41797,2.25,1.50
2011.04.05 14:10:38.576,1.41796,1.41802,1.50,2.85
2011.04.05 14:10:38.693,1.41797,1.41803,1.50,2.25
2011.04.05 14:10:39.031,1.41798,1.41806,2.10,1.50
2011.04.05 14:10:39.260,1.418,1.41808,1.50,3.00
2011.04.05 14:10:40.592,1.41799,1.41806,1.50,1.50
2011.04.05 14:10:40.825,1.41792,1.41802,5.10,3.75
2011.04.05 14:10:41.050,1.41796,1.41802,1.50,3.60
2011.04.05 14:10:41.277,1.41804,1.41808,2.25,1.50
2011.04.05 14:10:41.392,1.41804,1.4181,1.50,7.79
2011.04.05 14:10:41.511,1.41808,1.41812,1.35,1.50
2011.04.05 14:10:41.637,1.41808,1.41815,1.35,8.20
2011.04.05 14:10:41.752,1.41808,1.41816,1.50,6.00
2011.04.05 14:10:41.980,1.41808,1.41817,1.50,3.00
2011.04.05 14:10:42.532,1.41809,1.41817,1.50,3.75
2011.04.05 14:10:43.200,1.41808,1.41815,2.85,5.25
2011.04.05 14:10:43.641,1.41808,1.41816,1.50,2.25
2011.04.05 14:10:43.932,1.41808,1.41817,1.50,3.75
2011.04.05 14:10:45.040,1.41808,1.41817,2.25,3.75
2011.04.05 14:10:46.928,1.41809,1.41817,1.50,2.25
2011.04.05 14:10:47.150,1.41809,1.41817,1.50,2.25
2011.04.05 14:10:49.241,1.41807,1.41815,3.00,6.75
2011.04.05 14:10:49.354,1.41806,1.41813,1.50,1.50
2011.04.05 14:10:50.113,1.41807,1.41814,2.10,1.50
2011.04.05 14:10:50.222,1.41808,1.41817,1.50,3.00
2011.04.05 14:10:50.779,1.41808,1.41817,1.50,2.25
2011.04.05 14:10:51.330,1.41807,1.41817,3.00,2.25
2011.04.05 14:10:51.549,1.41808,1.41817,2.25,2.25
2011.04.05 14:10:52.630,1.41809,1.41818,1.50,4.35
2011.04.05 14:11:01.962,1.41812,1.41819,2.63,2.25
2011.04.05 14:11:02.081,1.41815,1.41822,1.50,3.00
2011.04.05 14:11:02.204,1.41818,1.41824,2.10,1.50
2011.04.05 14:11:02.428,1.41818,1.41827,2.85,2.25
2011.04.05 14:11:03.456,1.41818,1.41825,1.50,1.88
2011.04.05 14:11:03.573,1.41818,1.41827,2.25,2.10
2011.04.05 14:11:04.131,1.41821,1.41828,2.10,1.50
2011.04.05 14:11:04.690,1.41819,1.41829,2.10,3.00
2011.04.05 14:11:05.238,1.41818,1.41826,3.00,1.50
2011.04.05 14:11:05.789,1.41819,1.41827,1.35,3.00
2011.04.05 14:11:06.230,1.41818,1.41823,3.75,1.50
2011.04.05 14:11:06.451,1.41817,1.41826,5.10,2.25
2011.04.05 14:11:06.669,1.41817,1.41826,4.35,3.00
2011.04.05 14:11:07.450,1.41818,1.41827,2.25,3.75
2011.04.05 14:11:08.516,1.41817,1.41826,4.35,1.88
2011.04.05 14:11:08.850,1.41817,1.41822,1.50,1.50
2011.04.05 14:11:09.183,1.41818,1.41823,1.50,1.35
2011.04.05 14:11:09.413,1.41819,1.41827,1.50,1.50
2011.04.05 14:11:09.639,1.41819,1.41828,2.25,1.50
2011.04.05 14:11:10.300,1.41819,1.41828,3.75,1.50
2011.04.05 14:11:10.849,1.41819,1.41827,1.50,1.50
2011.04.05 14:11:11.399,1.41818,1.41827,1.50,2.25
2011.04.05 14:11:12.223,1.41818,1.41824,1.50,1.50
2011.04.05 14:11:12.782,1.4182,1.41825,2.10,6.53
2011.04.05 14:11:13.014,1.41819,1.41826,3.60,2.63
2011.04.05 14:11:13.132,1.41819,1.41828,7.50,2.25
2011.04.05 14:11:13.710,1.4182,1.41828,2.10,3.75
2011.04.05 14:11:14.260,1.41819,1.41828,2.85,2.25
2011.04.05 14:11:14.589,1.41819,1.41828,4.35,2.25
2011.04.05 14:11:16.269,1.41821,1.4183,2.85,6.00
2011.04.05 14:11:18.060,1.41821,1.4183,4.35,2.25
2011.04.05 14:11:19.051,1.4182,1.4183,2.85,6.00
2011.04.05 14:11:19.939,1.41819,1.41829,5.85,1.50
2011.04.05 14:11:20.051,1.41819,1.41829,4.35,2.25
2011.04.05 14:11:20.282,1.41821,1.41829,1.50,2.25
2011.04.05 14:11:20.691,1.41826,1.41832,1.50,1.50
2011.04.05 14:11:20.805,1.41827,1.41833,1.50,1.50
2011.04.05 14:11:20.921,1.41828,1.41835,2.25,1.50
2011.04.05 14:11:21.260,1.41829,1.4184,2.78,3.00
2011.04.05 14:11:21.809,1.41829,1.41838,2.78,3.00
2011.04.05 14:11:23.900,1.41829,1.41837,2.03,3.00
2011.04.05 14:11:25.329,1.41829,1.41834,1.28,1.50
2011.04.05 14:11:25.552,1.41825,1.41832,3.83,2.25
2011.04.05 14:11:25.670,1.41824,1.4183,1.43,2.63
2011.04.05 14:11:25.888,1.41821,1.4183,1.43,3.38
2011.04.05 14:11:26.511,1.41821,1.4183,1.43,7.88
2011.04.05 14:11:28.111,1.41821,1.4183,2.93,6.38
2011.04.05 14:11:28.662,1.41823,1.4183,2.25,5.25
2011.04.05 14:11:29.113,1.4182,1.41829,6.53,3.00
2011.04.05 14:11:29.453,1.41821,1.41827,1.43,1.50
2011.04.05 14:11:30.010,1.41821,1.41829,1.43,1.50
2011.04.05 14:11:30.669,1.41821,1.4183,2.18,4.58
2011.04.05 14:11:31.000,1.41822,1.4183,1.50,3.83
2011.04.05 14:11:31.570,1.41821,1.41829,3.00,1.50
2011.04.05 14:11:32.229,1.41822,1.41827,1.50,1.50
2011.04.05 14:11:33.000,1.41821,1.41829,2.25,1.50
2011.04.05 14:11:34.239,1.41822,1.41827,1.50,1.50
2011.04.05 14:11:34.460,1.41821,1.4183,2.25,4.58
2011.04.05 14:11:35.009,1.41823,1.4183,1.50,3.83
2011.04.05 14:11:35.340,1.41822,1.41829,1.50,1.50
2011.04.05 14:11:35.891,1.41822,1.4183,1.50,3.83
2011.04.05 14:11:36.229,1.41821,1.41828,2.28,1.50
2011.04.05 14:11:36.670,1.41821,1.4183,2.28,3.83
2011.04.05 14:11:37.360,1.4182,1.4183,2.28,6.08
2011.04.05 14:11:37.910,1.4182,1.41829,2.28,2.25
2011.04.05 14:11:38.463,1.41821,1.41828,1.53,2.25
2011.04.05 14:11:39.790,1.41821,1.4183,2.28,2.33
2011.04.05 14:11:43.297,1.41821,1.41829,1.50,1.50
2011.04.05 14:11:44.179,1.4182,1.41829,1.50,3.00
2011.04.05 14:11:44.509,1.41822,1.41829,4.50,3.00
2011.04.05 14:11:44.842,1.41827,1.41835,1.50,2.25
2011.04.05 14:11:45.180,1.41826,1.41834,2.40,1.50
2011.04.05 14:11:45.731,1.41825,1.41834,1.88,4.35
2011.04.05 14:11:45.850,1.41826,1.41834,1.50,2.85
2011.04.05 14:11:46.399,1.41826,1.41835,2.25,2.25
2011.04.05 14:11:48.058,1.41828,1.41836,1.50,3.00
2011.04.05 14:11:49.650,1.41828,1.41837,1.50,3.00
2011.04.05 14:11:50.200,1.41831,1.41837,1.50,2.25
2011.04.05 14:11:50.423,1.41829,1.41837,6.00,1.50
2011.04.05 14:11:52.521,1.41832,1.41843,4.50,2.59
2011.04.05 14:11:52.634,1.41835,1.41841,2.85,6.75
2011.04.05 14:11:52.752,1.41831,1.41839,1.50,2.10
2011.04.05 14:11:52.871,1.4183,1.41839,2.25,2.85
2011.04.05 14:11:53.419,1.4183,1.41839,1.50,2.85
2011.04.05 14:11:53.966,1.41829,1.41836,1.50,2.10
2011.04.05 14:11:54.084,1.4183,1.41838,2.10,2.25
2011.04.05 14:11:54.651,1.4183,1.4184,2.10,5.25
2011.04.05 14:11:55.088,1.4183,1.41837,1.50,1.50
2011.04.05 14:11:55.311,1.41829,1.41837,2.25,1.50
2011.04.05 14:11:57.401,1.41828,1.41836,1.50,1.50
2011.04.05 14:11:57.632,1.41827,1.41836,1.50,2.25
2011.04.05 14:11:57.859,1.41827,1.41836,3.00,1.50
2011.04.05 14:11:58.190,1.41831,1.41838,2.85,1.50
2011.04.05 14:11:58.302,1.41832,1.41839,1.50,2.25
2011.04.05 14:11:58.530,1.41831,1.41838,1.88,3.00
2011.04.05 14:11:58.845,1.41831,1.41838,1.88,3.00
2011.04.05 14:11:58.965,1.41831,1.41838,1.50,2.25
2011.04.05 14:12:01.060,1.41831,1.41838,1.50,2.25
2011.04.05 14:12:02.052,1.41831,1.41839,1.13,1.50
2011.04.05 14:12:02.609,1.4183,1.41838,5.10,2.25
2011.04.05 14:12:02.831,1.41829,1.41837,1.50,1.50
2011.04.05 14:12:02.952,1.41829,1.41837,1.50,3.00
2011.04.05 14:12:04.061,1.41827,1.41835,1.50,1.50
2011.04.05 14:12:04.947,1.41826,1.41835,3.60,1.50
2011.04.05 14:12:05.066,1.4183,1.41837,1.50,3.00
2011.04.05 14:12:05.841,1.41829,1.41837,3.00,1.50
2011.04.05 14:12:06.721,1.41826,1.41836,4.35,1.50
2011.04.05 14:12:07.060,1.41824,1.41831,1.50,1.50
2011.04.05 14:12:07.284,1.41824,1.41832,1.50,2.25
2011.04.05 14:12:07.839,1.41823,1.41832,2.25,2.25
2011.04.05 14:12:08.390,1.41823,1.41832,3.75,1.50
2011.04.05 14:12:08.719,1.41823,1.41832,3.00,1.50
2011.04.05 14:12:11.921,1.41823,1.41831,2.25,3.00
2011.04.05 14:12:12.142,1.41821,1.41831,3.00,3.00
2011.04.05 14:12:12.701,1.41821,1.4183,2.25,2.25
2011.04.05 14:12:12.821,1.41817,1.41824,3.00,1.50
2011.04.05 14:12:12.943,1.41818,1.41826,2.25,3.00
2011.04.05 14:12:13.064,1.4182,1.41826,2.10,6.00
2011.04.05 14:12:13.292,1.41821,1.4183,3.00,3.75
2011.04.05 14:12:14.719,1.41821,1.4183,2.25,3.00
2011.04.05 14:12:14.951,1.41819,1.41827,1.50,1.50
2011.04.05 14:12:15.719,1.41818,1.41825,1.50,4.50
2011.04.05 14:12:16.061,1.41813,1.41822,3.75,2.25
2011.04.05 14:12:19.455,1.41808,1.41817,3.00,2.10
2011.04.05 14:12:19.577,1.4181,1.41818,2.25,1.50
2011.04.05 14:12:19.694,1.41809,1.41817,1.50,1.50
2011.04.05 14:12:19.814,1.41807,1.41817,4.35,2.25
2011.04.05 14:12:19.933,1.41807,1.41816,3.60,2.25
2011.04.05 14:12:20.601,1.41807,1.41816,2.85,3.00
2011.04.05 14:12:20.830,1.41806,1.41815,1.50,1.50
2011.04.05 14:12:21.161,1.41807,1.41816,3.60,1.50
2011.04.05 14:12:21.500,1.41808,1.41816,2.25,2.25
2011.04.05 14:12:21.724,1.41809,1.41817,2.25,1.50
2011.04.05 14:12:22.279,1.41809,1.41817,1.50,1.50
2011.04.05 14:12:23.525,1.41808,1.41814,1.50,3.00
2011.04.05 14:12:23.751,1.41806,1.41814,3.23,1.50
2011.04.05 14:12:24.202,1.41805,1.41811,1.50,1.50
2011.04.05 14:12:25.374,1.41802,1.41811,2.85,3.00
2011.04.05 14:12:25.602,1.41801,1.41811,2.25,8.10
2011.04.05 14:12:25.940,1.418,1.41808,3.00,1.50
2011.04.05 14:12:26.273,1.41799,1.41807,2.25,2.25
2011.04.05 14:12:26.392,1.41798,1.41805,2.25,6.00
2011.04.05 14:12:26.510,1.41798,1.41805,2.85,1.13
2011.04.05 14:12:26.950,1.41798,1.41805,2.10,5.25
2011.04.05 14:12:27.273,1.41799,1.41806,2.10,1.50
2011.04.05 14:12:27.499,1.41799,1.41808,2.10,3.00
2011.04.05 14:12:28.049,1.41798,1.41805,3.00,4.50
2011.04.05 14:12:28.159,1.41799,1.41806,1.50,7.35
2011.04.05 14:12:28.271,1.418,1.41805,1.50,1.50
2011.04.05 14:12:28.499,1.418,1.41809,3.00,1.50
2011.04.05 14:12:29.488,1.418,1.4181,3.00,3.75
2011.04.05 14:12:30.940,1.41801,1.4181,2.25,2.25
2011.04.05 14:12:33.319,1.41801,1.41808,2.25,1.50
2011.04.05 14:12:36.630,1.41801,1.4181,1.50,3.00
2011.04.05 14:12:39.808,1.41802,1.4181,1.50,3.00
2011.04.05 14:12:40.732,1.41806,1.41812,1.50,1.50
2011.04.05 14:12:41.071,1.4181,1.41817,1.50,1.50
2011.04.05 14:12:41.303,1.41809,1.41816,2.29,1.50
2011.04.05 14:12:41.532,1.41806,1.41813,1.50,2.25
2011.04.05 14:12:41.841,1.41805,1.41813,1.50,3.00
2011.04.05 14:12:42.081,1.41803,1.41812,2.25,1.50
2011.04.05 14:12:42.740,1.41803,1.41811,1.50,3.60
2011.04.05 14:12:44.158,1.41802,1.41811,3.75,3.60
2011.04.05 14:12:45.829,1.41802,1.41811,2.25,1.50
2011.04.05 14:12:46.270,1.41801,1.41806,1.50,3.75
2011.04.05 14:12:46.493,1.41801,1.4181,1.50,1.84
2011.04.05 14:12:46.830,1.41802,1.4181,1.50,5.25
2011.04.05 14:12:47.379,1.41802,1.41809,1.50,1.50
2011.04.05 14:12:48.258,1.41802,1.4181,1.50,2.10
2011.04.05 14:12:48.482,1.41803,1.41811,1.35,1.50
2011.04.05 14:12:49.038,1.41803,1.41811,1.50,3.60
2011.04.05 14:12:49.918,1.41804,1.41811,1.50,5.10
2011.04.05 14:12:50.469,1.41804,1.41811,1.50,4.35
2011.04.05 14:12:51.042,1.41804,1.41811,1.50,4.35
2011.04.05 14:12:52.699,1.41803,1.41811,1.50,4.35
2011.04.05 14:12:53.249,1.41803,1.41811,1.50,4.35
2011.04.05 14:12:54.929,1.41802,1.41811,1.50,5.10
2011.04.05 14:12:55.262,1.41801,1.41811,1.50,7.35
2011.04.05 14:12:55.490,1.41801,1.4181,2.25,1.50
2011.04.05 14:12:56.040,1.41801,1.4181,1.50,1.50
2011.04.05 14:12:56.592,1.41799,1.41809,5.10,3.00
2011.04.05 14:12:58.669,1.41803,1.41809,1.50,2.25
2011.04.05 14:12:58.799,1.41809,1.41816,1.20,1.50
2011.04.05 14:13:00.122,1.41811,1.41817,1.35,1.50
2011.04.05 14:13:00.789,1.41808,1.41817,1.50,1.50
2011.04.05 14:13:02.911,1.41809,1.41817,2.85,1.50
2011.04.05 14:13:03.239,1.41811,1.41817,1.50,1.50
2011.04.05 14:13:03.349,1.4181,1.41817,2.25,1.50
2011.04.05 14:13:03.679,1.41808,1.41813,1.50,1.50
2011.04.05 14:13:03.794,1.41809,1.41814,1.35,1.50
2011.04.05 14:13:04.021,1.4181,1.41819,1.50,1.50
2011.04.05 14:13:04.239,1.4181,1.41819,1.50,2.25
2011.04.05 14:13:04.789,1.41809,1.41818,3.60,2.25
2011.04.05 14:13:06.017,1.41809,1.41818,2.85,1.50
2011.04.05 14:13:06.580,1.4181,1.41819,1.50,1.50
2011.04.05 14:13:09.221,1.4181,1.41819,1.50,2.25
2011.04.05 14:13:11.516,1.4181,1.41819,1.50,3.60
2011.04.05 14:13:11.741,1.4181,1.41819,3.00,2.25
2011.04.05 14:13:12.519,1.4181,1.41819,1.50,2.25
2011.04.05 14:13:13.318,1.4181,1.41819,1.50,2.25
2011.04.05 14:13:15.880,1.4181,1.41818,1.50,1.50
2011.04.05 14:13:16.208,1.4181,1.41819,1.50,2.25
2011.04.05 14:13:22.929,1.41809,1.41819,3.60,2.25
2011.04.05 14:13:23.479,1.4181,1.4182,1.50,3.00
2011.04.05 14:13:24.036,1.41812,1.41819,2.25,2.25
2011.04.05 14:13:24.273,1.41818,1.41827,3.00,2.25
2011.04.05 14:13:24.827,1.41818,1.41827,1.50,3.60
2011.04.05 14:13:25.601,1.41817,1.41827,3.15,3.60
2011.04.05 14:13:26.039,1.41819,1.41827,2.10,1.50
2011.04.05 14:13:30.619,1.41819,1.41829,3.60,2.25
2011.04.05 14:13:31.141,1.41819,1.41829,1.50,3.00
2011.04.05 14:13:31.581,1.4182,1.41829,2.25,1.50
2011.04.05 14:13:32.929,1.41821,1.4183,1.50,1.50
2011.04.05 14:13:34.140,1.41821,1.4183,1.88,1.50
2011.04.05 14:13:35.621,1.4182,1.41829,1.50,1.50
2011.04.05 14:13:35.730,1.4182,1.41829,2.25,2.25
2011.04.05 14:13:37.272,1.41818,1.41827,4.50,1.50
2011.04.05 14:13:37.828,1.41818,1.41827,2.25,2.25
2011.04.05 14:13:38.407,1.41818,1.41827,2.10,4.50
2011.04.05 14:13:40.724,1.41818,1.41825,1.35,1.50
2011.04.05 14:13:41.073,1.41817,1.41823,2.40,2.25
2011.04.05 14:13:41.410,1.41809,1.41817,2.25,2.25
2011.04.05 14:13:42.073,1.4181,1.4182,1.50,3.75
2011.04.05 14:13:42.189,1.41811,1.4182,1.50,3.00
2011.04.05 14:13:42.521,1.41812,1.4182,1.50,2.25
2011.04.05 14:13:46.209,1.41811,1.41821,1.88,3.00
2011.04.05 14:13:46.757,1.41811,1.4182,1.50,1.50
2011.04.05 14:13:52.513,1.41811,1.4182,2.25,8.25
2011.04.05 14:14:00.451,1.41809,1.41817,2.25,1.50
2011.04.05 14:14:00.560,1.41809,1.41816,1.50,1.35
2011.04.05 14:14:00.889,1.41807,1.41815,1.50,1.50
2011.04.05 14:14:02.650,1.41808,1.41816,2.10,2.25
2011.04.05 14:14:04.320,1.41807,1.41815,1.50,2.10
2011.04.05 14:14:07.253,1.41805,1.41813,3.04,1.50
2011.04.05 14:14:07.480,1.41803,1.41812,3.75,1.50
2011.04.05 14:14:07.924,1.41801,1.41809,3.38,1.50
2011.04.05 14:14:08.811,1.418,1.41808,1.50,1.50
2011.04.05 14:14:09.580,1.418,1.41808,1.50,1.50
2011.04.05 14:14:10.758,1.418,1.41808,1.50,1.50
2011.04.05 14:14:13.181,1.41798,1.41807,1.50,1.50
2011.04.05 14:14:13.729,1.41797,1.41807,3.00,3.75
2011.04.05 14:14:14.311,1.41797,1.41805,2.25,1.50
2011.04.05 14:14:14.859,1.41797,1.41805,1.50,2.10
2011.04.05 14:14:15.412,1.41795,1.41802,4.09,1.50
2011.04.05 14:14:15.530,1.41795,1.41805,4.84,2.10
2011.04.05 14:14:15.640,1.41795,1.41805,5.44,1.50
2011.04.05 14:14:15.750,1.41797,1.41806,2.85,3.00
2011.04.05 14:14:15.859,1.41797,1.41807,2.85,3.00
2011.04.05 14:14:16.372,1.41798,1.41808,2.10,9.00
2011.04.05 14:14:17.589,1.418,1.41808,1.50,3.00
2011.04.05 14:14:18.469,1.41799,1.41808,1.62,2.25
2011.04.05 14:14:20.639,1.41799,1.41808,2.37,1.50
2011.04.05 14:14:20.750,1.418,1.41809,1.50,2.48
2011.04.05 14:14:23.721,1.418,1.41809,1.50,3.00
2011.04.05 14:14:24.060,1.41796,1.41805,2.48,1.50
2011.04.05 14:14:24.186,1.41798,1.41806,1.50,6.00
2011.04.05 14:14:24.304,1.41798,1.41807,4.35,3.75
2011.04.05 14:14:25.743,1.41797,1.41803,3.00,2.10
2011.04.05 14:14:25.860,1.41795,1.41802,3.00,3.60
2011.04.05 14:14:25.974,1.41794,1.41802,2.85,1.50
2011.04.05 14:14:28.952,1.41797,1.41804,1.35,3.38
2011.04.05 14:14:29.073,1.41797,1.41804,2.10,1.50
2011.04.05 14:14:29.301,1.41798,1.41807,4.35,2.25
2011.04.05 14:14:30.502,1.41805,1.41809,3.75,2.63
2011.04.05 14:14:31.182,1.41803,1.41809,2.55,1.50
2011.04.05 14:14:31.305,1.41797,1.41802,1.50,3.75
2011.04.05 14:14:31.642,1.418,1.41805,2.10,7.50
2011.04.05 14:14:31.763,1.418,1.41808,2.85,3.75
2011.04.05 14:14:32.319,1.418,1.41808,3.00,1.50
2011.04.05 14:14:33.611,1.418,1.41809,3.00,1.50
2011.04.05 14:14:33.940,1.418,1.41806,2.25,1.35
2011.04.05 14:14:34.271,1.41798,1.41805,1.50,1.50
2011.04.05 14:14:34.929,1.41796,1.41806,1.50,3.60
2011.04.05 14:14:35.261,1.41795,1.41804,2.48,1.50
2011.04.05 14:14:36.261,1.41794,1.41804,4.35,1.50
2011.04.05 14:14:36.710,1.4179,1.41802,3.00,1.50
2011.04.05 14:14:37.258,1.41794,1.41802,4.05,1.50
2011.04.05 14:14:37.900,1.41793,1.41802,2.25,1.50
2011.04.05 14:14:38.234,1.41798,1.41803,1.50,1.50
2011.04.05 14:14:38.356,1.41799,1.41808,2.25,6.75
2011.04.05 14:14:38.579,1.41799,1.41808,3.00,2.25
2011.04.05 14:14:40.121,1.41799,1.41808,2.25,2.85
2011.04.05 14:14:42.032,1.41799,1.41806,1.50,5.25
2011.04.05 14:14:42.151,1.41799,1.41806,1.50,2.25
2011.04.05 14:14:42.591,1.41799,1.41807,1.50,2.25
2011.04.05 14:14:43.138,1.41799,1.41807,1.50,1.50
2011.04.05 14:14:43.688,1.41799,1.41808,2.25,1.50
2011.04.05 14:14:45.230,1.41801,1.41808,1.54,1.50
2011.04.05 14:14:46.108,1.41799,1.41808,3.00,1.50
2011.04.05 14:14:46.658,1.41799,1.41808,2.25,1.50
2011.04.05 14:14:49.040,1.41799,1.41807,1.50,1.50
2011.04.05 14:14:50.583,1.41799,1.41805,2.25,3.75
2011.04.05 14:14:50.703,1.41797,1.41805,1.54,1.50
2011.04.05 14:14:51.314,1.41798,1.41806,1.35,3.00
2011.04.05 14:14:54.872,1.41796,1.41802,1.50,1.35
2011.04.05 14:14:55.103,1.41795,1.41802,3.41,1.50
2011.04.05 14:14:55.332,1.41798,1.41804,1.50,3.98
2011.04.05 14:14:55.562,1.41798,1.41806,2.25,1.50
2011.04.05 14:14:56.118,1.41798,1.41806,2.25,1.50
2011.04.05 14:14:56.891,1.41798,1.41806,1.50,2.25
2011.04.05 14:14:57.112,1.418,1.41806,2.10,6.00
2011.04.05 14:14:57.701,1.41799,1.41806,1.50,1.50
2011.04.05 14:14:58.471,1.41799,1.41808,2.25,2.25
2011.04.05 14:14:59.019,1.41799,1.41808,3.00,1.50
2011.04.05 14:15:00.720,1.41798,1.41805,3.60,1.50
2011.04.05 14:15:00.835,1.41799,1.41807,1.50,1.50
2011.04.05 14:15:01.504,1.41799,1.41808,2.25,1.50
2011.04.05 14:15:02.059,1.41799,1.41807,1.50,1.50
2011.04.05 14:15:03.230,1.41799,1.41806,1.50,1.50
2011.04.05 14:15:05.122,1.41799,1.41806,1.50,1.50
2011.04.05 14:15:05.244,1.41797,1.41802,1.50,1.50
2011.04.05 14:15:05.471,1.41798,1.41807,4.35,2.63
2011.04.05 14:15:05.579,1.41798,1.41807,4.35,1.50
2011.04.05 14:15:06.899,1.41798,1.41807,2.85,1.50
2011.04.05 14:15:07.449,1.41797,1.41806,3.75,1.50
2011.04.05 14:15:07.965,1.41797,1.41806,3.00,1.50
2011.04.05 14:15:08.515,1.41798,1.41806,1.35,1.50
2011.04.05 14:15:09.079,1.41797,1.41806,2.25,1.50
2011.04.05 14:15:10.410,1.41797,1.41806,1.50,3.75
2011.04.05 14:15:14.670,1.41796,1.41805,2.85,6.00
2011.04.05 14:15:15.001,1.41795,1.41802,2.81,1.50
2011.04.05 14:15:15.865,1.41794,1.41801,1.53,1.50
2011.04.05 14:15:16.421,1.41795,1.41802,1.53,3.00
2011.04.05 14:15:18.670,1.41793,1.41801,2.25,1.50
2011.04.05 14:15:19.442,1.41795,1.41802,1.88,1.50
2011.04.05 14:15:19.562,1.41797,1.41804,2.25,1.88
2011.04.05 14:15:19.682,1.41797,1.41806,2.10,2.25
2011.04.05 14:15:20.239,1.41797,1.41807,1.50,5.85
2011.04.05 14:15:20.461,1.418,1.41807,2.10,2.25
2011.04.05 14:15:20.901,1.41799,1.41808,4.35,1.50
2011.04.05 14:15:21.011,1.41799,1.41807,2.10,3.00
2011.04.05 14:15:21.558,1.41798,1.41806,1.50,1.50
2011.04.05 14:15:22.510,1.41798,1.41807,2.85,3.00
2011.04.05 14:15:23.058,1.41798,1.41807,2.25,2.25
2011.04.05 14:15:25.318,1.41798,1.41807,3.00,1.50
2011.04.05 14:15:25.652,1.41797,1.41803,2.85,1.50
2011.04.05 14:15:25.772,1.41798,1.41806,1.50,4.50
2011.04.05 14:15:26.111,1.41799,1.41807,1.50,1.50
2011.04.05 14:15:26.443,1.41796,1.41802,2.85,1.50
2011.04.05 14:15:26.560,1.41797,1.41803,1.35,1.50
2011.04.05 14:15:26.780,1.41798,1.41805,3.75,1.13
2011.04.05 14:15:27.222,1.41798,1.41805,4.50,5.25
2011.04.05 14:15:27.779,1.41796,1.41802,1.50,1.50
2011.04.05 14:15:30.410,1.41795,1.41802,1.28,1.50
2011.04.05 14:15:30.523,1.41792,1.41799,2.03,2.25
2011.04.05 14:15:30.641,1.4179,1.41798,1.13,1.50
2011.04.05 14:15:31.204,1.41789,1.41798,4.35,2.25
2011.04.05 14:15:38.412,1.41788,1.41797,2.10,3.00
2011.04.05 14:15:40.001,1.41789,1.41797,2.10,1.50
2011.04.05 14:15:46.056,1.41788,1.41797,5.10,1.50
2011.04.05 14:15:46.178,1.41788,1.41797,5.85,1.50
2011.04.05 14:15:46.624,1.41793,1.41799,1.50,2.25
2011.04.05 14:15:46.743,1.41795,1.41801,1.13,7.50
2011.04.05 14:15:46.862,1.41794,1.41801,2.10,1.50
2011.04.05 14:15:47.204,1.4179,1.418,3.15,3.00
2011.04.05 14:15:47.760,1.41789,1.418,7.35,3.75
2011.04.05 14:15:48.424,1.41794,1.418,1.50,2.25
2011.04.05 14:15:49.013,1.41793,1.41802,2.63,4.35
2011.04.05 14:15:52.533,1.41795,1.41804,2.33,6.38
2011.04.05 14:15:52.872,1.418,1.41808,2.10,3.00
2011.04.05 14:15:52.991,1.418,1.41809,3.60,1.50
2011.04.05 14:15:54.270,1.41801,1.41809,2.85,1.50
2011.04.05 14:15:54.819,1.41802,1.41811,1.50,4.35
2011.04.05 14:15:55.810,1.41803,1.41811,1.50,4.35
2011.04.05 14:15:55.923,1.41804,1.41811,2.40,2.25
2011.04.05 14:15:56.043,1.41807,1.41813,1.50,1.35
2011.04.05 14:15:56.162,1.41809,1.41813,1.50,1.50
2011.04.05 14:15:56.283,1.41808,1.41816,3.00,7.35
2011.04.05 14:15:56.511,1.41809,1.41818,1.50,2.25
2011.04.05 14:15:57.098,1.41809,1.41818,2.25,2.25
2011.04.05 14:15:57.722,1.41808,1.41815,2.85,4.50
2011.04.05 14:15:57.841,1.4181,1.41815,1.50,5.10
2011.04.05 14:15:57.951,1.4181,1.41817,1.50,1.50
2011.04.05 14:15:58.502,1.41812,1.41818,2.10,1.50
2011.04.05 14:15:58.626,1.4181,1.41819,2.25,1.58
2011.04.05 14:15:59.069,1.41812,1.41822,3.75,3.00
2011.04.05 14:15:59.628,1.41814,1.41821,1.65,2.25
2011.04.05 14:15:59.855,1.41818,1.41825,1.50,1.50
2011.04.05 14:16:00.420,1.41818,1.41827,1.50,3.75
2011.04.05 14:16:00.969,1.41818,1.41827,1.50,3.00
2011.04.05 14:16:01.850,1.41818,1.41828,5.85,3.60
2011.04.05 14:16:03.773,1.4182,1.41828,2.10,1.50
2011.04.05 14:16:04.330,1.41818,1.41828,3.75,1.50
2011.04.05 14:16:05.429,1.4182,1.41828,2.10,1.50
2011.04.05 14:16:05.981,1.41818,1.41828,4.35,1.50
2011.04.05 14:16:08.251,1.4182,1.41828,2.10,1.50
2011.04.05 14:16:08.799,1.41819,1.41828,1.50,1.50
2011.04.05 14:16:09.353,1.4182,1.41829,2.85,1.13
2011.04.05 14:16:09.695,1.41823,1.4183,2.25,3.00
2011.04.05 14:16:10.332,1.41822,1.41828,1.50,1.50
2011.04.05 14:16:10.453,1.41819,1.41828,1.50,2.25
2011.04.05 14:16:15.551,1.41819,1.41828,2.25,3.00
2011.04.05 14:16:15.770,1.41819,1.41828,1.50,3.00
2011.04.05 14:16:16.978,1.41818,1.41827,2.85,2.25
2011.04.05 14:16:20.240,1.41819,1.41828,2.25,3.75
2011.04.05 14:16:24.093,1.41818,1.41822,3.60,2.25
2011.04.05 14:16:24.323,1.41812,1.41821,1.50,4.50
2011.04.05 14:16:24.879,1.41811,1.4182,2.25,2.25
2011.04.05 14:16:25.429,1.41811,1.4182,1.50,3.75
2011.04.05 14:16:25.539,1.4181,1.41818,1.50,1.50
2011.04.05 14:16:26.495,1.41811,1.41819,1.50,1.50
2011.04.05 14:16:26.611,1.41811,1.4182,1.50,2.25
2011.04.05 14:16:26.941,1.41812,1.41821,2.25,2.25
2011.04.05 14:16:27.052,1.41812,1.4182,1.50,1.50
2011.04.05 14:16:28.599,1.41812,1.41821,2.25,3.00
2011.04.05 14:16:28.820,1.41812,1.4182,1.50,1.50
2011.04.05 14:16:30.169,1.41812,1.41821,3.00,2.25
2011.04.05 14:16:30.719,1.41812,1.41821,3.00,1.50
2011.04.05 14:16:32.390,1.41814,1.41821,1.50,2.25
2011.04.05 14:16:33.820,1.41814,1.41821,1.50,1.50
2011.04.05 14:16:34.246,1.41817,1.41822,1.50,1.50
2011.04.05 14:16:34.397,1.41819,1.41827,1.50,1.50
2011.04.05 14:16:34.953,1.41819,1.41828,4.35,3.75
2011.04.05 14:16:35.511,1.41821,1.41828,2.10,3.00
2011.04.05 14:16:35.731,1.41819,1.41828,3.00,1.50
2011.04.05 14:16:35.840,1.4182,1.4183,1.50,4.50
2011.04.05 14:16:38.362,1.41821,1.4183,3.60,2.25
2011.04.05 14:16:38.919,1.41821,1.4183,4.35,2.25
2011.04.05 14:16:39.470,1.41823,1.4183,2.85,2.25
2011.04.05 14:16:39.956,1.41823,1.41832,2.25,7.50
2011.04.05 14:16:40.180,1.41823,1.41831,1.50,3.75
2011.04.05 14:16:40.511,1.41822,1.41829,1.50,1.50
2011.04.05 14:16:40.734,1.41823,1.41831,4.35,2.25
2011.04.05 14:16:40.853,1.41823,1.41831,3.00,2.25
2011.04.05 14:16:41.739,1.41824,1.41833,1.50,3.75
2011.04.05 14:16:44.751,1.41824,1.41833,1.50,3.00
2011.04.05 14:16:45.300,1.41824,1.41833,1.50,3.00
2011.04.05 14:16:46.462,1.41824,1.41833,1.65,3.00
2011.04.05 14:16:47.022,1.41823,1.41832,3.00,2.25
2011.04.05 14:16:47.570,1.41825,1.41833,2.48,1.50
2011.04.05 14:16:47.685,1.41825,1.41834,2.78,1.50
2011.04.05 14:16:47.910,1.41825,1.41834,2.78,1.50
2011.04.05 14:16:48.473,1.41825,1.41834,2.78,1.50
2011.04.05 14:16:49.912,1.41827,1.41834,1.50,1.50
2011.04.05 14:16:50.251,1.41825,1.41834,3.15,3.60
2011.04.05 14:16:50.372,1.41827,1.41834,2.10,1.50
2011.04.05 14:16:51.373,1.41829,1.41838,5.10,1.50
2011.04.05 14:16:51.933,1.41829,1.41839,5.85,1.50
2011.04.05 14:16:52.489,1.41831,1.4184,1.50,2.25
2011.04.05 14:16:54.800,1.41831,1.4184,1.50,1.50
2011.04.05 14:16:56.501,1.41833,1.41839,1.50,1.35
2011.04.05 14:16:56.723,1.41835,1.41841,2.10,1.50
2011.04.05 14:16:57.072,1.41838,1.41843,3.60,1.50
2011.04.05 14:16:57.184,1.41838,1.41844,5.10,1.50
2011.04.05 14:16:57.692,1.41838,1.41848,1.50,1.50
2011.04.05 14:16:58.801,1.41838,1.41845,2.25,1.50
2011.04.05 14:16:59.241,1.41839,1.4185,1.50,1.50
2011.04.05 14:16:59.351,1.4184,1.4185,1.50,1.50
2011.04.05 14:16:59.899,1.41841,1.41848,1.35,1.50
2011.04.05 14:17:00.449,1.4184,1.41848,1.50,1.50
2011.04.05 14:17:01.004,1.4184,1.41848,1.50,1.50
2011.04.05 14:17:01.749,1.41842,1.41848,1.35,1.50
2011.04.05 14:17:01.867,1.41842,1.41851,1.35,1.50
2011.04.05 14:17:02.421,1.41849,1.41857,2.25,2.25
2011.04.05 14:17:03.964,1.41849,1.41855,3.00,6.00
2011.04.05 14:17:04.083,1.41848,1.41854,2.25,6.00
2011.04.05 14:17:04.205,1.41847,1.41853,2.25,1.35
2011.04.05 14:17:04.556,1.41845,1.41853,4.28,3.83
2011.04.05 14:17:04.672,1.41844,1.41851,2.25,1.50
2011.04.05 14:17:04.877,1.41843,1.4185,3.38,1.50
2011.04.05 14:17:05.320,1.41841,1.4185,2.78,2.25
2011.04.05 14:17:06.312,1.4184,1.41849,1.50,3.00
2011.04.05 14:17:06.676,1.41841,1.41847,1.50,1.50
2011.04.05 14:17:06.793,1.41844,1.41849,1.50,1.13
2011.04.05 14:17:06.914,1.41842,1.4185,3.00,1.50
2011.04.05 14:17:07.032,1.41842,1.4185,3.00,2.25
2011.04.05 14:17:07.261,1.41842,1.41851,3.00,1.50
2011.04.05 14:17:07.369,1.41842,1.4185,1.50,1.50
2011.04.05 14:17:07.922,1.41841,1.4185,1.50,1.50
2011.04.05 14:17:08.480,1.41841,1.4185,1.50,1.50
2011.04.05 14:17:09.070,1.4184,1.4185,3.12,2.25
2011.04.05 14:17:09.509,1.4184,1.41849,2.31,2.25
2011.04.05 14:17:12.282,1.4184,1.41849,1.50,2.25
2011.04.05 14:17:13.057,1.41846,1.41853,2.85,1.50
2011.04.05 14:17:13.281,1.41846,1.41854,3.60,1.50
2011.04.05 14:17:13.501,1.41847,1.41856,2.10,1.50
2011.04.05 14:17:14.051,1.41847,1.41857,5.25,1.50
2011.04.05 14:17:14.602,1.41847,1.41857,6.00,1.50
2011.04.05 14:17:15.270,1.41847,1.41857,3.00,1.50
2011.04.05 14:17:15.381,1.41849,1.41859,3.75,2.25
2011.04.05 14:17:15.601,1.4185,1.41862,1.50,4.50
2011.04.05 14:17:15.821,1.41851,1.41861,1.73,2.25
2011.04.05 14:17:16.411,1.41851,1.4186,3.00,1.50
2011.04.05 14:17:16.741,1.41851,1.4186,2.25,2.25
2011.04.05 14:17:17.073,1.4185,1.4186,1.50,6.00
2011.04.05 14:17:17.741,1.4185,1.41859,1.50,1.88
2011.04.05 14:17:17.849,1.4185,1.41859,1.50,1.88
2011.04.05 14:17:18.400,1.4185,1.41859,1.50,1.50
2011.04.05 14:17:19.179,1.4185,1.41859,1.50,1.50
2011.04.05 14:17:19.510,1.41851,1.4186,2.25,1.50
2011.04.05 14:17:20.061,1.4185,1.41859,2.25,1.50
2011.04.05 14:17:22.110,1.41847,1.41856,4.13,1.50
2011.04.05 14:17:22.334,1.41847,1.41852,1.50,5.25
2011.04.05 14:17:22.455,1.41841,1.4185,4.35,2.25
2011.04.05 14:17:23.011,1.41841,1.4185,3.60,3.00
2011.04.05 14:17:25.613,1.4184,1.41845,1.50,1.35
2011.04.05 14:17:25.953,1.41837,1.41844,1.50,1.50
2011.04.05 14:17:26.621,1.41839,1.41848,2.85,2.25
2011.04.05 14:17:26.730,1.41839,1.41848,3.60,1.50
2011.04.05 14:17:27.280,1.41839,1.41848,3.60,1.50
2011.04.05 14:17:27.722,1.41842,1.4185,2.40,1.50
2011.04.05 14:17:27.950,1.41844,1.41852,1.65,1.50
2011.04.05 14:17:28.503,1.41845,1.41853,3.90,1.50
2011.04.05 14:17:30.610,1.41845,1.41852,2.03,2.85
2011.04.05 14:17:30.738,1.41842,1.4185,1.50,1.50
2011.04.05 14:17:30.851,1.41841,1.4185,1.50,1.50
2011.04.05 14:17:31.399,1.41841,1.4185,2.25,1.50
2011.04.05 14:17:32.172,1.4184,1.41851,2.10,1.50
2011.04.05 14:17:32.500,1.41841,1.41852,2.25,12.60
2011.04.05 14:17:36.983,1.41843,1.41852,1.50,7.35
2011.04.05 14:17:37.540,1.41843,1.41852,1.50,11.10
2011.04.05 14:17:38.199,1.41843,1.4185,1.50,1.50
2011.04.05 14:17:38.530,1.41843,1.41848,1.50,1.50
2011.04.05 14:17:38.641,1.41841,1.4185,2.25,2.85
2011.04.05 14:17:38.750,1.41845,1.41852,5.85,6.00
2011.04.05 14:17:39.079,1.41842,1.41851,1.50,5.10
2011.04.05 14:17:39.191,1.41845,1.41852,3.75,3.75
2011.04.05 14:17:39.303,1.41845,1.41853,1.73,2.25
2011.04.05 14:17:39.532,1.41843,1.41852,3.75,5.10
2011.04.05 14:17:39.760,1.41843,1.41852,3.00,5.10
2011.04.05 14:17:40.638,1.41843,1.4185,2.25,1.50
2011.04.05 14:17:40.970,1.41843,1.41852,1.50,3.75
2011.04.05 14:17:41.442,1.41849,1.41855,2.25,1.09
2011.04.05 14:17:41.557,1.41851,1.41857,1.50,1.50
2011.04.05 14:17:41.890,1.41852,1.4186,1.50,1.50
2011.04.05 14:17:43.101,1.41851,1.4186,2.25,1.50
2011.04.05 14:17:44.531,1.41848,1.41855,1.13,4.50
2011.04.05 14:17:44.750,1.41849,1.41858,3.00,1.50
2011.04.05 14:17:44.972,1.41849,1.41857,1.50,1.35
2011.04.05 14:17:45.090,1.41849,1.41854,1.50,2.10
2011.04.05 14:17:45.203,1.41847,1.41853,1.50,2.85
2011.04.05 14:17:45.322,1.41845,1.41853,1.13,4.35
2011.04.05 14:17:45.740,1.41843,1.41852,2.25,3.00
2011.04.05 14:17:50.091,1.41842,1.4185,2.85,1.50
2011.04.05 14:17:50.640,1.41842,1.41851,1.50,2.85
2011.04.05 14:17:52.750,1.41841,1.4185,5.48,1.50
2011.04.05 14:17:53.300,1.41841,1.4185,1.50,2.25
2011.04.05 14:17:54.070,1.4184,1.4185,4.50,2.25
2011.04.05 14:17:54.620,1.41842,1.4185,1.50,2.25
2011.04.05 14:17:55.171,1.41841,1.4185,4.35,2.25
2011.04.05 14:17:57.580,1.41841,1.41849,2.85,1.50
2011.04.05 14:17:59.018,1.41839,1.41847,1.50,1.50
2011.04.05 14:17:59.569,1.41838,1.41847,2.25,1.50
2011.04.05 14:18:00.230,1.4184,1.41846,1.50,1.50
2011.04.05 14:18:00.563,1.41838,1.41846,1.50,2.25
2011.04.05 14:18:00.684,1.41835,1.41844,2.85,3.00
2011.04.05 14:18:00.803,1.41835,1.41842,1.50,1.35
2011.04.05 14:18:00.923,1.41833,1.4184,2.25,1.50
2011.04.05 14:18:01.810,1.41833,1.41841,2.25,2.10
2011.04.05 14:18:02.033,1.41833,1.41843,4.50,2.25
2011.04.05 14:18:02.590,1.41833,1.41842,3.00,3.00
2011.04.05 14:18:03.159,1.41835,1.41842,4.50,1.50
2011.04.05 14:18:03.384,1.41831,1.41839,2.25,1.50
2011.04.05 14:18:03.613,1.4183,1.41839,1.50,2.63
2011.04.05 14:18:04.829,1.41829,1.41838,1.50,3.00
2011.04.05 14:18:06.361,1.41827,1.41837,5.10,2.25
2011.04.05 14:18:17.672,1.41826,1.41836,3.75,2.10
2011.04.05 14:18:17.791,1.41826,1.41833,2.25,1.13
2011.04.05 14:18:18.137,1.41826,1.41831,1.50,2.25
2011.04.05 14:18:19.913,1.41823,1.41833,3.00,2.85
2011.04.05 14:18:20.469,1.41823,1.41832,1.50,1.50
2011.04.05 14:18:21.900,1.41822,1.41831,3.00,3.60
2011.04.05 14:18:24.100,1.41822,1.41828,1.50,1.13
2011.04.05 14:18:24.527,1.41821,1.41827,4.50,4.35
2011.04.05 14:18:24.652,1.41818,1.41827,4.50,1.50
2011.04.05 14:18:25.199,1.41817,1.41826,5.25,2.25
2011.04.05 14:18:26.850,1.41816,1.41825,1.50,2.10
2011.04.05 14:18:27.182,1.41816,1.41823,1.50,1.50
2011.04.05 14:18:31.581,1.41814,1.41823,2.25,1.35
2011.04.05 14:18:33.801,1.41813,1.41823,4.50,2.25
2011.04.05 14:18:34.130,1.41812,1.41821,1.50,5.10
2011.04.05 14:18:34.679,1.41811,1.4182,2.25,3.00
2011.04.05 14:18:37.870,1.41811,1.41819,3.75,1.50
2011.04.05 14:18:38.401,1.41809,1.41819,3.75,1.50
2011.04.05 14:18:38.731,1.41809,1.41818,1.50,5.10
2011.04.05 14:18:39.172,1.41808,1.41816,1.65,1.50
2011.04.05 14:18:39.281,1.41807,1.41815,1.50,2.25
2011.04.05 14:18:39.830,1.41806,1.41814,1.50,1.35
2011.04.05 14:18:40.383,1.41804,1.41813,1.65,2.85
2011.04.05 14:18:40.940,1.41803,1.41812,4.35,2.25
2011.04.05 14:18:41.054,1.418,1.41813,3.00,2.10
2011.04.05 14:18:41.393,1.41801,1.4181,3.00,5.10
2011.04.05 14:18:41.949,1.41799,1.41809,1.50,9.60
2011.04.05 14:18:42.960,1.41796,1.41805,1.50,2.85
2011.04.05 14:18:43.292,1.41794,1.41803,2.25,1.50
2011.04.05 14:18:43.620,1.41794,1.41802,1.50,4.35
2011.04.05 14:18:45.779,1.41793,1.41801,1.50,1.50
2011.04.05 14:18:46.949,1.41793,1.41801,1.50,1.50
2011.04.05 14:18:48.687,1.41791,1.41797,1.50,1.50
2011.04.05 14:18:48.913,1.41785,1.41793,1.50,1.50
2011.04.05 14:18:49.267,1.41788,1.41793,2.85,1.50
2011.04.05 14:18:49.601,1.41791,1.41796,1.50,1.50
2011.04.05 14:18:50.040,1.41791,1.41799,1.50,1.50
2011.04.05 14:18:50.371,1.41791,1.418,1.50,2.25
2011.04.05 14:18:50.921,1.41789,1.41797,1.50,1.50
2011.04.05 14:18:51.140,1.41789,1.41797,1.50,1.50
2011.04.05 14:18:51.580,1.41789,1.41798,2.25,4.50
2011.04.05 14:18:51.690,1.41789,1.41798,2.25,3.75
2011.04.05 14:18:52.021,1.41789,1.41798,2.25,5.25
2011.04.05 14:18:52.569,1.41789,1.41797,1.50,1.50
2011.04.05 14:18:53.999,1.41789,1.41797,1.50,1.50
2011.04.05 14:18:54.683,1.41789,1.41797,1.50,1.50
2011.04.05 14:18:55.131,1.41787,1.41795,3.00,5.10
2011.04.05 14:18:55.240,1.41788,1.41796,2.25,1.50
2011.04.05 14:18:55.351,1.41789,1.41796,1.50,5.25
2011.04.05 14:18:55.578,1.41784,1.4179,2.25,4.50
2011.04.05 14:18:55.696,1.41781,1.41789,1.58,5.25
2011.04.05 14:18:55.810,1.4178,1.41788,3.08,1.50
2011.04.05 14:18:57.136,1.41775,1.41784,2.40,1.50
2011.04.05 14:18:57.473,1.41768,1.41779,3.60,2.25
2011.04.05 14:18:57.591,1.4177,1.41779,4.35,1.50
2011.04.05 14:18:58.910,1.41772,1.4178,1.50,3.60
2011.04.05 14:18:59.459,1.41772,1.4178,1.50,3.60
2011.04.05 14:19:00.012,1.4177,1.41779,3.75,1.50
2011.04.05 14:19:01.450,1.4177,1.41779,2.25,1.50
2011.04.05 14:19:01.562,1.41767,1.41776,1.50,4.50
2011.04.05 14:19:01.790,1.4177,1.41776,2.85,3.75
2011.04.05 14:19:02.230,1.41768,1.41776,2.25,4.50
2011.04.05 14:19:02.342,1.41768,1.41776,2.25,4.50
2011.04.05 14:19:02.571,1.41768,1.41777,2.25,2.25
2011.04.05 14:19:04.000,1.4177,1.41777,1.50,1.50
2011.04.05 14:19:04.549,1.4177,1.41777,1.50,1.50
2011.04.05 14:19:05.325,1.41769,1.41777,2.25,3.60
2011.04.05 14:19:05.442,1.4177,1.41776,1.50,3.75
2011.04.05 14:19:05.562,1.41769,1.41779,2.25,4.31
2011.04.05 14:19:05.680,1.41769,1.41778,2.25,1.50
2011.04.05 14:19:06.010,1.41769,1.41779,3.08,3.38
2011.04.05 14:19:06.341,1.41769,1.41778,2.33,3.75
2011.04.05 14:19:06.600,1.4177,1.41778,1.50,3.00
2011.04.05 14:19:07.171,1.41769,1.41777,1.50,1.50
2011.04.05 14:19:09.041,1.4177,1.41777,1.50,1.50
2011.04.05 14:19:09.589,1.4177,1.41777,1.50,2.25
2011.04.05 14:19:10.141,1.4177,1.41777,1.50,2.25
2011.04.05 14:19:10.689,1.41768,1.41777,1.50,2.25
2011.04.05 14:19:11.139,1.41764,1.4177,2.25,1.50
2011.04.05 14:19:11.255,1.41764,1.41773,2.25,6.00
2011.04.05 14:19:11.482,1.41763,1.41771,1.50,2.10
2011.04.05 14:19:12.045,1.41762,1.41771,1.50,2.10
2011.04.05 14:19:12.273,1.41761,1.41771,3.00,2.10
2011.04.05 14:19:12.830,1.41761,1.41771,2.25,2.85
2011.04.05 14:19:13.379,1.41761,1.4177,1.50,3.60
2011.04.05 14:19:13.820,1.41759,1.41765,3.00,1.50
2011.04.05 14:19:14.043,1.41757,1.41764,1.50,2.10
2011.04.05 14:19:14.588,1.41755,1.41762,3.83,1.50
2011.04.05 14:19:14.709,1.4175,1.4176,2.25,3.60
2011.04.05 14:19:14.823,1.41752,1.4176,1.50,8.85
2011.04.05 14:19:14.946,1.41752,1.4176,1.50,8.85
2011.04.05 14:19:15.940,1.41752,1.4176,1.50,6.00
2011.04.05 14:19:16.274,1.41755,1.41762,1.50,2.25
2011.04.05 14:19:16.624,1.41761,1.41768,1.50,2.25
2011.04.05 14:19:16.962,1.41759,1.41768,3.00,2.25
2011.04.05 14:19:18.286,1.41762,1.41766,3.75,1.13
2011.04.05 14:19:18.406,1.41762,1.41768,4.35,3.75
2011.04.05 14:19:18.526,1.41764,1.41769,3.00,1.50
2011.04.05 14:19:18.646,1.41764,1.41772,5.10,2.25
2011.04.05 14:19:18.764,1.41766,1.41773,2.25,3.00
2011.04.05 14:19:18.882,1.41767,1.41774,3.00,1.50
2011.04.05 14:19:18.994,1.41768,1.41776,1.50,1.50
2011.04.05 14:19:19.551,1.41769,1.41777,1.50,3.60
2011.04.05 14:19:20.322,1.41769,1.41779,2.25,2.25
2011.04.05 14:19:20.870,1.41771,1.41779,1.50,3.60
2011.04.05 14:19:20.984,1.41773,1.4178,1.50,1.50
2011.04.05 14:19:21.845,1.41774,1.41781,1.50,1.88
2011.04.05 14:19:22.527,1.41775,1.41783,1.50,3.23
2011.04.05 14:19:23.631,1.41775,1.41786,1.50,5.59
2011.04.05 14:19:23.860,1.4178,1.41787,3.00,1.50
2011.04.05 14:19:23.978,1.41779,1.41785,1.50,2.85
2011.04.05 14:19:24.097,1.41776,1.41785,2.25,2.25
2011.04.05 14:19:24.214,1.41774,1.41783,1.50,4.35
2011.04.05 14:19:24.441,1.4178,1.41784,3.75,1.50
2011.04.05 14:19:24.549,1.41774,1.41783,1.50,4.35
2011.04.05 14:19:24.775,1.41774,1.41782,1.50,1.50
2011.04.05 14:19:25.760,1.41773,1.4178,1.50,2.10
2011.04.05 14:19:26.206,1.41775,1.41784,1.50,8.85
2011.04.05 14:19:27.201,1.41775,1.41784,1.50,8.85
2011.04.05 14:19:28.670,1.41777,1.41784,1.50,8.85
2011.04.05 14:19:29.001,1.4178,1.41788,1.50,1.50
2011.04.05 14:19:29.221,1.4178,1.41789,1.50,1.35
2011.04.05 14:19:29.770,1.4178,1.41789,2.25,1.35
2011.04.05 14:19:32.500,1.4178,1.41788,2.25,1.50
2011.04.05 14:19:33.270,1.4178,1.41789,3.00,1.35
2011.04.05 14:19:33.712,1.41781,1.41791,3.60,2.25
2011.04.05 14:19:34.259,1.41781,1.4179,1.50,2.85
2011.04.05 14:19:37.161,1.41781,1.41789,2.25,1.35
2011.04.05 14:19:37.491,1.4178,1.41788,1.50,1.50
2011.04.05 14:19:38.283,1.41779,1.41788,3.60,2.25
2011.04.05 14:19:40.849,1.4178,1.41789,2.25,1.88
2011.04.05 14:19:40.962,1.41781,1.41789,1.50,1.13
2011.04.05 14:19:41.401,1.41783,1.41792,1.50,3.60
2011.04.05 14:19:41.624,1.41782,1.4179,1.50,5.25
2011.04.05 14:19:41.741,1.41782,1.4179,1.50,1.13
2011.04.05 14:19:42.181,1.41782,1.41791,1.50,1.50
2011.04.05 14:19:42.292,1.41783,1.41792,1.50,3.60
2011.04.05 14:19:42.526,1.41787,1.41792,1.50,2.10
2011.04.05 14:19:42.870,1.41791,1.41797,1.35,1.50
2011.04.05 14:19:42.991,1.41791,1.41799,1.50,2.63
2011.04.05 14:19:43.216,1.41789,1.41796,1.50,1.50
2011.04.05 14:19:43.443,1.41786,1.41795,1.50,2.25
2011.04.05 14:19:43.670,1.41787,1.41796,1.50,2.25
2011.04.05 14:19:45.321,1.41789,1.41797,1.50,1.50
2011.04.05 14:19:45.541,1.41791,1.41798,1.50,2.85
2011.04.05 14:19:46.539,1.41786,1.41791,2.85,2.25
2011.04.05 14:19:46.948,1.4178,1.41787,1.50,1.50
2011.04.05 14:19:47.062,1.4178,1.41789,2.25,1.50
2011.04.05 14:19:47.185,1.4178,1.41789,2.25,1.50
2011.04.05 14:19:47.738,1.41781,1.4179,1.50,2.25
2011.04.05 14:19:49.611,1.41783,1.41791,1.50,2.25
2011.04.05 14:19:50.379,1.41781,1.4179,2.63,1.35
2011.04.05 14:19:51.480,1.41782,1.4179,1.50,1.50
2011.04.05 14:19:52.840,1.41782,1.41789,1.50,1.35
2011.04.05 14:19:54.060,1.41782,1.4179,1.50,1.50
2011.04.05 14:19:54.393,1.41778,1.41785,7.50,4.50
2011.04.05 14:19:54.510,1.4178,1.41788,3.75,1.50
2011.04.05 14:20:00.660,1.41781,1.41789,1.50,1.13
2011.04.05 14:20:01.411,1.41781,1.41789,1.50,2.85
2011.04.05 14:20:01.851,1.41782,1.4179,2.25,1.50
2011.04.05 14:20:02.074,1.41784,1.41792,4.17,2.25
2011.04.05 14:20:02.412,1.41783,1.4179,2.25,1.50
2011.04.05 14:20:02.764,1.41781,1.41789,2.25,2.25
2011.04.05 14:20:02.886,1.41781,1.41787,7.50,2.10
2011.04.05 14:20:03.441,1.41778,1.41787,1.50,1.50
2011.04.05 14:20:04.319,1.41777,1.41787,2.25,1.50
2011.04.05 14:20:05.641,1.41778,1.41784,2.85,1.50
2011.04.05 14:20:06.095,1.41778,1.41783,1.50,5.25
2011.04.05 14:20:06.207,1.41771,1.41776,1.50,1.50
2011.04.05 14:20:06.432,1.4177,1.4178,3.75,1.50
2011.04.05 14:20:06.663,1.41771,1.4178,1.50,1.50
2011.04.05 14:20:07.221,1.41771,1.41781,1.50,6.60
2011.04.05 14:20:07.552,1.41771,1.41775,2.63,3.75
2011.04.05 14:20:07.986,1.4177,1.41778,5.25,1.50
2011.04.05 14:20:08.109,1.41771,1.41776,1.13,1.50
2011.04.05 14:20:08.331,1.41771,1.4178,1.50,2.25
2011.04.05 14:20:08.552,1.41771,1.4178,1.50,1.50
2011.04.05 14:20:10.461,1.41771,1.4178,2.25,1.50
2011.04.05 14:20:10.791,1.41775,1.4178,1.95,1.50
2011.04.05 14:20:11.016,1.41778,1.41785,4.35,2.25
2011.04.05 14:20:11.242,1.41779,1.41788,2.25,1.50
2011.04.05 14:20:11.790,1.4178,1.41789,3.00,4.73
2011.04.05 14:20:12.119,1.4178,1.41787,2.25,1.50
2011.04.05 14:20:12.343,1.4178,1.41787,2.25,1.50
2011.04.05 14:20:12.794,1.4178,1.4179,1.50,3.60
2011.04.05 14:20:15.889,1.41781,1.41789,1.50,1.50
2011.04.05 14:20:16.110,1.41781,1.41789,2.25,1.50
2011.04.05 14:20:16.220,1.41781,1.41789,1.88,1.50
2011.04.05 14:20:18.671,1.41781,1.4179,2.25,2.10
2011.04.05 14:20:18.784,1.41783,1.4179,4.50,1.50
2011.04.05 14:20:19.012,1.41781,1.4179,2.25,1.50
2011.04.05 14:20:19.572,1.41781,1.41789,1.50,1.50
2011.04.05 14:20:20.119,1.41781,1.41789,1.50,1.50
2011.04.05 14:20:24.382,1.41784,1.4179,2.10,2.25
2011.04.05 14:20:24.734,1.41791,1.41797,2.85,1.50
2011.04.05 14:20:24.851,1.41792,1.41799,1.50,2.25
2011.04.05 14:20:25.400,1.41792,1.41801,2.25,3.00
2011.04.05 14:20:26.503,1.41792,1.41801,1.50,2.85
2011.04.05 14:20:27.061,1.4179,1.41799,3.75,1.50
2011.04.05 14:20:27.958,1.41792,1.41801,2.25,5.10
2011.04.05 14:20:28.951,1.41792,1.41799,1.50,1.50
2011.04.05 14:20:31.153,1.41795,1.41799,5.25,1.50
2011.04.05 14:20:31.274,1.41793,1.41802,2.25,3.75
2011.04.05 14:20:31.830,1.41792,1.41801,2.25,1.50
2011.04.05 14:20:32.490,1.41792,1.41801,3.60,1.50
2011.04.05 14:20:32.925,1.41792,1.41801,2.25,1.35
2011.04.05 14:20:33.267,1.41795,1.41803,1.65,1.50
2011.04.05 14:20:33.843,1.41801,1.41808,1.50,4.50
2011.04.05 14:20:34.401,1.41801,1.41807,2.25,1.50
2011.04.05 14:20:38.583,1.41801,1.41809,1.50,1.73
2011.04.05 14:20:38.921,1.41802,1.4181,1.50,1.50
2011.04.05 14:20:46.662,1.41797,1.41803,6.00,2.85
2011.04.05 14:20:46.991,1.41797,1.41804,1.50,1.50
2011.04.05 14:20:47.417,1.41795,1.41804,1.50,2.10
2011.04.05 14:20:47.971,1.41795,1.41804,1.50,2.25
2011.04.05 14:20:48.529,1.41795,1.41804,1.50,3.00
2011.04.05 14:20:48.860,1.41793,1.41801,3.00,1.50
2011.04.05 14:20:49.192,1.41791,1.418,2.63,1.50
2011.04.05 14:20:49.312,1.41791,1.41799,2.25,1.50
2011.04.05 14:20:51.983,1.41793,1.418,1.50,2.25
2011.04.05 14:20:53.920,1.41791,1.41799,1.50,1.50
2011.04.05 14:20:55.695,1.41791,1.418,1.50,1.50
2011.04.05 14:20:57.680,1.41792,1.418,1.50,1.50
2011.04.05 14:21:00.074,1.41792,1.41801,2.25,1.50
2011.04.05 14:21:00.418,1.41799,1.41804,2.10,3.00
2011.04.05 14:21:00.535,1.41798,1.41805,1.50,1.50
2011.04.05 14:21:00.652,1.41799,1.41809,3.00,5.10
2011.04.05 14:21:00.772,1.41801,1.41809,1.50,1.50
2011.04.05 14:21:01.287,1.41801,1.41809,1.50,1.50
2011.04.05 14:21:01.407,1.41802,1.4181,1.50,1.50
2011.04.05 14:21:04.982,1.41805,1.41812,2.10,4.50
2011.04.05 14:21:05.968,1.41803,1.41811,1.50,1.50
2011.04.05 14:21:06.959,1.41802,1.41809,2.25,2.10
2011.04.05 14:21:08.830,1.41802,1.41809,1.50,2.85
2011.04.05 14:21:10.871,1.41801,1.4181,1.50,4.35
2011.04.05 14:21:11.839,1.41801,1.4181,1.50,4.35
2011.04.05 14:21:12.389,1.418,1.41809,2.25,1.50
2011.04.05 14:21:14.311,1.418,1.4181,1.50,4.35
2011.04.05 14:21:14.531,1.41802,1.41812,2.85,3.75
2011.04.05 14:21:14.960,1.41808,1.41814,1.50,1.13
2011.04.05 14:21:15.295,1.4181,1.41817,3.00,1.50
2011.04.05 14:21:15.634,1.41812,1.4182,1.50,3.60
2011.04.05 14:21:17.839,1.41812,1.41821,3.60,4.50
2011.04.05 14:21:19.511,1.41811,1.41819,1.50,2.63
2011.04.05 14:21:19.622,1.4181,1.41818,2.29,1.35
2011.04.05 14:21:24.359,1.41811,1.4182,1.50,2.85
2011.04.05 14:21:24.912,1.41811,1.41819,1.50,3.00
2011.04.05 14:21:32.372,1.41811,1.4182,1.50,2.25
2011.04.05 14:21:41.413,1.4181,1.41819,1.50,1.50
2011.04.05 14:21:43.380,1.4181,1.41819,2.25,1.50
2011.04.05 14:21:47.170,1.41813,1.41819,1.50,1.50
2011.04.05 14:21:47.782,1.41813,1.41821,1.50,1.35
2011.04.05 14:21:48.880,1.41813,1.41821,2.25,1.35
2011.04.05 14:21:49.822,1.41814,1.41822,1.50,3.00
2011.04.05 14:21:49.944,1.41815,1.41822,4.50,1.50
2011.04.05 14:21:50.286,1.4182,1.41829,2.85,2.25
2011.04.05 14:21:50.401,1.41821,1.4183,2.25,2.25
2011.04.05 14:21:51.334,1.41822,1.4183,1.50,3.00
2011.04.05 14:21:53.632,1.41826,1.4183,1.50,1.73
2011.04.05 14:21:53.852,1.41827,1.41835,1.50,3.75
2011.04.05 14:21:54.294,1.41825,1.41833,3.00,1.50
2011.04.05 14:21:54.743,1.41823,1.41832,2.25,1.50
2011.04.05 14:21:56.156,1.41824,1.41832,1.50,5.10
2011.04.05 14:21:56.287,1.41822,1.4183,1.50,4.50
2011.04.05 14:21:56.730,1.41821,1.4183,3.00,4.50
2011.04.05 14:21:57.500,1.41821,1.41829,1.50,1.50
2011.04.05 14:21:58.051,1.4182,1.41827,2.25,1.35
2011.04.05 14:21:58.601,1.4182,1.41827,1.50,1.50
2011.04.05 14:21:59.490,1.4182,1.41829,2.25,2.25
2011.04.05 14:22:00.701,1.41821,1.41829,1.50,1.50
2011.04.05 14:22:01.256,1.41823,1.41831,5.10,1.50
2011.04.05 14:22:01.821,1.41825,1.41832,2.25,2.25
2011.04.05 14:22:02.370,1.41824,1.41831,1.50,2.10
2011.04.05 14:22:02.920,1.41823,1.41831,2.25,2.10
2011.04.05 14:22:03.689,1.41823,1.41831,2.25,2.10
2011.04.05 14:22:04.750,1.41823,1.41831,2.25,2.10
2011.04.05 14:22:05.300,1.41823,1.41831,2.25,1.84
2011.04.05 14:22:07.650,1.41823,1.41831,2.25,2.10
2011.04.05 14:22:07.982,1.41826,1.41832,1.13,2.25
2011.04.05 14:22:08.212,1.41825,1.41833,1.28,3.00
2011.04.05 14:22:08.663,1.41827,1.41835,2.25,2.10
2011.04.05 14:22:08.891,1.41826,1.41835,1.50,2.10
2011.04.05 14:22:09.440,1.41827,1.41836,2.25,1.50
2011.04.05 14:22:09.994,1.41828,1.41835,1.50,2.25
2011.04.05 14:22:10.550,1.41826,1.41833,2.25,1.35
2011.04.05 14:22:12.931,1.41827,1.41835,1.50,2.85
2011.04.05 14:22:13.153,1.41829,1.41836,2.25,1.50
2011.04.05 14:22:13.272,1.4183,1.41839,1.50,2.25
2011.04.05 14:22:13.383,1.4183,1.41839,2.25,1.50
2011.04.05 14:22:18.161,1.41831,1.41839,1.50,1.50
2011.04.05 14:22:18.382,1.4183,1.41839,2.25,1.88
2011.04.05 14:22:18.492,1.4183,1.41839,1.50,2.25
2011.04.05 14:22:19.050,1.4183,1.41839,1.50,2.25
2011.04.05 14:22:19.590,1.41831,1.41839,1.50,2.25
2011.04.05 14:22:21.590,1.41831,1.41839,1.50,2.25
2011.04.05 14:22:22.911,1.41831,1.41839,5.29,1.50
2011.04.05 14:22:23.243,1.41832,1.4184,5.25,6.75
2011.04.05 14:22:24.130,1.41832,1.41837,2.25,1.50
2011.04.05 14:22:27.284,1.41832,1.4184,2.25,3.75
2011.04.05 14:22:27.822,1.41833,1.4184,1.50,3.00
2011.04.05 14:22:31.572,1.41833,1.4184,2.48,1.50
2011.04.05 14:22:32.130,1.41833,1.41841,2.25,1.50
2011.04.05 14:22:34.854,1.41834,1.41841,2.25,1.50
2011.04.05 14:22:35.081,1.41834,1.41843,4.35,1.50
2011.04.05 14:22:35.789,1.41834,1.41843,4.35,1.50
2011.04.05 14:22:36.350,1.41834,1.41843,4.35,1.50
2011.04.05 14:22:37.933,1.41835,1.4184,3.08,1.50
2011.04.05 14:22:38.163,1.41832,1.4184,1.50,1.50
2011.04.05 14:22:39.052,1.4183,1.4184,2.25,4.35
2011.04.05 14:22:39.601,1.41832,1.4184,1.50,4.35
2011.04.05 14:22:40.152,1.41832,1.4184,1.50,2.85
2011.04.05 14:22:42.395,1.41839,1.41843,3.41,2.25
2011.04.05 14:22:42.623,1.4184,1.41848,6.75,5.25
2011.04.05 14:22:42.745,1.41838,1.41846,2.25,1.50
2011.04.05 14:22:43.300,1.41838,1.41846,2.25,1.50
2011.04.05 14:22:44.853,1.41838,1.41846,3.00,1.50
2011.04.05 14:22:44.974,1.41845,1.41852,5.25,3.00
2011.04.05 14:22:45.206,1.41849,1.41856,1.50,1.13
2011.04.05 14:22:45.323,1.41849,1.41857,1.50,3.00
2011.04.05 14:22:45.445,1.41849,1.41859,1.50,5.85
2011.04.05 14:22:46.046,1.41849,1.41857,1.50,1.50
2011.04.05 14:22:47.440,1.41849,1.41857,2.25,1.50
2011.04.05 14:22:47.990,1.4185,1.41859,2.25,3.79
2011.04.05 14:22:50.912,1.41855,1.41859,5.10,3.75
2011.04.05 14:22:51.024,1.41853,1.41859,1.50,4.35
2011.04.05 14:22:51.486,1.41854,1.41863,5.25,1.50
2011.04.05 14:22:51.955,1.41853,1.41857,2.25,3.75
2011.04.05 14:22:52.074,1.41853,1.4186,1.50,1.50
2011.04.05 14:22:52.598,1.41853,1.41862,1.50,3.00
2011.04.05 14:22:52.713,1.41853,1.41862,1.50,2.25
2011.04.05 14:22:53.056,1.41855,1.41862,5.25,1.50
2011.04.05 14:22:53.405,1.41856,1.41864,4.88,2.25
2011.04.05 14:22:53.527,1.41858,1.41865,5.25,3.00
2011.04.05 14:22:53.644,1.41858,1.41867,6.75,1.50
2011.04.05 14:22:54.425,1.41861,1.41867,2.10,1.50
2011.04.05 14:22:54.543,1.41868,1.41874,1.50,1.50
2011.04.05 14:22:54.883,1.4187,1.41881,2.25,1.50
2011.04.05 14:22:55.120,1.41872,1.4188,1.50,1.50
2011.04.05 14:22:55.453,1.41875,1.41883,2.10,4.50
2011.04.05 14:22:55.574,1.41875,1.41883,7.35,1.50
2011.04.05 14:22:56.143,1.41875,1.41883,5.25,2.25
2011.04.05 14:22:56.266,1.41874,1.41881,1.50,3.60
2011.04.05 14:22:56.386,1.41871,1.41879,4.13,1.50
2011.04.05 14:22:57.161,1.41871,1.41878,1.13,2.85
2011.04.05 14:22:57.277,1.41867,1.41874,3.00,1.50
2011.04.05 14:22:57.396,1.41866,1.41871,1.88,2.25
2011.04.05 14:22:57.511,1.41865,1.41869,5.25,1.50
2011.04.05 14:22:57.735,1.41865,1.41872,6.98,1.50
2011.04.05 14:22:57.962,1.41865,1.41874,6.23,1.50
2011.04.05 14:22:58.181,1.41866,1.41876,3.00,2.25
2011.04.05 14:22:58.295,1.41868,1.41876,1.50,1.50
2011.04.05 14:22:58.853,1.41868,1.41877,7.50,1.50
2011.04.05 14:22:58.971,1.41869,1.41877,5.85,1.50
2011.04.05 14:22:59.690,1.4187,1.4188,2.25,3.00
2011.04.05 14:23:00.240,1.41869,1.41879,7.35,1.50
2011.04.05 14:23:02.590,1.41868,1.41878,1.50,2.85
2011.04.05 14:23:02.922,1.41872,1.41879,2.10,1.50
2011.04.05 14:23:03.470,1.4187,1.41879,4.35,1.50
2011.04.05 14:23:04.183,1.4187,1.41878,2.25,1.50
2011.04.05 14:23:04.525,1.41864,1.41875,2.25,3.60
2011.04.05 14:23:04.644,1.41865,1.41872,2.25,2.10
2011.04.05 14:23:04.766,1.41864,1.41869,1.50,1.35
2011.04.05 14:23:05.104,1.41863,1.41873,4.35,1.50
2011.04.05 14:23:05.662,1.41864,1.41872,1.50,2.85
2011.04.05 14:23:05.887,1.41863,1.4187,2.25,1.50
2011.04.05 14:23:06.750,1.41865,1.41872,5.25,3.00
2011.04.05 14:23:06.867,1.41863,1.41871,8.25,1.50
2011.04.05 14:23:06.985,1.41863,1.41871,1.50,2.85
2011.04.05 14:23:07.211,1.41863,1.41871,3.00,2.85
2011.04.05 14:23:07.760,1.41863,1.41871,2.25,1.35
2011.04.05 14:23:08.535,1.41865,1.41873,6.75,1.50
2011.04.05 14:23:08.763,1.41867,1.41875,1.50,4.35
2011.04.05 14:23:09.433,1.41869,1.41875,1.35,1.50
2011.04.05 14:23:09.663,1.4187,1.41878,4.50,1.50
2011.04.05 14:23:10.004,1.41875,1.41881,5.25,1.50
2011.04.05 14:23:10.121,1.41876,1.41882,2.10,1.13
2011.04.05 14:23:10.452,1.41875,1.41882,2.25,3.38
2011.04.05 14:23:10.574,1.41874,1.41881,4.50,2.10
2011.04.05 14:23:10.907,1.41871,1.4188,3.00,2.25
2011.04.05 14:23:11.254,1.41874,1.41882,4.50,2.85
2011.04.05 14:23:11.371,1.41872,1.4188,1.50,1.50
2011.04.05 14:23:12.033,1.41873,1.4188,1.50,1.50
2011.04.05 14:23:12.263,1.41873,1.41878,1.35,1.50
2011.04.05 14:23:12.492,1.41868,1.41876,2.25,1.50
2011.04.05 14:23:12.711,1.41871,1.41876,1.50,1.50
2011.04.05 14:23:12.933,1.41873,1.4188,1.50,2.25
2011.04.05 14:23:13.051,1.41873,1.4188,1.50,1.50
2011.04.05 14:23:13.271,1.41874,1.41881,2.10,1.50
