2010.01.14 08:00:02.612,1.45298,1.45305,2.30,1.90
2010.01.14 08:00:04.624,1.453,1.45306,5.10,1.50
2010.01.14 08:00:07.142,1.453,1.45311,2.70,1.50
2010.01.14 08:00:07.981,1.45305,1.45315,1.70,1.50
2010.01.14 08:00:10.085,1.45311,1.45318,1.70,3.00
2010.01.14 08:00:12.102,1.45319,1.45327,3.00,4.10
2010.01.14 08:00:13.280,1.45326,1.45332,1.40,2.30
2010.01.14 08:00:15.294,1.45325,1.45333,3.00,2.30
2010.01.14 08:00:17.341,1.45313,1.45323,1.50,1.40
2010.01.14 08:00:19.376,1.45301,1.45309,6.40,1.50
2010.01.14 08:00:21.967,1.45288,1.45296,7.30,2.30
2010.01.14 08:00:24.024,1.45275,1.45286,5.50,2.70
2010.01.14 08:00:26.414,1.45266,1.45275,1.50,1.90
2010.01.14 08:00:28.461,1.45255,1.45265,1.30,1.50
2010.01.14 08:00:30.684,1.45247,1.45255,1.50,2.10
2010.01.14 08:00:36.425,1.45245,1.45255,1.50,4.50
2010.01.14 08:00:40.784,1.45252,1.45262,6.60,1.50
2010.01.14 08:00:42.811,1.45258,1.4527,1.70,4.20
2010.01.14 08:00:46.355,1.45268,1.45276,1.20,6.60
2010.01.14 08:00:48.366,1.45273,1.45279,1.70,1.90
2010.01.14 08:00:48.815,1.45277,1.45281,1.70,4.20
2010.01.14 08:00:51.491,1.45276,1.45285,5.10,1.50
2010.01.14 08:00:53.574,1.45277,1.45286,6.60,2.30
2010.01.14 08:00:56.461,1.45275,1.45285,1.10,2.30
2010.01.14 08:01:06.441,1.45276,1.45286,4.20,1.50
2010.01.14 08:01:08.620,1.45279,1.45287,3.00,2.50
2010.01.14 08:01:11.380,1.45281,1.45292,2.70,1.50
2010.01.14 08:01:13.586,1.45289,1.45295,2.70,3.60
2010.01.14 08:01:16.477,1.45295,1.45304,2.80,2.80
2010.01.14 08:01:18.719,1.45305,1.45313,1.50,1.50
2010.01.14 08:01:20.381,1.45306,1.45312,3.00,3.60
2010.01.14 08:01:21.168,1.45298,1.45308,4.50,9.60
2010.01.14 08:01:24.725,1.45289,1.45299,1.50,2.90
2010.01.14 08:01:27.209,1.45277,1.45289,1.60,4.20
2010.01.14 08:01:29.255,1.45268,1.45278,1.50,1.40
2010.01.14 08:01:33.138,1.45258,1.45268,1.50,1.70
2010.01.14 08:01:34.635,1.4525,1.45258,1.50,1.50
2010.01.14 08:01:35.480,1.45243,1.45251,1.50,2.50
2010.01.14 08:01:38.738,1.45244,1.45251,1.70,1.90
2010.01.14 08:01:41.260,1.45246,1.45254,1.50,1.50
2010.01.14 08:01:43.363,1.45251,1.45259,1.50,3.60
2010.01.14 08:01:43.593,1.45255,1.45263,1.50,2.30
2010.01.14 08:01:45.692,1.4526,1.45267,4.20,2.30
2010.01.14 08:01:47.741,1.45264,1.45272,1.50,1.70
2010.01.14 08:01:48.080,1.45269,1.45277,1.70,4.40
2010.01.14 08:01:51.654,1.45274,1.4528,1.50,1.90
2010.01.14 08:01:51.899,1.45278,1.45288,2.30,2.50
2010.01.14 08:01:53.817,1.45284,1.45292,1.50,5.10
2010.01.14 08:01:55.820,1.45289,1.45297,3.00,2.30
2010.01.14 08:01:56.332,1.4529,1.45302,2.10,1.70
2010.01.14 08:02:04.926,1.45292,1.45302,1.90,3.40
2010.01.14 08:02:06.058,1.45291,1.45298,1.50,3.20
2010.01.14 08:02:08.123,1.4529,1.45298,1.50,2.30
2010.01.14 08:02:10.341,1.45292,1.45303,1.50,1.50
2010.01.14 08:02:12.476,1.45298,1.45307,1.50,2.30
2010.01.14 08:02:15.289,1.45303,1.45313,2.70,1.90
2010.01.14 08:02:18.042,1.45305,1.45309,2.50,14.10
2010.01.14 08:02:18.462,1.45291,1.45301,4.20,1.70
2010.01.14 08:02:22.149,1.45279,1.45285,1.50,1.70
2010.01.14 08:02:26.058,1.45265,1.45275,1.80,1.50
2010.01.14 08:02:28.598,1.45253,1.45263,2.30,1.40
2010.01.14 08:02:30.639,1.45243,1.45253,2.50,1.50
2010.01.14 08:02:30.971,1.45236,1.45242,1.20,1.70
2010.01.14 08:02:33.619,1.45233,1.45243,2.50,3.00
2010.01.14 08:02:35.701,1.45238,1.45248,1.40,12.80
2010.01.14 08:02:36.743,1.45245,1.45255,2.50,1.50
2010.01.14 08:02:38.770,1.45253,1.45263,1.50,1.40
2010.01.14 08:02:39.133,1.45259,1.45265,1.30,1.50
2010.01.14 08:02:41.704,1.45262,1.4527,4.70,1.20
2010.01.14 08:02:41.823,1.45262,1.45274,4.20,1.50
2010.01.14 08:02:42.475,1.45265,1.45271,5.10,1.50
2010.01.14 08:02:42.601,1.45265,1.45274,1.20,3.00
2010.01.14 08:02:46.246,1.45263,1.45272,5.50,3.00
2010.01.14 08:02:51.247,1.45262,1.45273,3.00,1.50
2010.01.14 08:02:53.256,1.45263,1.45274,2.10,2.30
2010.01.14 08:02:55.570,1.45264,1.45276,1.20,2.50
2010.01.14 08:03:02.662,1.45254,1.45261,1.50,2.30
2010.01.14 08:03:04.692,1.45252,1.45261,1.50,1.50
2010.01.14 08:03:06.709,1.45248,1.45256,1.50,1.20
2010.01.14 08:03:09.121,1.4524,1.45252,4.50,2.30
2010.01.14 08:03:11.123,1.45237,1.45247,1.50,1.40
2010.01.14 08:03:17.013,1.45234,1.45242,1.70,4.20
2010.01.14 08:03:17.251,1.45232,1.4524,1.50,1.90
2010.01.14 08:03:19.074,1.45235,1.45239,4.00,1.50
2010.01.14 08:03:19.304,1.45238,1.45242,1.50,5.90
2010.01.14 08:03:21.393,1.4524,1.4525,3.40,2.30
2010.01.14 08:03:23.711,1.45244,1.45254,1.90,14.00
2010.01.14 08:03:24.372,1.45249,1.45259,9.00,1.50
2010.01.14 08:03:27.745,1.45255,1.45265,1.20,1.70
2010.01.14 08:03:31.340,1.45261,1.45269,6.40,2.70
2010.01.14 08:03:34.310,1.4527,1.45278,1.50,1.50
2010.01.14 08:03:37.922,1.45275,1.45285,1.50,2.90
2010.01.14 08:03:40.824,1.45277,1.45287,6.40,1.50
2010.01.14 08:03:45.820,1.45273,1.45279,1.20,3.00
2010.01.14 08:03:48.993,1.45266,1.45273,3.00,1.50
2010.01.14 08:03:51.842,1.45259,1.45267,1.40,2.30
2010.01.14 08:03:52.956,1.45252,1.4526,1.50,1.40
2010.01.14 08:03:53.924,1.45248,1.45258,2.30,1.70
2010.01.14 08:04:04.726,1.45263,1.45267,1.70,1.50
2010.01.14 08:04:06.977,1.45255,1.45262,5.40,1.20
2010.01.14 08:04:10.234,1.45248,1.45256,1.70,1.50
2010.01.14 08:04:12.573,1.45243,1.45251,2.90,1.50
2010.01.14 08:04:14.743,1.4524,1.45248,3.60,4.70
2010.01.14 08:04:15.382,1.45239,1.45249,1.50,1.50
2010.01.14 08:04:19.236,1.45243,1.45251,5.10,1.50
2010.01.14 08:04:20.123,1.45249,1.45255,1.50,1.50
2010.01.14 08:04:20.352,1.45256,1.45263,1.20,3.20
2010.01.14 08:04:22.399,1.45264,1.45272,1.50,2.90
2010.01.14 08:04:23.764,1.45263,1.45275,4.50,7.00
2010.01.14 08:04:26.980,1.45254,1.45266,1.50,1.70
2010.01.14 08:04:30.091,1.45245,1.45255,1.50,2.50
2010.01.14 08:04:32.146,1.45236,1.45246,3.80,4.70
2010.01.14 08:04:32.368,1.45226,1.45236,5.50,2.40
2010.01.14 08:04:32.906,1.45216,1.45226,2.30,10.00
2010.01.14 08:04:34.474,1.45208,1.45216,2.10,3.40
2010.01.14 08:04:35.638,1.45201,1.45208,3.80,4.70
2010.01.14 08:04:36.767,1.45193,1.452,1.50,2.90
2010.01.14 08:04:37.106,1.45185,1.45195,1.90,1.50
2010.01.14 08:04:39.156,1.45183,1.45193,1.50,4.00
2010.01.14 08:04:41.348,1.45189,1.45196,1.50,3.20
2010.01.14 08:04:43.058,1.45198,1.45202,2.70,1.50
2010.01.14 08:04:43.564,1.45201,1.45209,3.00,2.30
2010.01.14 08:04:45.507,1.45205,1.45213,1.30,3.00
2010.01.14 08:04:45.867,1.45208,1.45213,3.40,4.40
2010.01.14 08:04:48.563,1.45207,1.45214,1.50,3.60
2010.01.14 08:04:50.976,1.45205,1.45213,2.30,5.70
2010.01.14 08:04:53.266,1.45202,1.45211,1.50,1.50
2010.01.14 08:04:55.336,1.45202,1.45208,2.70,3.00
2010.01.14 08:04:57.346,1.45197,1.45207,2.30,1.40
2010.01.14 08:05:03.657,1.45189,1.45197,6.60,1.10
2010.01.14 08:05:08.248,1.45193,1.452,1.50,2.30
2010.01.14 08:05:08.979,1.45198,1.45206,4.20,1.70
2010.01.14 08:05:10.397,1.45203,1.45211,1.50,1.50
2010.01.14 08:05:14.529,1.45211,1.4522,3.60,2.50
2010.01.14 08:05:16.632,1.45219,1.45227,1.50,6.00
2010.01.14 08:05:16.860,1.45224,1.45234,1.70,1.90
2010.01.14 08:05:19.069,1.45227,1.45237,5.10,1.50
2010.01.14 08:05:21.279,1.45222,1.45231,3.80,1.50
2010.01.14 08:05:23.885,1.45215,1.45227,1.50,3.20
2010.01.14 08:05:26.011,1.4521,1.45217,1.50,3.20
2010.01.14 08:05:26.248,1.45202,1.4521,1.50,4.00
2010.01.14 08:05:26.367,1.45195,1.45201,2.30,8.10
2010.01.14 08:05:27.262,1.45186,1.45196,1.50,4.50
2010.01.14 08:05:27.871,1.45178,1.45188,1.50,1.50
2010.01.14 08:05:29.994,1.45169,1.45182,1.50,2.30
2010.01.14 08:05:32.155,1.45164,1.45172,1.50,2.50
2010.01.14 08:05:34.310,1.45158,1.45165,1.40,20.40
2010.01.14 08:05:36.364,1.45153,1.45161,1.50,2.50
2010.01.14 08:05:38.186,1.45155,1.45163,3.60,2.50
2010.01.14 08:05:40.259,1.45158,1.45168,4.20,1.50
2010.01.14 08:05:42.290,1.45164,1.45172,2.30,3.40
2010.01.14 08:05:44.371,1.45166,1.45176,3.40,5.10
2010.01.14 08:05:46.376,1.4517,1.45176,1.50,1.20
2010.01.14 08:05:47.454,1.45171,1.45177,3.40,1.50
2010.01.14 08:05:50.182,1.45172,1.4518,3.40,1.50
2010.01.14 08:05:52.209,1.45174,1.45182,1.50,3.60
2010.01.14 08:05:54.612,1.45176,1.45186,2.80,1.70
2010.01.14 08:05:56.320,1.4518,1.45188,2.30,2.50
2010.01.14 08:05:57.676,1.45182,1.45191,1.50,3.80
2010.01.14 08:05:59.694,1.45184,1.45192,1.20,24.30
2010.01.14 08:06:02.615,1.45196,1.45204,1.50,5.30
2010.01.14 08:06:05.182,1.45197,1.45206,2.90,1.90
2010.01.14 08:06:07.819,1.45197,1.45206,3.40,15.00
2010.01.14 08:06:09.840,1.45194,1.45206,3.20,1.50
2010.01.14 08:06:10.790,1.45193,1.45201,1.60,1.50
2010.01.14 08:06:12.801,1.45188,1.45198,2.70,2.90
2010.01.14 08:06:14.868,1.45179,1.45191,3.40,6.60
2010.01.14 08:06:16.920,1.45178,1.45182,1.90,3.80
2010.01.14 08:06:18.793,1.45175,1.45182,1.50,1.50
2010.01.14 08:06:19.176,1.45179,1.45189,1.50,2.30
2010.01.14 08:06:21.469,1.45186,1.45197,1.50,1.20
2010.01.14 08:06:23.717,1.45193,1.45203,2.30,1.70
2010.01.14 08:06:28.151,1.45201,1.45212,1.90,1.20
2010.01.14 08:06:30.471,1.45209,1.45219,6.40,2.70
2010.01.14 08:06:34.877,1.45216,1.45226,2.80,1.50
2010.01.14 08:06:37.983,1.45224,1.45234,1.50,1.50
2010.01.14 08:06:41.688,1.45228,1.45238,4.90,3.00
2010.01.14 08:06:44.776,1.45227,1.45237,2.30,1.70
2010.01.14 08:06:47.457,1.45225,1.45234,2.10,6.80
2010.01.14 08:06:49.691,1.45224,1.45234,2.90,2.30
2010.01.14 08:06:51.997,1.45224,1.45234,4.50,1.40
2010.01.14 08:06:54.393,1.45225,1.45235,2.30,1.70
2010.01.14 08:07:05.122,1.45215,1.45225,1.40,1.40
2010.01.14 08:07:07.378,1.45215,1.45222,3.00,3.60
2010.01.14 08:07:09.228,1.45214,1.45224,2.50,14.10
2010.01.14 08:07:12.648,1.45216,1.45224,1.20,1.50
2010.01.14 08:07:17.307,1.45219,1.45223,1.70,2.30
2010.01.14 08:07:19.404,1.45219,1.45229,17.10,1.70
2010.01.14 08:07:19.623,1.45228,1.45232,1.50,1.50
2010.01.14 08:07:21.917,1.45232,1.45238,1.70,1.50
2010.01.14 08:07:24.590,1.45239,1.45243,1.50,7.70
2010.01.14 08:07:26.883,1.4524,1.45248,2.80,3.40
2010.01.14 08:07:29.039,1.45233,1.45241,1.70,1.50
2010.01.14 08:07:31.074,1.45227,1.45233,13.50,1.20
2010.01.14 08:07:33.500,1.45219,1.45223,1.50,1.50
2010.01.14 08:07:35.302,1.45206,1.45214,1.90,1.70
2010.01.14 08:07:38.339,1.45196,1.45203,1.90,1.40
2010.01.14 08:07:40.385,1.45185,1.45189,2.30,1.70
2010.01.14 08:07:44.543,1.45173,1.45177,5.50,1.50
2010.01.14 08:07:46.637,1.45165,1.45173,2.10,1.40
2010.01.14 08:07:48.759,1.45166,1.45176,4.50,1.50
2010.01.14 08:07:49.426,1.45174,1.45178,1.30,3.00
2010.01.14 08:07:51.542,1.45178,1.45185,3.60,7.90
2010.01.14 08:07:52.322,1.45183,1.4519,2.30,1.70
2010.01.14 08:07:52.442,1.45186,1.45196,5.30,2.30
2010.01.14 08:07:54.555,1.45192,1.45199,2.50,1.50
2010.01.14 08:07:55.644,1.45196,1.45205,4.50,1.90
2010.01.14 08:07:57.760,1.45199,1.4521,2.10,1.50
2010.01.14 08:07:59.780,1.45201,1.45213,1.70,2.30
2010.01.14 08:08:05.363,1.45208,1.4522,1.90,4.50
2010.01.14 08:08:07.671,1.45214,1.45226,1.50,5.10
2010.01.14 08:08:09.688,1.45221,1.45231,10.00,1.50
2010.01.14 08:08:11.801,1.45228,1.45236,1.90,4.20
2010.01.14 08:08:14.433,1.45233,1.45241,2.50,2.50
2010.01.14 08:08:16.472,1.45236,1.45245,4.40,2.30
2010.01.14 08:08:18.653,1.4524,1.4525,1.20,7.50
2010.01.14 08:08:20.695,1.45246,1.45256,2.10,1.50
2010.01.14 08:08:21.312,1.4525,1.45258,3.60,2.30
2010.01.14 08:08:22.855,1.45248,1.45258,1.90,1.50
2010.01.14 08:08:23.291,1.45243,1.45253,7.40,4.00
2010.01.14 08:08:23.634,1.45236,1.45246,1.20,1.20
2010.01.14 08:08:25.724,1.4523,1.45242,1.50,10.00
2010.01.14 08:08:27.731,1.45227,1.45237,1.40,1.50
2010.01.14 08:08:29.663,1.45222,1.45234,1.50,1.50
2010.01.14 08:08:32.098,1.45223,1.45231,2.70,1.90
2010.01.14 08:08:32.213,1.45222,1.4523,2.10,1.40
2010.01.14 08:08:34.251,1.45216,1.45226,1.50,3.40
2010.01.14 08:08:36.017,1.45213,1.45219,4.00,2.50
2010.01.14 08:08:37.857,1.45206,1.45214,1.10,5.30
2010.01.14 08:08:38.487,1.45199,1.45212,6.40,2.70
2010.01.14 08:08:38.656,1.45196,1.45202,1.50,8.30
2010.01.14 08:08:39.265,1.45191,1.45205,1.70,1.50
2010.01.14 08:08:41.335,1.45199,1.45209,1.50,4.50
2010.01.14 08:08:41.802,1.45208,1.45215,1.20,1.70
2010.01.14 08:08:43.550,1.45213,1.45223,1.50,1.20
2010.01.14 08:08:45.628,1.45219,1.45229,1.50,1.50
2010.01.14 08:08:47.879,1.45226,1.4523,1.50,1.50
2010.01.14 08:08:50.239,1.45225,1.45234,4.50,7.90
2010.01.14 08:08:53.539,1.45226,1.45236,1.70,1.50
2010.01.14 08:08:55.940,1.45227,1.45238,2.90,3.00
2010.01.14 08:08:58.555,1.45225,1.45237,6.80,6.20
2010.01.14 08:08:58.702,1.45225,1.45235,1.20,2.30
2010.01.14 08:09:06.143,1.45221,1.45231,1.50,1.40
2010.01.14 08:09:09.133,1.45215,1.45225,3.80,1.50
2010.01.14 08:09:11.407,1.45206,1.45216,2.50,1.50
2010.01.14 08:09:13.269,1.45197,1.45206,3.00,2.30
2010.01.14 08:09:13.599,1.45189,1.45195,2.10,1.50
2010.01.14 08:09:15.624,1.45187,1.45193,1.50,8.30
2010.01.14 08:09:18.125,1.45192,1.452,1.70,3.00
2010.01.14 08:09:24.774,1.452,1.45208,3.00,4.90
2010.01.14 08:09:34.261,1.4521,1.4522,4.20,1.70
2010.01.14 08:09:36.347,1.4522,1.4523,1.50,1.50
2010.01.14 08:09:38.426,1.45231,1.45241,1.50,2.50
2010.01.14 08:09:42.256,1.45236,1.45244,1.30,1.50
2010.01.14 08:09:45.492,1.4523,1.4524,5.70,1.50
2010.01.14 08:09:46.184,1.45224,1.45234,1.50,5.70
2010.01.14 08:09:49.064,1.4522,1.45228,1.50,2.50
2010.01.14 08:09:51.243,1.45216,1.45224,3.00,1.90
2010.01.14 08:09:53.326,1.45216,1.45222,1.50,16.70
2010.01.14 08:09:57.654,1.45214,1.45224,2.80,2.50
2010.01.14 08:09:58.127,1.45217,1.45223,3.40,1.50
2010.01.14 08:10:02.645,1.45197,1.45207,2.30,1.70
2010.01.14 08:10:03.744,1.45201,1.4521,4.40,1.50
2010.01.14 08:10:05.994,1.45201,1.45212,1.50,6.60
2010.01.14 08:10:15.031,1.45201,1.45212,3.80,1.50
2010.01.14 08:10:17.091,1.45201,1.45209,2.30,1.70
2010.01.14 08:10:19.111,1.45196,1.45206,2.70,1.50
2010.01.14 08:10:22.118,1.45192,1.452,1.50,1.70
2010.01.14 08:10:24.385,1.45185,1.45193,1.50,2.50
2010.01.14 08:10:27.060,1.45186,1.45194,1.50,3.80
2010.01.14 08:10:27.574,1.45194,1.45202,6.20,1.50
2010.01.14 08:10:29.714,1.45204,1.4521,1.20,24.30
2010.01.14 08:10:31.900,1.45214,1.45221,1.50,3.00
2010.01.14 08:10:33.957,1.45225,1.45234,2.30,1.40
2010.01.14 08:10:36.050,1.45235,1.45245,1.50,2.30
2010.01.14 08:10:38.089,1.45243,1.45253,2.30,2.50
2010.01.14 08:10:40.143,1.45246,1.45256,1.70,4.20
2010.01.14 08:10:40.763,1.45243,1.45249,1.90,3.80
2010.01.14 08:10:42.976,1.45236,1.45244,2.30,1.50
2010.01.14 08:10:45.342,1.4523,1.4524,1.50,2.10
2010.01.14 08:10:48.575,1.45225,1.45235,1.50,3.00
2010.01.14 08:10:53.863,1.45221,1.4523,2.70,1.50
2010.01.14 08:10:55.286,1.45217,1.45224,1.70,4.90
2010.01.14 08:10:56.855,1.45212,1.45222,1.50,2.50
2010.01.14 08:10:57.611,1.45208,1.45218,2.10,2.10
2010.01.14 08:11:05.251,1.45224,1.45231,2.10,1.40
2010.01.14 08:11:08.072,1.45223,1.4523,4.40,1.50
2010.01.14 08:11:11.652,1.45221,1.45228,5.30,3.60
2010.01.14 08:11:13.824,1.45224,1.45231,2.30,1.20
2010.01.14 08:11:15.954,1.45225,1.45235,1.50,5.10
2010.01.14 08:11:18.384,1.45228,1.45237,2.70,2.50
2010.01.14 08:11:23.612,1.45224,1.45234,2.90,1.50
2010.01.14 08:11:25.663,1.45211,1.45221,3.00,2.70
2010.01.14 08:11:28.253,1.45197,1.45205,3.00,2.70
2010.01.14 08:11:30.735,1.4518,1.4519,3.40,1.50
2010.01.14 08:11:33.034,1.45164,1.45174,1.50,1.50
2010.01.14 08:11:35.204,1.45153,1.45159,6.60,1.50
2010.01.14 08:11:36.538,1.45147,1.45154,2.10,1.50
2010.01.14 08:11:38.788,1.45149,1.45159,1.50,1.50
2010.01.14 08:11:42.794,1.45155,1.45163,5.10,1.50
2010.01.14 08:11:45.253,1.45161,1.45168,2.30,4.20
2010.01.14 08:11:47.274,1.45164,1.45172,2.70,1.90
2010.01.14 08:11:47.843,1.45166,1.45174,1.50,3.60
2010.01.14 08:11:55.317,1.45167,1.45173,1.90,1.70
2010.01.14 08:11:57.006,1.45168,1.45175,1.50,7.40
2010.01.14 08:11:57.126,1.45166,1.45174,1.90,1.50
2010.01.14 08:12:07.361,1.45187,1.45199,1.40,1.50
2010.01.14 08:12:11.754,1.45191,1.45201,1.70,1.50
2010.01.14 08:12:15.726,1.45197,1.45206,1.50,6.60
2010.01.14 08:12:17.896,1.45202,1.45209,1.50,45.60
2010.01.14 08:12:20.276,1.45208,1.45216,1.50,5.10
2010.01.14 08:12:22.883,1.45206,1.4521,4.70,1.50
2010.01.14 08:12:24.956,1.45191,1.45199,1.50,1.70
2010.01.14 08:12:27.106,1.45174,1.45182,2.30,1.70
2010.01.14 08:12:32.173,1.45154,1.45164,1.70,1.70
2010.01.14 08:12:34.667,1.45135,1.45145,2.30,1.70
2010.01.14 08:12:35.962,1.45127,1.45137,1.70,1.50
2010.01.14 08:12:36.485,1.45128,1.45138,3.00,4.50
2010.01.14 08:12:39.757,1.45133,1.45142,1.50,1.70
2010.01.14 08:12:43.166,1.45137,1.45147,1.50,1.50
2010.01.14 08:12:43.785,1.45142,1.45152,2.30,3.40
2010.01.14 08:12:46.244,1.45147,1.45157,1.50,1.70
2010.01.14 08:12:48.298,1.45151,1.45161,1.50,2.50
2010.01.14 08:12:50.754,1.45155,1.45165,3.00,4.10
2010.01.14 08:12:54.597,1.45159,1.45169,17.10,1.70
2010.01.14 08:12:56.965,1.45163,1.45171,1.50,2.50
2010.01.14 08:13:01.708,1.45177,1.45187,2.30,1.90
2010.01.14 08:13:03.751,1.45179,1.45191,3.40,2.50
2010.01.14 08:13:08.104,1.45185,1.45194,2.70,2.50
2010.01.14 08:13:11.340,1.45189,1.45199,30.00,4.50
2010.01.14 08:13:13.640,1.45196,1.45206,1.50,1.50
2010.01.14 08:13:19.673,1.45198,1.45205,2.80,1.50
2010.01.14 08:13:22.320,1.45191,1.45199,1.80,1.50
2010.01.14 08:13:24.383,1.45182,1.4519,1.50,2.10
2010.01.14 08:13:26.746,1.45174,1.4518,3.20,4.70
2010.01.14 08:13:30.186,1.45165,1.45173,4.40,2.30
2010.01.14 08:13:32.050,1.45156,1.45164,3.80,3.20
2010.01.14 08:13:34.068,1.45146,1.45156,3.00,1.20
2010.01.14 08:13:37.050,1.45144,1.45154,1.40,12.80
2010.01.14 08:13:39.092,1.45148,1.45158,2.50,3.00
2010.01.14 08:13:42.480,1.45154,1.45164,5.10,1.50
2010.01.14 08:13:45.069,1.45162,1.45172,1.50,1.90
2010.01.14 08:13:46.525,1.45169,1.45175,2.80,1.70
2010.01.14 08:13:49.284,1.45173,1.45181,2.30,1.50
2010.01.14 08:13:51.384,1.45176,1.45187,1.50,3.40
2010.01.14 08:13:53.393,1.4518,1.4519,2.30,1.90
2010.01.14 08:13:55.573,1.45182,1.45192,5.10,8.90
2010.01.14 08:14:05.340,1.45185,1.45195,5.90,3.50
2010.01.14 08:14:10.033,1.45184,1.45194,5.10,2.30
2010.01.14 08:14:13.971,1.45187,1.45197,1.70,1.50
2010.01.14 08:14:16.115,1.45189,1.45197,2.80,2.80
2010.01.14 08:14:18.190,1.45193,1.45203,4.90,1.90
2010.01.14 08:14:18.276,1.45197,1.45207,2.50,3.20
2010.01.14 08:14:20.275,1.45195,1.45205,1.20,11.10
2010.01.14 08:14:22.646,1.45189,1.45195,2.30,1.50
2010.01.14 08:14:22.792,1.45175,1.45183,1.50,2.30
2010.01.14 08:14:26.186,1.45164,1.45172,2.30,1.50
2010.01.14 08:14:29.247,1.45152,1.45162,1.50,1.70
2010.01.14 08:14:32.184,1.4514,1.45148,1.50,4.50
2010.01.14 08:14:34.235,1.45137,1.45147,1.50,6.20
2010.01.14 08:14:41.119,1.45144,1.45154,1.90,5.30
2010.01.14 08:14:44.736,1.45154,1.45164,1.80,1.50
2010.01.14 08:14:50.005,1.45164,1.45174,1.50,3.60
2010.01.14 08:14:50.375,1.45175,1.45184,1.90,4.20
2010.01.14 08:14:54.578,1.45184,1.45193,1.40,1.50
2010.01.14 08:14:56.946,1.45189,1.45199,1.70,2.10
2010.01.14 08:15:01.348,1.45195,1.45205,2.60,2.10
2010.01.14 08:15:06.468,1.45195,1.45203,1.50,2.10
2010.01.14 08:15:07.152,1.45191,1.45202,1.70,4.20
2010.01.14 08:15:10.059,1.45189,1.45201,1.30,4.70
2010.01.14 08:15:10.141,1.45189,1.45196,1.20,1.90
2010.01.14 08:15:13.241,1.45183,1.45193,1.50,6.60
2010.01.14 08:15:13.578,1.45174,1.45184,17.00,1.50
2010.01.14 08:15:15.640,1.45168,1.45174,6.60,2.30
2010.01.14 08:15:16.080,1.45162,1.45174,1.50,1.70
2010.01.14 08:15:17.022,1.45168,1.45178,1.70,1.50
2010.01.14 08:15:20.608,1.45177,1.45185,2.70,4.70
2010.01.14 08:15:26.728,1.45189,1.45197,17.10,1.70
2010.01.14 08:15:31.520,1.45201,1.45209,2.10,1.50
2010.01.14 08:15:34.709,1.45203,1.45215,1.50,1.50
2010.01.14 08:15:36.766,1.452,1.4521,5.40,1.20
2010.01.14 08:15:38.829,1.45193,1.45203,2.30,2.50
2010.01.14 08:15:42.196,1.45188,1.45196,1.20,1.70
2010.01.14 08:15:44.684,1.45185,1.45191,2.50,2.30
2010.01.14 08:15:46.959,1.45182,1.45192,28.20,2.10
2010.01.14 08:15:47.295,1.45182,1.45192,1.50,1.70
2010.01.14 08:15:49.447,1.45185,1.45195,2.30,2.50
2010.01.14 08:15:51.517,1.4519,1.452,1.70,1.50
2010.01.14 08:15:53.604,1.45197,1.45208,1.70,1.50
2010.01.14 08:15:55.780,1.452,1.4521,2.90,2.30
2010.01.14 08:16:04.944,1.45201,1.45211,1.10,1.50
2010.01.14 08:16:06.954,1.45195,1.45205,3.40,1.50
2010.01.14 08:16:09.263,1.45186,1.45196,2.80,1.70
2010.01.14 08:16:11.618,1.4518,1.45187,1.50,3.00
2010.01.14 08:16:12.654,1.45169,1.45178,1.30,1.10
2010.01.14 08:16:12.896,1.45159,1.45168,4.20,1.50
2010.01.14 08:16:13.022,1.45156,1.45164,1.10,1.90
2010.01.14 08:16:15.505,1.4516,1.45168,1.50,10.00
2010.01.14 08:16:17.728,1.45167,1.45176,1.50,1.50
2010.01.14 08:16:18.625,1.45175,1.45183,2.70,3.40
2010.01.14 08:16:21.015,1.45182,1.4519,1.50,3.20
2010.01.14 08:16:23.051,1.45188,1.45198,6.00,1.90
2010.01.14 08:16:25.067,1.45196,1.45206,1.50,3.00
2010.01.14 08:16:26.206,1.45205,1.45212,1.50,2.30
2010.01.14 08:16:27.275,1.45215,1.45222,1.50,4.70
2010.01.14 08:16:29.546,1.45225,1.45232,1.50,1.20
2010.01.14 08:16:31.508,1.45226,1.45236,2.30,3.00
2010.01.14 08:16:33.771,1.4522,1.45232,2.80,1.20
2010.01.14 08:16:34.339,1.45214,1.45224,2.50,1.50
2010.01.14 08:16:38.132,1.45207,1.45215,1.50,4.20
2010.01.14 08:16:40.828,1.45201,1.45209,1.50,3.60
2010.01.14 08:16:43.835,1.45197,1.45207,1.20,11.10
2010.01.14 08:16:46.127,1.45194,1.45202,3.20,1.50
2010.01.14 08:16:48.383,1.45193,1.45201,1.50,2.90
2010.01.14 08:16:51.448,1.45191,1.45201,1.50,1.20
2010.01.14 08:16:53.716,1.45191,1.45205,4.40,17.50
2010.01.14 08:16:53.974,1.45194,1.45204,4.70,3.40
2010.01.14 08:16:54.649,1.45198,1.45205,1.50,1.20
2010.01.14 08:16:56.085,1.45201,1.4521,2.30,1.50
2010.01.14 08:16:58.272,1.45204,1.45212,1.50,2.30
2010.01.14 08:17:06.555,1.45207,1.45217,3.60,1.70
2010.01.14 08:17:07.815,1.45209,1.45217,3.80,6.80
2010.01.14 08:17:08.594,1.45212,1.45221,2.70,1.50
2010.01.14 08:17:09.085,1.45218,1.45225,2.30,1.50
2010.01.14 08:17:11.087,1.45223,1.45231,1.50,2.50
2010.01.14 08:17:13.144,1.4523,1.4524,2.30,1.20
2010.01.14 08:17:15.148,1.45236,1.45244,3.40,1.50
2010.01.14 08:17:17.197,1.45237,1.45245,2.50,1.90
2010.01.14 08:17:20.744,1.45231,1.45241,3.60,35.80
2010.01.14 08:17:22.781,1.45224,1.45232,1.50,1.70
2010.01.14 08:17:24.806,1.45216,1.45225,1.50,1.50
2010.01.14 08:17:27.984,1.4521,1.45219,1.50,1.50
2010.01.14 08:17:30.147,1.45206,1.45217,4.50,2.30
2010.01.14 08:17:32.643,1.45204,1.4521,4.70,9.00
2010.01.14 08:17:33.538,1.452,1.4521,2.70,1.50
2010.01.14 08:17:34.746,1.45199,1.45208,3.40,1.50
2010.01.14 08:17:36.864,1.45198,1.45205,1.90,1.70
2010.01.14 08:17:38.954,1.45192,1.45202,1.70,5.10
2010.01.14 08:17:41.124,1.45189,1.45196,1.90,3.40
2010.01.14 08:17:43.547,1.45183,1.45195,1.20,8.70
2010.01.14 08:17:46.325,1.45182,1.45194,7.40,1.50
2010.01.14 08:17:47.338,1.4519,1.45198,2.90,1.50
2010.01.14 08:17:47.633,1.45202,1.45204,1.50,3.40
2010.01.14 08:17:49.726,1.45206,1.45215,1.50,3.40
2010.01.14 08:17:52.208,1.45214,1.45223,2.80,1.20
2010.01.14 08:17:55.185,1.45219,1.45229,2.30,1.50
2010.01.14 08:17:57.519,1.45221,1.45233,2.70,1.50
2010.01.14 08:18:03.989,1.45223,1.45229,1.70,1.50
2010.01.14 08:18:05.998,1.45217,1.45225,1.80,2.70
2010.01.14 08:18:06.564,1.45213,1.4522,1.70,1.50
2010.01.14 08:18:08.018,1.45209,1.45218,2.10,2.30
2010.01.14 08:18:11.546,1.45208,1.45219,2.50,1.50
2010.01.14 08:18:13.666,1.45211,1.45221,2.50,1.50
2010.01.14 08:18:15.719,1.45215,1.45227,2.30,2.50
2010.01.14 08:18:17.114,1.45225,1.45235,1.50,1.50
2010.01.14 08:18:19.699,1.45233,1.45243,1.20,1.90
2010.01.14 08:18:20.370,1.45235,1.45245,1.30,1.50
2010.01.14 08:18:20.493,1.45231,1.45238,1.50,1.50
2010.01.14 08:18:22.762,1.4522,1.45232,1.50,2.50
2010.01.14 08:18:25.107,1.45214,1.45224,1.50,2.30
2010.01.14 08:18:27.576,1.45207,1.45217,2.30,2.90
2010.01.14 08:18:29.606,1.452,1.4521,1.70,3.00
2010.01.14 08:18:32.137,1.45195,1.45205,2.50,3.20
2010.01.14 08:18:34.236,1.45189,1.45199,2.90,1.50
2010.01.14 08:18:36.530,1.45182,1.45191,3.40,9.50
2010.01.14 08:18:38.596,1.45174,1.45184,1.50,1.50
2010.01.14 08:18:40.640,1.45167,1.45177,1.50,1.90
2010.01.14 08:18:43.535,1.45165,1.45173,1.90,3.80
2010.01.14 08:18:45.619,1.4517,1.4518,3.00,7.20
2010.01.14 08:18:47.130,1.45179,1.45187,2.30,1.50
2010.01.14 08:18:47.980,1.45184,1.45194,1.70,4.20
2010.01.14 08:18:50.362,1.45191,1.452,1.50,1.70
2010.01.14 08:18:52.533,1.45193,1.45205,3.40,4.40
2010.01.14 08:18:54.045,1.45198,1.45202,1.50,5.70
2010.01.14 08:18:54.813,1.45198,1.45204,1.50,1.50
2010.01.14 08:18:57.348,1.45196,1.45203,1.60,1.90
2010.01.14 08:19:04.848,1.45192,1.452,1.50,4.40
2010.01.14 08:19:05.036,1.45186,1.45194,1.50,6.00
2010.01.14 08:19:07.087,1.45181,1.45189,3.40,1.50
2010.01.14 08:19:09.414,1.45176,1.45183,1.90,1.50
2010.01.14 08:19:10.212,1.4517,1.45181,1.30,1.50
2010.01.14 08:19:12.501,1.45166,1.45175,1.50,4.00
2010.01.14 08:19:14.501,1.45162,1.4517,1.50,2.10
2010.01.14 08:19:16.671,1.45154,1.45164,3.60,2.50
2010.01.14 08:19:18.999,1.45152,1.4516,1.50,1.20
2010.01.14 08:19:21.088,1.45156,1.45166,1.50,6.60
2010.01.14 08:19:23.152,1.4516,1.4517,1.70,1.50
2010.01.14 08:19:25.271,1.45165,1.45173,2.50,3.00
2010.01.14 08:19:28.148,1.45169,1.45179,28.00,1.70
2010.01.14 08:19:29.538,1.4517,1.45182,3.00,5.10
2010.01.14 08:19:32.278,1.45173,1.45185,2.10,1.20
2010.01.14 08:19:34.279,1.4518,1.45188,3.20,2.30
2010.01.14 08:19:36.319,1.45188,1.45196,1.50,1.10
2010.01.14 08:19:37.259,1.45194,1.45206,1.50,2.50
2010.01.14 08:19:39.019,1.45199,1.45209,4.00,1.50
2010.01.14 08:19:41.288,1.452,1.45208,1.50,4.40
2010.01.14 08:19:43.482,1.45197,1.45205,1.50,1.70
2010.01.14 08:19:45.570,1.45191,1.45201,1.50,1.50
2010.01.14 08:19:47.980,1.4519,1.452,1.50,4.40
2010.01.14 08:19:50.138,1.45189,1.45199,1.30,1.90
2010.01.14 08:19:53.058,1.45187,1.45197,2.30,1.50
2010.01.14 08:19:54.021,1.45188,1.45196,4.40,1.50
2010.01.14 08:19:56.118,1.45186,1.45196,1.50,1.50
2010.01.14 08:19:58.307,1.45184,1.45196,3.80,1.10
2010.01.14 08:20:01.474,1.4519,1.452,2.30,1.70
2010.01.14 08:20:03.667,1.45187,1.45195,4.00,4.20
2010.01.14 08:20:05.152,1.4518,1.45188,1.60,5.10
2010.01.14 08:20:05.301,1.45178,1.45184,3.20,1.50
2010.01.14 08:20:05.615,1.45175,1.45181,1.50,1.50
2010.01.14 08:20:06.410,1.4517,1.45182,1.50,1.20
2010.01.14 08:20:08.854,1.45165,1.45177,1.90,5.30
2010.01.14 08:20:10.894,1.45161,1.4517,1.50,1.50
2010.01.14 08:20:14.147,1.45153,1.45163,4.50,3.20
2010.01.14 08:20:16.329,1.45151,1.45161,4.60,1.50
2010.01.14 08:20:20.276,1.45156,1.45162,1.30,1.50
2010.01.14 08:20:22.667,1.45156,1.45168,3.00,1.50
2010.01.14 08:20:24.672,1.4516,1.45173,1.90,1.50
2010.01.14 08:20:26.855,1.45162,1.45174,1.70,3.00
2010.01.14 08:20:29.315,1.45164,1.45174,6.60,3.40
2010.01.14 08:20:31.453,1.45165,1.45177,2.30,1.70
2010.01.14 08:20:33.764,1.45167,1.45177,1.70,6.00
2010.01.14 08:20:33.918,1.45168,1.45178,2.50,3.00
2010.01.14 08:20:36.630,1.4517,1.45178,3.00,4.50
2010.01.14 08:20:52.098,1.45172,1.45179,2.90,2.90
2010.01.14 08:20:54.285,1.45174,1.45182,2.10,1.20
2010.01.14 08:21:01.233,1.45185,1.45197,1.70,5.30
2010.01.14 08:21:03.513,1.45188,1.45199,3.00,1.20
2010.01.14 08:21:06.834,1.45193,1.45201,1.70,2.30
2010.01.14 08:21:08.565,1.45197,1.45208,4.20,1.50
2010.01.14 08:21:15.175,1.45205,1.45213,1.90,4.50
2010.01.14 08:21:15.779,1.45206,1.45214,10.00,1.50
2010.01.14 08:21:17.947,1.45199,1.45209,3.00,1.50
2010.01.14 08:21:19.967,1.4519,1.452,1.40,2.30
2010.01.14 08:21:23.714,1.4518,1.45187,5.30,1.50
2010.01.14 08:21:26.150,1.45169,1.4518,2.30,5.70
2010.01.14 08:21:29.656,1.45166,1.45174,2.50,3.00
2010.01.14 08:21:33.434,1.45168,1.45178,2.50,2.30
2010.01.14 08:21:37.463,1.45173,1.45183,1.50,9.80
2010.01.14 08:21:39.246,1.45177,1.45187,2.70,1.90
2010.01.14 08:21:45.125,1.45181,1.45191,1.70,1.50
2010.01.14 08:21:47.795,1.45181,1.45191,1.50,4.50
2010.01.14 08:21:49.825,1.45183,1.45193,1.70,1.50
2010.01.14 08:21:52.135,1.45184,1.45195,1.40,2.60
2010.01.14 08:21:53.484,1.45188,1.45194,1.50,1.50
2010.01.14 08:21:53.605,1.45188,1.45194,1.50,3.00
2010.01.14 08:21:55.629,1.45186,1.45194,1.50,1.70
2010.01.14 08:22:03.644,1.45178,1.45185,3.40,3.80
2010.01.14 08:22:06.060,1.45182,1.4519,3.00,1.20
2010.01.14 08:22:08.171,1.45188,1.45194,3.00,2.50
2010.01.14 08:22:10.694,1.45192,1.452,1.50,4.40
2010.01.14 08:22:12.852,1.45198,1.45205,2.30,1.50
2010.01.14 08:22:16.877,1.45199,1.45207,3.60,1.50
2010.01.14 08:22:19.515,1.45193,1.45201,5.30,2.50
2010.01.14 08:22:19.647,1.45186,1.45194,2.70,1.50
2010.01.14 08:22:21.677,1.45179,1.45189,1.50,1.50
2010.01.14 08:22:23.299,1.45177,1.45181,1.70,1.50
2010.01.14 08:22:24.693,1.4517,1.4518,1.50,2.70
2010.01.14 08:22:26.749,1.45164,1.45174,1.30,3.00
2010.01.14 08:22:29.589,1.45159,1.45169,1.40,1.50
2010.01.14 08:22:31.808,1.45151,1.45161,2.70,3.60
2010.01.14 08:22:32.372,1.45146,1.45154,2.30,2.90
2010.01.14 08:22:34.459,1.45142,1.45152,1.50,3.80
2010.01.14 08:22:37.089,1.45146,1.45158,1.50,1.70
2010.01.14 08:22:39.368,1.45155,1.45162,2.30,3.20
2010.01.14 08:22:39.488,1.45159,1.45167,1.70,2.40
2010.01.14 08:22:42.168,1.45163,1.45173,1.40,3.00
2010.01.14 08:22:44.311,1.45164,1.45174,1.50,1.20
2010.01.14 08:22:45.745,1.45165,1.45175,1.70,1.90
2010.01.14 08:22:46.698,1.45165,1.45176,2.10,4.00
2010.01.14 08:22:46.815,1.45164,1.45175,5.90,1.90
2010.01.14 08:22:54.100,1.45164,1.45174,2.30,3.40
2010.01.14 08:22:57.313,1.45166,1.45174,3.00,1.70
2010.01.14 08:23:05.035,1.4515,1.4516,53.90,1.50
2010.01.14 08:23:09.503,1.45142,1.45152,1.90,1.50
2010.01.14 08:23:11.663,1.45132,1.45143,2.30,3.20
2010.01.14 08:23:14.234,1.45121,1.45131,2.50,1.50
2010.01.14 08:23:18.534,1.45111,1.45119,2.40,1.50
2010.01.14 08:23:20.947,1.45108,1.45118,1.90,3.80
2010.01.14 08:23:23.025,1.45118,1.45128,2.90,3.00
2010.01.14 08:23:24.793,1.4513,1.4514,1.50,1.70
2010.01.14 08:23:27.074,1.45146,1.45153,2.90,1.50
2010.01.14 08:23:30.182,1.45157,1.45167,1.40,1.50
2010.01.14 08:23:32.428,1.45164,1.45172,2.50,1.50
2010.01.14 08:23:36.411,1.4516,1.4517,1.50,1.40
2010.01.14 08:23:41.363,1.45155,1.45165,1.70,1.50
2010.01.14 08:23:44.444,1.4515,1.4516,1.50,1.90
2010.01.14 08:23:47.888,1.45145,1.45156,7.50,3.00
2010.01.14 08:23:55.931,1.45145,1.45156,2.70,4.70
2010.01.14 08:23:58.452,1.45144,1.45156,2.40,4.40
2010.01.14 08:24:01.248,1.45141,1.45151,5.30,1.50
2010.01.14 08:24:04.470,1.45138,1.45146,1.50,1.20
2010.01.14 08:24:07.213,1.45133,1.45143,1.70,1.50
2010.01.14 08:24:09.328,1.45127,1.45138,1.50,1.20
2010.01.14 08:24:12.967,1.45122,1.45132,2.30,1.50
2010.01.14 08:24:15.047,1.45114,1.45124,4.00,3.80
2010.01.14 08:24:17.636,1.45106,1.45114,1.50,8.30
2010.01.14 08:24:21.949,1.45097,1.45107,4.90,1.50
2010.01.14 08:24:24.096,1.451,1.45106,1.70,1.50
2010.01.14 08:24:26.787,1.45112,1.4512,1.50,5.70
2010.01.14 08:24:29.439,1.45126,1.45134,2.70,1.90
2010.01.14 08:24:29.880,1.45142,1.45152,3.00,4.00
2010.01.14 08:24:31.958,1.45158,1.45168,3.40,1.50
2010.01.14 08:24:32.678,1.45169,1.45179,1.50,2.10
2010.01.14 08:24:36.040,1.45174,1.45182,1.50,1.50
2010.01.14 08:24:37.767,1.45167,1.45177,1.50,11.70
2010.01.14 08:24:39.726,1.45161,1.45167,1.50,3.60
2010.01.14 08:24:43.746,1.45153,1.45161,6.60,2.30
2010.01.14 08:24:44.480,1.45146,1.45154,1.20,2.70
2010.01.14 08:24:45.887,1.45144,1.45149,1.50,2.50
2010.01.14 08:24:46.637,1.4514,1.4515,1.50,3.00
2010.01.14 08:24:47.596,1.45143,1.45149,1.70,3.00
2010.01.14 08:24:47.881,1.45143,1.45153,6.00,1.90
2010.01.14 08:24:49.817,1.45146,1.45158,1.20,3.00
2010.01.14 08:24:50.164,1.45151,1.45161,4.00,1.70
2010.01.14 08:24:52.887,1.45153,1.45161,1.50,3.20
2010.01.14 08:25:00.855,1.45156,1.45166,1.50,2.50
2010.01.14 08:25:03.305,1.45159,1.45168,2.60,2.10
2010.01.14 08:25:05.326,1.45163,1.45172,1.50,4.40
2010.01.14 08:25:07.202,1.45169,1.45175,1.70,1.90
2010.01.14 08:25:12.335,1.45176,1.45184,4.70,1.50
2010.01.14 08:25:14.689,1.45185,1.45193,3.80,1.70
2010.01.14 08:25:16.766,1.45192,1.45202,2.10,1.90
2010.01.14 08:25:19.606,1.45193,1.45203,1.50,1.20
2010.01.14 08:25:22.756,1.45184,1.45194,3.00,1.90
2010.01.14 08:25:24.795,1.45171,1.45181,3.40,1.50
2010.01.14 08:25:27.096,1.45155,1.45169,1.90,5.30
2010.01.14 08:25:29.297,1.45143,1.45153,1.20,1.50
2010.01.14 08:25:30.824,1.45127,1.45139,3.40,1.50
2010.01.14 08:25:31.167,1.45115,1.45122,4.50,26.00
2010.01.14 08:25:33.848,1.45106,1.45118,1.70,3.00
2010.01.14 08:25:35.915,1.45114,1.45124,1.50,1.70
2010.01.14 08:25:38.458,1.45122,1.45132,2.50,1.50
2010.01.14 08:25:40.610,1.45134,1.45141,2.30,1.50
2010.01.14 08:25:42.695,1.45143,1.45151,3.00,4.40
2010.01.14 08:25:43.700,1.45151,1.45157,1.70,3.00
2010.01.14 08:25:45.158,1.45156,1.45166,4.40,17.50
2010.01.14 08:25:47.015,1.45162,1.45175,1.20,1.20
2010.01.14 08:25:49.865,1.45172,1.45181,1.50,2.90
2010.01.14 08:25:52.167,1.45181,1.45187,1.50,3.20
2010.01.14 08:25:54.375,1.45187,1.45197,2.70,4.70
2010.01.14 08:25:56.668,1.45192,1.452,1.50,1.20
2010.01.14 08:26:00.606,1.45191,1.45199,1.70,1.50
2010.01.14 08:26:02.896,1.45197,1.45205,1.50,3.40
2010.01.14 08:26:06.196,1.45206,1.45213,2.50,14.10
2010.01.14 08:26:07.120,1.45215,1.45224,1.90,3.80
2010.01.14 08:26:11.185,1.45224,1.45235,3.60,1.50
2010.01.14 08:26:13.195,1.45234,1.45244,3.40,1.50
2010.01.14 08:26:15.345,1.45239,1.45245,2.90,2.30
2010.01.14 08:26:16.517,1.4523,1.45242,1.50,1.50
2010.01.14 08:26:19.297,1.45225,1.45232,4.40,1.50
2010.01.14 08:26:22.527,1.45217,1.45225,1.50,4.00
2010.01.14 08:26:23.161,1.45207,1.45217,1.50,3.60
2010.01.14 08:26:29.173,1.45198,1.45206,2.30,1.50
2010.01.14 08:26:35.405,1.45188,1.45196,1.10,16.20
2010.01.14 08:26:39.224,1.45179,1.45186,4.90,1.50
2010.01.14 08:26:41.518,1.45176,1.45183,1.50,1.40
2010.01.14 08:26:41.643,1.45177,1.45187,3.00,1.50
2010.01.14 08:26:42.789,1.45187,1.45191,1.50,1.70
2010.01.14 08:26:43.523,1.45189,1.45199,1.30,3.00
2010.01.14 08:26:45.676,1.45193,1.45203,1.90,1.50
2010.01.14 08:26:48.744,1.45195,1.45205,1.50,1.70
2010.01.14 08:26:50.670,1.45198,1.45203,2.30,1.50
2010.01.14 08:26:52.819,1.45197,1.45207,2.70,1.50
2010.01.14 08:26:54.856,1.45195,1.45205,4.90,1.50
2010.01.14 08:27:01.405,1.45197,1.45205,2.10,3.00
2010.01.14 08:27:04.080,1.45197,1.45207,3.40,1.50
2010.01.14 08:27:06.361,1.45199,1.4521,2.30,1.50
2010.01.14 08:27:08.424,1.45203,1.45211,2.10,3.60
2010.01.14 08:27:10.463,1.45206,1.45217,1.50,2.90
2010.01.14 08:27:12.484,1.45213,1.45217,1.90,8.50
2010.01.14 08:27:14.590,1.45209,1.45219,1.50,3.80
2010.01.14 08:27:18.114,1.45203,1.45211,2.30,1.80
2010.01.14 08:27:20.621,1.45193,1.45203,1.70,1.50
2010.01.14 08:27:20.976,1.45182,1.45192,1.50,4.50
2010.01.14 08:27:21.236,1.45176,1.45182,2.80,2.80
2010.01.14 08:27:23.411,1.45163,1.45177,3.00,1.70
2010.01.14 08:27:26.814,1.45151,1.45167,4.40,1.90
2010.01.14 08:27:29.802,1.45147,1.45157,1.50,1.20
2010.01.14 08:27:31.873,1.45147,1.45154,4.70,1.50
2010.01.14 08:27:33.933,1.45151,1.45161,3.80,1.50
2010.01.14 08:27:36.071,1.45159,1.45169,1.10,2.30
2010.01.14 08:27:38.103,1.45167,1.45177,1.50,2.50
2010.01.14 08:27:46.327,1.45171,1.45183,1.20,4.50
2010.01.14 08:27:48.421,1.45176,1.45184,5.50,1.50
2010.01.14 08:27:49.092,1.45178,1.45188,1.50,1.90
2010.01.14 08:27:49.213,1.45182,1.45187,1.40,2.60
2010.01.14 08:27:52.461,1.45181,1.4519,8.30,1.50
2010.01.14 08:27:54.538,1.45182,1.45192,1.70,3.00
2010.01.14 08:27:55.048,1.45185,1.45193,3.20,1.50
2010.01.14 08:27:56.674,1.45184,1.45194,6.00,2.50
2010.01.14 08:28:01.631,1.45177,1.45187,1.70,1.50
2010.01.14 08:28:03.297,1.4518,1.45186,1.70,1.50
2010.01.14 08:28:07.167,1.45181,1.45187,1.50,2.50
2010.01.14 08:28:07.764,1.45181,1.45187,1.70,4.30
2010.01.14 08:28:09.626,1.45178,1.45187,1.70,4.20
2010.01.14 08:28:11.630,1.45174,1.45186,1.70,1.50
2010.01.14 08:28:13.996,1.45167,1.45181,2.30,2.30
2010.01.14 08:28:16.084,1.45163,1.45173,1.50,1.70
2010.01.14 08:28:18.579,1.45163,1.45171,2.50,1.90
2010.01.14 08:28:20.799,1.45165,1.45175,4.90,6.00
2010.01.14 08:28:22.967,1.4517,1.45178,5.10,1.50
2010.01.14 08:28:25.138,1.45173,1.45181,1.70,3.00
2010.01.14 08:28:25.693,1.45178,1.45185,2.50,3.00
2010.01.14 08:28:26.651,1.45179,1.45187,1.50,5.30
2010.01.14 08:28:28.743,1.4518,1.45189,1.50,2.30
2010.01.14 08:28:30.857,1.45183,1.45191,3.60,1.70
2010.01.14 08:28:31.435,1.45186,1.45196,3.50,6.40
2010.01.14 08:28:32.429,1.4519,1.45195,1.20,24.30
2010.01.14 08:28:32.714,1.45192,1.45201,1.90,1.50
2010.01.14 08:28:34.027,1.45195,1.45207,1.20,3.00
2010.01.14 08:28:34.820,1.45202,1.45208,2.30,1.90
2010.01.14 08:28:36.918,1.45209,1.45215,1.50,2.50
2010.01.14 08:28:37.032,1.4521,1.45216,4.40,1.50
2010.01.14 08:28:39.051,1.45201,1.45213,1.50,3.60
2010.01.14 08:28:41.172,1.45197,1.45207,1.50,1.40
2010.01.14 08:28:43.320,1.45192,1.45202,1.20,1.70
2010.01.14 08:28:44.046,1.45191,1.45197,1.50,4.40
2010.01.14 08:28:46.070,1.45187,1.45198,4.20,2.30
2010.01.14 08:28:46.516,1.45188,1.45198,1.50,8.30
2010.01.14 08:28:48.631,1.4519,1.45199,1.50,1.70
2010.01.14 08:28:50.694,1.4519,1.45202,1.50,1.20
2010.01.14 08:28:53.518,1.45194,1.452,1.20,5.30
2010.01.14 08:28:53.859,1.45196,1.45201,4.50,1.40
2010.01.14 08:28:55.870,1.45195,1.45205,1.20,3.00
2010.01.14 08:29:06.539,1.45196,1.45204,3.00,2.50
2010.01.14 08:29:08.677,1.45197,1.45202,5.70,1.50
2010.01.14 08:29:10.758,1.45193,1.45201,1.50,4.50
2010.01.14 08:29:12.956,1.45194,1.45197,1.50,2.50
2010.01.14 08:29:14.803,1.45187,1.45195,2.90,3.00
2010.01.14 08:29:16.013,1.45183,1.45188,1.50,4.20
2010.01.14 08:29:19.595,1.45174,1.45181,3.00,4.50
2010.01.14 08:29:21.625,1.45164,1.45174,1.40,2.30
2010.01.14 08:29:24.098,1.45156,1.45166,2.10,1.50
2010.01.14 08:29:26.459,1.45156,1.45166,1.50,1.40
2010.01.14 08:29:29.780,1.45164,1.45175,4.50,2.50
2010.01.14 08:29:32.829,1.45175,1.45186,2.70,1.90
2010.01.14 08:29:36.487,1.45188,1.45199,1.40,5.30
2010.01.14 08:29:40.279,1.45202,1.45212,1.50,2.50
2010.01.14 08:29:42.331,1.45218,1.45226,15.50,4.50
2010.01.14 08:29:43.251,1.4523,1.45237,3.60,1.50
2010.01.14 08:29:44.521,1.45233,1.45239,1.20,7.20
2010.01.14 08:29:45.772,1.45225,1.45231,1.50,1.50
2010.01.14 08:29:48.508,1.45215,1.45223,1.50,1.70
2010.01.14 08:29:50.178,1.45206,1.45214,1.50,4.40
2010.01.14 08:29:50.711,1.452,1.45206,1.50,2.70
2010.01.14 08:29:51.070,1.45197,1.45205,2.10,1.50
2010.01.14 08:29:51.969,1.45197,1.45205,1.90,1.50
2010.01.14 08:29:52.438,1.45204,1.45208,9.00,1.50
2010.01.14 08:29:53.517,1.4521,1.45215,1.40,1.50
2010.01.14 08:29:53.757,1.45216,1.45225,2.30,1.50
2010.01.14 08:29:55.804,1.45221,1.45229,4.50,7.00
2010.01.14 08:30:07.188,1.45235,1.45243,1.30,1.50
2010.01.14 08:30:07.675,1.45235,1.4524,5.10,1.90
2010.01.14 08:30:07.820,1.4523,1.45241,3.00,1.90
2010.01.14 08:30:10.752,1.45229,1.45237,6.50,1.20
2010.01.14 08:30:13.643,1.45224,1.45231,2.30,3.00
2010.01.14 08:30:15.644,1.4522,1.45226,1.50,1.20
2010.01.14 08:30:17.719,1.45212,1.45218,2.30,2.10
2010.01.14 08:30:18.793,1.45203,1.45209,1.50,1.70
2010.01.14 08:30:18.898,1.45196,1.45204,2.30,5.10
2010.01.14 08:30:19.265,1.45199,1.45201,7.40,1.50
2010.01.14 08:30:20.973,1.45205,1.45211,4.70,1.20
2010.01.14 08:30:24.007,1.45214,1.45222,1.50,2.50
2010.01.14 08:30:26.028,1.45224,1.45231,1.70,17.10
2010.01.14 08:30:28.032,1.45231,1.45241,1.90,4.50
2010.01.14 08:30:30.606,1.45238,1.45247,1.50,1.50
2010.01.14 08:30:32.705,1.45247,1.45254,1.70,4.40
2010.01.14 08:30:34.889,1.45254,1.45259,1.70,9.80
2010.01.14 08:30:37.166,1.45258,1.45263,1.20,24.30
2010.01.14 08:30:39.408,1.45261,1.45269,9.00,1.50
2010.01.14 08:30:39.764,1.45265,1.45277,2.90,2.30
2010.01.14 08:30:42.189,1.45269,1.45279,3.40,1.50
2010.01.14 08:30:44.397,1.45264,1.45274,1.90,1.50
2010.01.14 08:30:48.622,1.45258,1.45266,4.50,5.30
2010.01.14 08:30:50.789,1.45254,1.4526,4.20,3.40
2010.01.14 08:30:53.349,1.4525,1.45257,3.80,1.50
2010.01.14 08:30:53.904,1.45247,1.45251,5.10,1.50
2010.01.14 08:30:55.616,1.45242,1.45246,1.70,1.50
2010.01.14 08:30:57.277,1.45241,1.45245,4.20,2.70
2010.01.14 08:30:57.763,1.45239,1.45243,1.40,1.50
2010.01.14 08:31:04.365,1.45229,1.45237,1.40,1.50
2010.01.14 08:31:04.491,1.45232,1.45241,3.60,3.20
2010.01.14 08:31:06.670,1.45238,1.45246,2.30,1.50
2010.01.14 08:31:06.904,1.45243,1.45251,4.50,8.10
2010.01.14 08:31:10.837,1.4525,1.4526,1.50,1.50
2010.01.14 08:31:13.006,1.45257,1.45265,3.80,1.50
2010.01.14 08:31:19.514,1.4526,1.45264,1.50,2.70
2010.01.14 08:31:21.609,1.45251,1.45258,2.10,2.30
2010.01.14 08:31:21.736,1.45241,1.45247,1.70,1.50
2010.01.14 08:31:24.682,1.4523,1.45238,1.70,4.20
2010.01.14 08:31:27.551,1.45219,1.45229,1.40,1.50
2010.01.14 08:31:29.892,1.45215,1.45222,1.90,1.50
2010.01.14 08:31:32.572,1.45216,1.45226,2.30,5.70
2010.01.14 08:31:36.323,1.45221,1.4523,2.50,2.40
2010.01.14 08:31:40.780,1.45227,1.45234,1.50,2.70
2010.01.14 08:31:41.570,1.45228,1.45242,3.00,1.90
2010.01.14 08:31:48.784,1.45234,1.45242,5.40,1.20
2010.01.14 08:31:50.389,1.45236,1.45243,1.50,2.50
2010.01.14 08:31:53.904,1.45237,1.45245,1.50,3.80
2010.01.14 08:31:56.063,1.45237,1.45245,5.10,1.50
2010.01.14 08:31:56.162,1.45234,1.45246,1.70,2.30
2010.01.14 08:32:01.895,1.45225,1.45233,2.50,1.90
2010.01.14 08:32:07.215,1.45222,1.45231,2.30,1.70
2010.01.14 08:32:09.570,1.45217,1.45227,1.90,1.70
2010.01.14 08:32:11.847,1.45212,1.45222,3.40,3.40
2010.01.14 08:32:13.925,1.45206,1.45213,3.40,1.50
2010.01.14 08:32:16.481,1.45197,1.45207,4.90,1.50
2010.01.14 08:32:18.672,1.45186,1.45198,3.00,1.70
2010.01.14 08:32:22.081,1.45188,1.45194,4.50,1.50
2010.01.14 08:32:24.270,1.45193,1.45201,3.00,2.90
2010.01.14 08:32:26.311,1.45203,1.45213,1.40,1.50
2010.01.14 08:32:28.560,1.45215,1.45223,5.90,3.50
2010.01.14 08:32:29.151,1.45228,1.45238,1.30,1.50
2010.01.14 08:32:33.995,1.45241,1.4525,1.70,1.50
2010.01.14 08:32:36.253,1.45246,1.45256,3.00,1.70
2010.01.14 08:32:38.490,1.45244,1.45252,1.90,2.30
2010.01.14 08:32:39.481,1.4524,1.45246,5.30,2.50
2010.01.14 08:32:39.592,1.45233,1.45243,1.50,1.70
2010.01.14 08:32:41.921,1.45228,1.45238,2.50,4.50
2010.01.14 08:32:44.452,1.45223,1.45235,3.40,3.40
2010.01.14 08:32:47.723,1.45223,1.45234,1.50,3.40
2010.01.14 08:32:50.591,1.45224,1.45231,2.40,1.50
2010.01.14 08:32:51.763,1.45223,1.45231,3.40,1.50
2010.01.14 08:32:53.749,1.45223,1.45234,3.00,1.50
2010.01.14 08:32:56.492,1.45225,1.45235,1.50,3.00
2010.01.14 08:33:01.353,1.45218,1.45226,4.60,1.50
2010.01.14 08:33:04.532,1.45219,1.45228,1.50,4.50
2010.01.14 08:33:06.821,1.45218,1.45228,1.50,1.70
2010.01.14 08:33:09.075,1.45217,1.45227,3.00,2.70
2010.01.14 08:33:11.050,1.45212,1.45223,3.40,1.50
2010.01.14 08:33:13.254,1.45204,1.45216,1.90,1.50
2010.01.14 08:33:15.134,1.45197,1.45205,2.90,1.50
2010.01.14 08:33:17.152,1.45187,1.45197,1.50,2.30
2010.01.14 08:33:21.729,1.45188,1.45194,1.20,1.20
2010.01.14 08:33:23.761,1.45195,1.45205,1.50,3.60
2010.01.14 08:33:25.872,1.45205,1.45217,1.20,1.20
2010.01.14 08:33:28.291,1.45217,1.45227,4.50,26.00
2010.01.14 08:33:30.606,1.45229,1.45235,1.50,1.20
2010.01.14 08:33:34.680,1.45239,1.45245,1.70,1.50
2010.01.14 08:33:37.781,1.45251,1.45259,1.50,3.20
2010.01.14 08:33:38.763,1.45256,1.45264,3.40,1.50
2010.01.14 08:33:39.883,1.45252,1.4526,2.30,1.90
2010.01.14 08:33:40.842,1.45245,1.45253,1.50,4.00
2010.01.14 08:33:41.392,1.45238,1.45248,1.50,1.70
2010.01.14 08:33:43.472,1.45234,1.45244,1.50,6.60
2010.01.14 08:33:50.903,1.45231,1.45239,6.20,3.80
2010.01.14 08:33:52.920,1.4523,1.45239,1.50,2.50
2010.01.14 08:33:55.056,1.45231,1.45237,2.30,5.80
2010.01.14 08:33:56.171,1.45232,1.45241,3.20,1.50
2010.01.14 08:33:56.412,1.45234,1.45242,3.00,3.60
2010.01.14 08:33:56.539,1.45236,1.4524,1.90,6.60
2010.01.14 08:34:00.654,1.45227,1.45235,13.60,3.80
2010.01.14 08:34:00.776,1.4523,1.45237,3.20,1.90
2010.01.14 08:34:03.125,1.45232,1.45241,5.50,1.50
2010.01.14 08:34:04.393,1.4524,1.45244,3.60,7.90
2010.01.14 08:34:06.407,1.45246,1.45255,1.70,1.50
2010.01.14 08:34:06.858,1.45258,1.4526,5.30,1.50
2010.01.14 08:34:08.482,1.45257,1.45267,2.30,1.90
2010.01.14 08:34:10.651,1.45254,1.45262,1.70,1.90
2010.01.14 08:34:12.700,1.45247,1.45257,1.50,1.90
2010.01.14 08:34:14.572,1.45246,1.4525,1.90,1.50
2010.01.14 08:34:15.975,1.45238,1.45248,1.50,2.30
2010.01.14 08:34:16.601,1.45236,1.45246,1.50,2.30
2010.01.14 08:34:18.668,1.45231,1.4524,6.40,1.50
2010.01.14 08:34:21.365,1.45226,1.45236,1.90,3.40
2010.01.14 08:34:23.801,1.45221,1.4523,1.50,1.50
2010.01.14 08:34:26.264,1.45212,1.45222,1.50,2.50
2010.01.14 08:34:28.738,1.45205,1.45217,1.50,4.00
2010.01.14 08:34:30.743,1.45206,1.4521,3.00,2.50
2010.01.14 08:34:32.780,1.45206,1.45214,3.00,4.00
2010.01.14 08:34:37.024,1.45208,1.4522,1.50,6.00
2010.01.14 08:34:39.087,1.45214,1.45224,2.10,3.80
2010.01.14 08:34:41.163,1.4522,1.45227,1.90,2.00
2010.01.14 08:34:43.260,1.45222,1.45232,1.50,1.70
2010.01.14 08:34:45.484,1.45225,1.45232,1.50,1.40
2010.01.14 08:34:48.154,1.45225,1.45234,3.20,1.50
2010.01.14 08:34:50.343,1.45227,1.45234,4.90,1.50
2010.01.14 08:34:52.492,1.45227,1.45237,3.00,1.50
2010.01.14 08:34:53.644,1.45228,1.45234,2.30,1.70
2010.01.14 08:34:55.979,1.45226,1.45234,2.30,1.40
2010.01.14 08:35:05.681,1.45223,1.45235,2.30,5.70
2010.01.14 08:35:07.840,1.45222,1.45231,1.50,3.20
2010.01.14 08:35:09.848,1.45221,1.4523,10.00,1.50
2010.01.14 08:35:10.221,1.45217,1.45226,1.70,1.50
2010.01.14 08:35:13.806,1.45212,1.45222,3.00,5.10
2010.01.14 08:35:16.333,1.45204,1.45214,1.90,2.30
2010.01.14 08:35:18.533,1.45195,1.45205,1.50,2.70
2010.01.14 08:35:20.907,1.45189,1.45195,1.50,3.40
2010.01.14 08:35:21.258,1.45184,1.45196,1.50,2.90
2010.01.14 08:35:23.299,1.45192,1.45202,1.20,3.00
2010.01.14 08:35:26.737,1.45201,1.45209,8.90,1.50
2010.01.14 08:35:28.832,1.45209,1.45219,1.50,1.50
2010.01.14 08:35:29.197,1.45216,1.45226,1.70,4.30
2010.01.14 08:35:30.897,1.45221,1.45234,1.70,12.60
2010.01.14 08:35:32.949,1.4523,1.45239,2.80,2.90
2010.01.14 08:35:34.962,1.45236,1.45243,3.00,1.50
2010.01.14 08:35:37.036,1.45241,1.45248,1.50,3.60
2010.01.14 08:35:39.095,1.45247,1.45255,1.20,1.90
2010.01.14 08:35:41.147,1.45247,1.45257,2.50,21.80
2010.01.14 08:35:43.699,1.4524,1.45248,1.50,2.70
2010.01.14 08:35:45.830,1.45233,1.45239,2.70,1.50
2010.01.14 08:35:48.106,1.45225,1.45235,3.60,1.50
2010.01.14 08:35:48.907,1.45222,1.45228,2.30,1.70
2010.01.14 08:35:49.257,1.45215,1.45226,1.50,1.70
2010.01.14 08:35:51.263,1.45215,1.45224,1.50,2.90
2010.01.14 08:35:53.929,1.45214,1.45223,1.70,1.50
2010.01.14 08:35:54.291,1.45214,1.45222,1.50,3.40
2010.01.14 08:35:56.440,1.45214,1.45224,22.20,1.40
2010.01.14 08:35:58.645,1.45215,1.45225,3.40,1.50
2010.01.14 08:36:02.194,1.45203,1.45213,2.70,1.50
2010.01.14 08:36:04.505,1.45204,1.4521,9.60,3.80
2010.01.14 08:36:04.643,1.452,1.4521,1.50,2.70
2010.01.14 08:36:06.904,1.45199,1.45208,7.40,1.50
2010.01.14 08:36:08.906,1.45198,1.45206,4.50,1.50
2010.01.14 08:36:10.796,1.45195,1.45203,2.70,1.70
2010.01.14 08:36:10.966,1.45192,1.45196,1.50,3.00
2010.01.14 08:36:13.097,1.45184,1.45192,1.50,2.10
2010.01.14 08:36:19.153,1.45176,1.45186,6.60,3.40
2010.01.14 08:36:21.621,1.45168,1.45176,4.20,1.50
2010.01.14 08:36:23.533,1.45167,1.45175,5.90,1.90
2010.01.14 08:36:25.557,1.45178,1.45182,2.30,1.90
2010.01.14 08:36:25.680,1.45189,1.45197,6.60,1.50
2010.01.14 08:36:27.682,1.45204,1.4521,1.50,1.50
2010.01.14 08:36:27.778,1.45214,1.45224,1.10,1.50
2010.01.14 08:36:28.750,1.45224,1.45232,2.10,1.70
2010.01.14 08:36:31.991,1.45227,1.45235,2.80,2.90
2010.01.14 08:36:34.301,1.45221,1.45233,1.20,2.50
2010.01.14 08:36:34.884,1.45217,1.45225,1.50,1.20
2010.01.14 08:36:38.945,1.45209,1.45217,2.80,2.30
2010.01.14 08:36:40.980,1.45206,1.4521,1.70,3.00
2010.01.14 08:36:44.135,1.45201,1.45207,2.10,1.50
2010.01.14 08:36:46.753,1.45197,1.45202,1.50,2.90
2010.01.14 08:36:49.144,1.45188,1.45198,1.50,3.60
2010.01.14 08:36:52.514,1.45182,1.45189,1.50,4.00
2010.01.14 08:36:54.872,1.45173,1.45182,2.90,1.50
2010.01.14 08:36:57.074,1.45169,1.45179,1.50,1.70
2010.01.14 08:37:02.804,1.45196,1.45208,1.70,2.50
2010.01.14 08:37:03.418,1.45199,1.45209,2.70,1.50
2010.01.14 08:37:04.397,1.45205,1.45214,1.90,2.30
2010.01.14 08:37:06.496,1.45211,1.4522,3.20,3.20
2010.01.14 08:37:07.632,1.45218,1.45224,1.40,1.50
2010.01.14 08:37:09.727,1.45218,1.45228,1.50,1.50
2010.01.14 08:37:10.326,1.45217,1.45221,2.50,2.30
2010.01.14 08:37:11.922,1.4521,1.4522,3.20,1.50
2010.01.14 08:37:13.273,1.45207,1.45215,1.50,2.90
2010.01.14 08:37:15.385,1.45201,1.45213,3.00,1.90
2010.01.14 08:37:19.220,1.45196,1.45208,1.50,3.40
2010.01.14 08:37:21.259,1.45192,1.45198,2.80,1.50
2010.01.14 08:37:24.298,1.45183,1.45192,2.50,1.50
2010.01.14 08:37:26.395,1.45175,1.45185,2.50,1.50
2010.01.14 08:37:28.337,1.45174,1.45181,1.20,1.70
2010.01.14 08:37:28.878,1.45178,1.45184,4.50,2.30
2010.01.14 08:37:30.975,1.45183,1.45189,3.00,4.50
2010.01.14 08:37:33.310,1.45184,1.45194,1.50,3.20
2010.01.14 08:37:41.454,1.45188,1.45198,2.30,5.70
2010.01.14 08:37:45.587,1.4519,1.45197,1.50,2.70
2010.01.14 08:37:51.043,1.45188,1.45196,3.60,4.90
2010.01.14 08:37:51.396,1.45183,1.45194,2.80,1.50
2010.01.14 08:37:53.436,1.45181,1.45189,5.30,3.40
2010.01.14 08:37:55.588,1.45179,1.45187,2.50,21.80
2010.01.14 08:38:05.414,1.45181,1.45191,6.60,3.40
2010.01.14 08:38:08.586,1.45177,1.45185,1.50,1.20
2010.01.14 08:38:09.149,1.45172,1.45181,2.70,1.50
2010.01.14 08:38:09.206,1.45169,1.45179,7.10,5.30
2010.01.14 08:38:11.340,1.45168,1.45177,1.80,1.50
2010.01.14 08:38:15.927,1.4517,1.45181,2.10,1.50
2010.01.14 08:38:17.968,1.45177,1.45185,3.40,1.50
2010.01.14 08:38:20.045,1.45185,1.45194,4.40,1.50
2010.01.14 08:38:20.817,1.45196,1.45202,1.70,1.50
2010.01.14 08:38:21.260,1.45195,1.45205,6.40,1.50
2010.01.14 08:38:24.204,1.45192,1.45198,2.80,3.40
2010.01.14 08:38:24.320,1.45181,1.45191,1.70,4.20
2010.01.14 08:38:26.560,1.45171,1.45181,1.50,3.20
2010.01.14 08:38:28.577,1.4516,1.45172,13.50,1.40
2010.01.14 08:38:28.804,1.45151,1.45164,1.50,3.20
2010.01.14 08:38:30.854,1.45141,1.45152,2.30,1.50
2010.01.14 08:38:32.040,1.45132,1.45139,3.00,2.50
2010.01.14 08:38:34.084,1.45121,1.45129,1.50,2.90
2010.01.14 08:38:35.115,1.45113,1.45117,1.50,5.10
2010.01.14 08:38:37.139,1.45106,1.45116,2.10,1.50
2010.01.14 08:38:39.805,1.45113,1.45121,2.50,1.50
2010.01.14 08:38:42.400,1.45121,1.45131,1.50,3.40
2010.01.14 08:38:44.506,1.45128,1.4514,2.70,2.90
2010.01.14 08:38:48.355,1.45136,1.45142,2.50,4.70
2010.01.14 08:38:50.676,1.45137,1.45145,1.50,4.70
2010.01.14 08:38:52.713,1.45137,1.45144,1.50,1.70
2010.01.14 08:38:54.945,1.45133,1.45145,3.80,1.40
2010.01.14 08:38:56.956,1.45132,1.45138,5.10,2.90
2010.01.14 08:38:59.795,1.45129,1.45137,1.70,3.00
2010.01.14 08:39:02.993,1.45155,1.45165,1.40,2.60
2010.01.14 08:39:06.339,1.45154,1.45163,1.70,1.50
2010.01.14 08:39:08.638,1.45153,1.45161,53.90,1.50
2010.01.14 08:39:11.121,1.45149,1.45154,2.30,5.50
2010.01.14 08:39:19.130,1.45141,1.45151,1.50,1.50
2010.01.14 08:39:21.134,1.45135,1.45147,5.10,1.50
2010.01.14 08:39:22.876,1.45139,1.45146,1.50,2.50
2010.01.14 08:39:25.174,1.4515,1.45159,1.50,1.50
2010.01.14 08:39:28.882,1.45165,1.45173,1.90,2.90
2010.01.14 08:39:31.124,1.45179,1.45189,1.50,4.90
2010.01.14 08:39:34.718,1.45184,1.45194,3.30,1.70
2010.01.14 08:39:36.820,1.45181,1.45189,1.50,8.50
2010.01.14 08:39:39.300,1.45173,1.45183,1.50,9.80
2010.01.14 08:39:42.919,1.45166,1.45176,2.30,1.50
2010.01.14 08:39:45.491,1.45161,1.45169,1.40,1.50
2010.01.14 08:39:48.023,1.45157,1.45167,1.50,1.50
2010.01.14 08:39:50.225,1.45155,1.45165,1.70,1.50
2010.01.14 08:39:52.320,1.45155,1.45165,2.30,2.50
2010.01.14 08:39:52.971,1.45159,1.45164,1.50,1.50
2010.01.14 08:39:55.219,1.45162,1.45168,1.50,1.50
2010.01.14 08:39:58.009,1.45164,1.45172,1.50,1.90
2010.01.14 08:40:01.689,1.45166,1.45176,1.50,1.50
2010.01.14 08:40:04.246,1.45168,1.45179,1.50,4.40
2010.01.14 08:40:04.371,1.45173,1.45183,4.50,7.90
2010.01.14 08:40:06.612,1.45178,1.45188,3.00,2.50
2010.01.14 08:40:09.063,1.45186,1.45197,1.50,2.50
2010.01.14 08:40:10.194,1.45196,1.452,3.80,3.60
2010.01.14 08:40:10.442,1.45197,1.45203,2.10,1.40
2010.01.14 08:40:15.363,1.45192,1.45196,4.50,3.20
2010.01.14 08:40:22.992,1.4518,1.4519,6.00,2.50
2010.01.14 08:40:25.051,1.4517,1.4518,1.50,3.00
2010.01.14 08:40:27.242,1.45159,1.45169,2.30,2.30
2010.01.14 08:40:28.395,1.45149,1.45159,1.40,1.50
2010.01.14 08:40:30.483,1.45139,1.45148,3.40,1.50
2010.01.14 08:40:32.731,1.4513,1.45138,1.50,1.70
2010.01.14 08:40:37.533,1.45123,1.45135,4.90,1.40
2010.01.14 08:40:40.183,1.45128,1.45136,11.30,1.50
2010.01.14 08:40:42.925,1.45134,1.45142,1.50,3.80
2010.01.14 08:40:45.695,1.4514,1.4515,1.70,1.90
2010.01.14 08:40:48.790,1.45147,1.45156,3.30,1.70
2010.01.14 08:40:50.804,1.45152,1.45162,2.30,2.70
2010.01.14 08:40:51.032,1.4516,1.4517,2.50,1.50
2010.01.14 08:40:55.253,1.45168,1.45177,1.20,2.50
2010.01.14 08:40:56.750,1.45174,1.45178,1.50,4.40
2010.01.14 08:41:05.464,1.45192,1.45202,1.50,2.10
2010.01.14 08:41:07.494,1.45188,1.45199,4.20,1.50
2010.01.14 08:41:10.106,1.45186,1.45192,8.30,1.90
2010.01.14 08:41:10.336,1.45179,1.45189,6.00,1.90
2010.01.14 08:41:10.745,1.45175,1.45179,5.50,1.50
2010.01.14 08:41:12.732,1.45164,1.45174,1.50,1.70
2010.01.14 08:41:16.095,1.45155,1.45165,1.90,1.70
2010.01.14 08:41:18.245,1.45147,1.45155,1.20,8.70
2010.01.14 08:41:22.701,1.45144,1.45152,1.40,4.20
2010.01.14 08:41:24.960,1.45149,1.45155,1.70,1.20
2010.01.14 08:41:27.954,1.45155,1.45163,1.50,1.70
2010.01.14 08:41:31.464,1.45162,1.45172,4.10,1.70
2010.01.14 08:41:34.213,1.4517,1.4518,1.90,2.30
2010.01.14 08:41:35.094,1.45182,1.4519,1.50,1.50
2010.01.14 08:41:37.351,1.45191,1.45201,1.50,1.50
2010.01.14 08:41:42.729,1.452,1.4521,1.20,1.50
2010.01.14 08:41:43.135,1.45208,1.45214,1.50,1.70
2010.01.14 08:41:43.257,1.45205,1.45213,4.50,2.30
2010.01.14 08:41:44.684,1.45202,1.45209,6.60,3.80
2010.01.14 08:41:44.930,1.45197,1.45204,1.50,1.50
2010.01.14 08:41:47.133,1.45191,1.45203,1.50,1.90
2010.01.14 08:41:49.648,1.45192,1.452,1.50,1.50
2010.01.14 08:41:50.034,1.45192,1.45197,1.40,1.80
2010.01.14 08:41:50.163,1.4519,1.45196,1.70,1.90
2010.01.14 08:41:50.506,1.45187,1.45195,4.20,1.50
2010.01.14 08:41:52.773,1.45186,1.45198,1.50,3.60
2010.01.14 08:41:55.055,1.45189,1.45199,3.40,1.50
2010.01.14 08:41:55.296,1.45192,1.452,2.10,1.50
2010.01.14 08:41:56.414,1.45198,1.45202,1.50,2.50
2010.01.14 08:41:58.859,1.45198,1.45211,1.50,1.70
2010.01.14 08:41:59.449,1.45201,1.45213,2.30,2.50
2010.01.14 08:42:04.929,1.45199,1.45211,1.50,3.20
2010.01.14 08:42:05.118,1.45194,1.45202,1.50,1.50
2010.01.14 08:42:05.848,1.45186,1.45196,2.30,5.10
2010.01.14 08:42:07.225,1.45178,1.45188,1.30,1.50
2010.01.14 08:42:07.943,1.45167,1.45178,3.60,2.70
2010.01.14 08:42:10.047,1.45156,1.45166,2.30,1.50
2010.01.14 08:42:12.844,1.45148,1.45158,3.00,3.40
2010.01.14 08:42:15.527,1.45146,1.45156,1.50,3.40
2010.01.14 08:42:16.539,1.45152,1.45162,2.30,1.50
2010.01.14 08:42:18.590,1.45163,1.4517,1.70,3.00
2010.01.14 08:42:20.704,1.4517,1.45176,4.40,1.50
2010.01.14 08:42:21.056,1.45177,1.45185,4.50,5.30
2010.01.14 08:42:23.243,1.4518,1.45192,4.30,2.30
2010.01.14 08:42:25.266,1.45185,1.45195,3.00,4.40
2010.01.14 08:42:25.655,1.45194,1.45202,1.90,19.90
2010.01.14 08:42:27.779,1.45202,1.45209,1.70,12.60
2010.01.14 08:42:29.668,1.45209,1.45219,1.50,2.70
2010.01.14 08:42:31.678,1.4522,1.4523,1.70,1.50
2010.01.14 08:42:33.701,1.4523,1.4524,3.00,3.00
2010.01.14 08:42:35.914,1.45236,1.45243,1.50,5.10
2010.01.14 08:42:37.908,1.4523,1.45238,1.90,1.50
2010.01.14 08:42:39.984,1.45223,1.45233,1.50,4.00
2010.01.14 08:42:42.097,1.45215,1.45227,3.20,1.50
2010.01.14 08:42:44.444,1.45211,1.45222,1.50,1.20
2010.01.14 08:42:46.589,1.45209,1.45221,1.50,1.50
2010.01.14 08:42:50.174,1.45209,1.45221,4.20,1.50
2010.01.14 08:42:51.835,1.45214,1.45219,1.90,2.30
2010.01.14 08:42:54.506,1.45216,1.45224,2.30,1.70
2010.01.14 08:42:56.535,1.4522,1.4523,2.30,1.90
2010.01.14 08:42:57.802,1.45221,1.45233,3.00,4.40
2010.01.14 08:43:02.560,1.45214,1.45224,2.80,1.20
2010.01.14 08:43:04.782,1.45213,1.45223,1.90,1.50
2010.01.14 08:43:06.940,1.45211,1.45221,1.50,4.20
2010.01.14 08:43:09.031,1.4521,1.45219,1.60,2.30
2010.01.14 08:43:11.429,1.45208,1.45218,4.50,19.70
2010.01.14 08:43:14.073,1.45206,1.45215,3.00,2.50
2010.01.14 08:43:16.116,1.45202,1.45212,1.50,2.50
2010.01.14 08:43:19.341,1.45196,1.45206,2.30,1.50
2010.01.14 08:43:21.480,1.45191,1.45199,2.30,5.80
2010.01.14 08:43:23.534,1.45185,1.45189,1.60,1.50
2010.01.14 08:43:26.704,1.45182,1.45189,1.90,1.50
2010.01.14 08:43:28.763,1.45183,1.45193,1.70,14.70
2010.01.14 08:43:31.082,1.45188,1.45197,1.20,2.30
2010.01.14 08:43:31.759,1.45198,1.45203,1.50,4.00
2010.01.14 08:43:33.909,1.45203,1.45211,2.80,3.40
2010.01.14 08:43:36.063,1.4521,1.45218,1.50,1.50
2010.01.14 08:43:37.471,1.45217,1.45227,1.50,1.50
2010.01.14 08:43:39.482,1.45227,1.45235,2.30,1.50
2010.01.14 08:43:41.563,1.45234,1.45244,2.80,1.50
2010.01.14 08:43:44.304,1.45245,1.45251,2.90,2.30
2010.01.14 08:43:44.474,1.45245,1.45257,4.40,1.50
2010.01.14 08:43:46.335,1.45242,1.45248,2.10,1.50
2010.01.14 08:43:50.087,1.45236,1.45242,3.80,2.90
2010.01.14 08:43:51.245,1.45232,1.45239,2.70,4.70
2010.01.14 08:43:53.962,1.45232,1.45238,1.50,2.50
2010.01.14 08:43:55.491,1.45235,1.45241,3.00,2.70
2010.01.14 08:43:55.724,1.45238,1.45246,1.50,8.30
2010.01.14 08:43:57.284,1.45243,1.45249,3.80,1.50
2010.01.14 08:44:02.867,1.45221,1.45229,3.20,1.50
2010.01.14 08:44:05.042,1.45213,1.45224,1.30,3.00
2010.01.14 08:44:07.239,1.45207,1.45215,4.00,1.50
2010.01.14 08:44:09.301,1.452,1.45207,1.50,4.50
2010.01.14 08:44:11.716,1.45192,1.452,1.50,2.70
2010.01.14 08:44:12.081,1.45183,1.45191,1.50,1.50
2010.01.14 08:44:12.481,1.45177,1.45185,6.60,3.80
2010.01.14 08:44:14.546,1.45174,1.45184,1.40,12.80
2010.01.14 08:44:16.605,1.45181,1.45188,3.00,3.60
2010.01.14 08:44:18.960,1.4519,1.45198,1.90,4.50
2010.01.14 08:44:20.961,1.452,1.4521,1.50,3.20
2010.01.14 08:44:22.964,1.45212,1.4522,4.60,1.50
2010.01.14 08:44:25.005,1.4522,1.45232,3.20,1.50
2010.01.14 08:44:28.202,1.45233,1.4524,1.50,1.50
2010.01.14 08:44:30.314,1.45237,1.45245,6.00,2.50
2010.01.14 08:44:32.650,1.45234,1.45244,3.00,1.20
2010.01.14 08:44:34.714,1.45229,1.4524,1.70,1.50
2010.01.14 08:44:38.043,1.45226,1.45234,1.50,3.40
2010.01.14 08:44:40.237,1.45222,1.45229,1.50,3.60
2010.01.14 08:44:42.261,1.45217,1.45227,6.20,3.80
2010.01.14 08:44:44.326,1.45217,1.45223,5.30,1.90
2010.01.14 08:44:46.390,1.45214,1.45223,3.00,4.50
2010.01.14 08:44:47.256,1.45214,1.45221,29.30,1.50
2010.01.14 08:44:50.322,1.45213,1.45222,1.20,1.70
2010.01.14 08:44:52.910,1.45214,1.45224,1.50,1.20
2010.01.14 08:44:54.644,1.45215,1.45225,1.40,8.70
2010.01.14 08:45:01.631,1.45215,1.45225,2.10,1.50
2010.01.14 08:45:01.964,1.45218,1.45223,1.50,4.00
2010.01.14 08:45:03.984,1.45216,1.45223,2.10,1.50
2010.01.14 08:45:04.382,1.45216,1.45226,1.70,1.50
2010.01.14 08:45:06.411,1.45219,1.4523,2.90,1.50
2010.01.14 08:45:08.463,1.45225,1.45232,5.70,1.50
2010.01.14 08:45:09.705,1.45231,1.45237,3.00,1.50
2010.01.14 08:45:10.024,1.45235,1.45245,1.50,2.50
2010.01.14 08:45:12.224,1.45236,1.45246,1.50,1.50
2010.01.14 08:45:14.414,1.45232,1.4524,1.50,2.90
2010.01.14 08:45:16.449,1.45224,1.45232,1.90,1.50
2010.01.14 08:45:18.998,1.45215,1.45225,3.00,2.30
2010.01.14 08:45:21.042,1.45207,1.45217,2.70,3.40
2010.01.14 08:45:21.785,1.452,1.45205,4.50,3.20
2010.01.14 08:45:24.395,1.45187,1.45197,1.50,2.10
2010.01.14 08:45:26.512,1.45179,1.45189,5.30,1.50
2010.01.14 08:45:27.209,1.45177,1.45187,5.10,2.90
2010.01.14 08:45:29.283,1.45185,1.45193,1.50,1.50
2010.01.14 08:45:31.783,1.45193,1.45201,1.50,2.90
2010.01.14 08:45:34.365,1.45202,1.4521,1.70,6.40
2010.01.14 08:45:34.847,1.45208,1.45218,2.10,1.50
2010.01.14 08:45:36.894,1.45212,1.4522,2.30,5.70
2010.01.14 08:45:39.514,1.45216,1.45221,4.20,1.50
2010.01.14 08:45:41.834,1.45215,1.45224,3.00,3.10
2010.01.14 08:45:43.945,1.45213,1.45221,1.70,1.50
2010.01.14 08:45:46.902,1.45211,1.4522,3.20,6.20
2010.01.14 08:45:48.910,1.45206,1.45216,3.20,2.30
2010.01.14 08:45:50.633,1.45201,1.45211,6.20,1.50
2010.01.14 08:45:52.667,1.45198,1.45208,3.40,2.30
2010.01.14 08:46:04.963,1.45213,1.45221,3.60,1.50
2010.01.14 08:46:08.522,1.45209,1.45217,3.00,1.90
2010.01.14 08:46:12.004,1.45203,1.45213,3.40,1.50
2010.01.14 08:46:14.037,1.45199,1.45209,6.20,1.50
2010.01.14 08:46:16.222,1.45194,1.45203,3.40,1.50
2010.01.14 08:46:18.342,1.45194,1.45202,1.50,4.70
2010.01.14 08:46:20.344,1.45201,1.45211,2.30,1.70
2010.01.14 08:46:24.566,1.4521,1.45218,3.00,3.00
2010.01.14 08:46:26.446,1.45218,1.4523,3.40,2.30
2010.01.14 08:46:26.805,1.45226,1.45236,1.50,3.20
2010.01.14 08:46:28.351,1.45237,1.45241,3.00,2.50
2010.01.14 08:46:30.462,1.45245,1.45253,1.50,1.50
2010.01.14 08:46:31.144,1.45255,1.45262,2.10,1.50
2010.01.14 08:46:35.474,1.45256,1.45268,3.40,2.30
2010.01.14 08:46:38.925,1.45254,1.45264,1.80,1.50
2010.01.14 08:46:39.453,1.4525,1.4526,1.50,2.50
2010.01.14 08:46:41.069,1.45246,1.45254,3.20,2.90
2010.01.14 08:46:43.095,1.45242,1.4525,1.90,1.50
2010.01.14 08:46:46.746,1.45238,1.4525,6.60,3.80
2010.01.14 08:46:51.369,1.4524,1.45248,6.60,2.30
2010.01.14 08:46:54.004,1.4524,1.45249,1.50,4.40
2010.01.14 08:46:55.479,1.45245,1.45249,3.80,1.50
2010.01.14 08:46:58.675,1.45242,1.45254,1.50,3.20
2010.01.14 08:47:02.628,1.45237,1.45245,2.50,1.50
2010.01.14 08:47:04.995,1.45239,1.45247,1.50,2.10
2010.01.14 08:47:06.489,1.45242,1.4525,1.50,2.50
2010.01.14 08:47:08.838,1.45246,1.45257,4.50,5.30
2010.01.14 08:47:10.945,1.45251,1.45256,1.20,2.30
2010.01.14 08:47:13.186,1.45248,1.45258,4.00,2.30
2010.01.14 08:47:13.630,1.45241,1.45251,1.90,1.90
2010.01.14 08:47:14.021,1.45236,1.45243,2.10,2.30
2010.01.14 08:47:14.260,1.45226,1.45238,1.50,4.50
2010.01.14 08:47:16.427,1.45219,1.45229,4.50,5.30
2010.01.14 08:47:17.148,1.45214,1.45222,1.70,2.70
2010.01.14 08:47:26.911,1.45206,1.45216,1.50,3.60
2010.01.14 08:47:29.177,1.45199,1.45209,1.70,1.50
2010.01.14 08:47:31.192,1.45192,1.452,1.50,2.30
2010.01.14 08:47:33.328,1.45185,1.45193,3.40,1.70
2010.01.14 08:47:35.365,1.45183,1.45191,3.20,1.50
2010.01.14 08:47:37.818,1.45188,1.45195,1.50,2.30
2010.01.14 08:47:39.847,1.45194,1.45202,1.50,7.70
2010.01.14 08:47:41.132,1.45198,1.45206,1.50,1.50
2010.01.14 08:47:45.337,1.45202,1.4521,5.30,4.00
2010.01.14 08:47:46.932,1.45203,1.4521,2.70,1.50
2010.01.14 08:47:48.038,1.45201,1.45212,3.80,1.70
2010.01.14 08:47:50.706,1.452,1.45209,1.70,6.00
2010.01.14 08:47:51.378,1.452,1.45207,1.10,1.50
2010.01.14 08:47:54.987,1.45198,1.45206,1.70,2.30
2010.01.14 08:48:02.421,1.45235,1.45245,2.30,1.50
2010.01.14 08:48:05.131,1.45235,1.45245,1.50,1.50
2010.01.14 08:48:08.201,1.45237,1.45246,5.90,1.90
2010.01.14 08:48:10.489,1.45239,1.45249,2.30,2.50
2010.01.14 08:48:12.972,1.45241,1.45251,2.10,1.50
2010.01.14 08:48:14.632,1.45239,1.45251,3.80,3.20
2010.01.14 08:48:15.039,1.45234,1.45246,3.00,1.50
2010.01.14 08:48:17.219,1.45229,1.45241,1.50,2.50
2010.01.14 08:48:19.418,1.45224,1.45236,3.00,2.50
2010.01.14 08:48:21.696,1.45223,1.45233,1.50,5.30
2010.01.14 08:48:24.029,1.45222,1.45226,1.50,2.30
2010.01.14 08:48:27.251,1.45217,1.45222,1.50,1.70
2010.01.14 08:48:32.017,1.4521,1.4522,3.40,2.50
2010.01.14 08:48:40.601,1.45204,1.45214,2.80,2.50
2010.01.14 08:48:44.497,1.45206,1.4521,3.20,2.70
2010.01.14 08:48:44.884,1.45209,1.45219,1.70,1.50
2010.01.14 08:48:46.959,1.45217,1.45227,1.50,6.60
2010.01.14 08:48:50.130,1.45225,1.45232,2.50,1.50
2010.01.14 08:48:50.390,1.45227,1.45237,4.50,1.50
2010.01.14 08:48:52.629,1.45227,1.45238,1.50,2.70
2010.01.14 08:48:54.667,1.45227,1.45238,4.50,5.70
2010.01.14 08:48:56.930,1.45226,1.45236,1.90,4.00
2010.01.14 08:49:03.698,1.45218,1.45228,1.90,1.90
2010.01.14 08:49:05.845,1.45223,1.45233,4.50,5.30
2010.01.14 08:49:08.065,1.45229,1.4524,1.30,1.50
2010.01.14 08:49:09.126,1.45238,1.45246,1.90,3.20
2010.01.14 08:49:18.793,1.45245,1.45254,5.10,2.90
2010.01.14 08:49:21.113,1.45254,1.45263,4.70,3.40
2010.01.14 08:49:25.180,1.45258,1.45265,1.50,1.20
2010.01.14 08:49:28.087,1.45252,1.4526,6.40,2.00
2010.01.14 08:49:31.263,1.45245,1.45253,2.30,1.70
2010.01.14 08:49:33.294,1.45236,1.45246,1.50,3.00
2010.01.14 08:49:34.667,1.45228,1.45238,2.10,1.50
2010.01.14 08:49:34.787,1.45226,1.45231,5.30,1.50
2010.01.14 08:49:37.787,1.45218,1.45227,1.50,5.10
2010.01.14 08:49:40.196,1.45211,1.45218,2.10,33.10
2010.01.14 08:49:43.224,1.45201,1.45211,3.40,2.50
2010.01.14 08:49:45.274,1.45195,1.45203,1.50,1.50
2010.01.14 08:49:47.330,1.45194,1.45202,1.70,1.90
2010.01.14 08:49:49.355,1.45197,1.45201,1.90,6.60
2010.01.14 08:49:49.477,1.45198,1.45208,4.00,1.50
2010.01.14 08:49:51.562,1.45201,1.45211,6.20,3.80
2010.01.14 08:49:53.613,1.45206,1.45212,1.50,1.10
2010.01.14 08:49:54.169,1.45206,1.45213,3.40,1.50
2010.01.14 08:49:56.247,1.45206,1.45215,2.30,1.70
2010.01.14 08:49:58.356,1.45206,1.45214,1.20,1.50
2010.01.14 08:50:01.655,1.45205,1.45215,1.90,2.00
2010.01.14 08:50:04.050,1.45204,1.45213,2.50,1.50
2010.01.14 08:50:05.963,1.45204,1.45209,1.50,2.30
2010.01.14 08:50:06.898,1.45203,1.4521,2.30,1.90
2010.01.14 08:50:09.044,1.45202,1.45212,1.70,3.00
2010.01.14 08:50:09.573,1.45201,1.4521,1.50,1.50
2010.01.14 08:50:11.635,1.45198,1.45208,5.90,1.50
2010.01.14 08:50:11.914,1.45192,1.45202,3.80,7.40
2010.01.14 08:50:13.822,1.45184,1.45194,1.50,1.70
2010.01.14 08:50:16.022,1.45178,1.45186,7.00,3.80
2010.01.14 08:50:18.941,1.45175,1.45185,2.50,1.90
2010.01.14 08:50:22.154,1.45181,1.45191,1.50,1.40
2010.01.14 08:50:28.131,1.4519,1.452,2.70,1.50
2010.01.14 08:50:29.987,1.45202,1.45208,7.00,3.80
2010.01.14 08:50:32.384,1.45214,1.45219,1.50,2.10
2010.01.14 08:50:34.552,1.45222,1.45231,6.80,3.00
2010.01.14 08:50:36.581,1.45231,1.45241,3.80,3.60
2010.01.14 08:50:39.043,1.45237,1.45243,1.70,1.50
2010.01.14 08:50:40.649,1.45234,1.4524,3.80,1.50
2010.01.14 08:50:42.894,1.45225,1.45235,1.50,3.00
2010.01.14 08:50:45.494,1.45218,1.45226,3.00,2.30
2010.01.14 08:50:47.518,1.45212,1.45223,1.50,1.70
2010.01.14 08:50:48.301,1.45209,1.45217,1.50,2.30
2010.01.14 08:50:48.697,1.45207,1.45215,4.00,2.50
2010.01.14 08:50:48.819,1.45205,1.45214,1.50,4.70
2010.01.14 08:50:50.196,1.45207,1.45217,1.70,4.20
2010.01.14 08:50:52.512,1.45206,1.4522,1.20,7.20
2010.01.14 08:50:53.722,1.45213,1.45222,1.50,3.60
2010.01.14 08:50:54.514,1.45218,1.45229,1.70,1.50
2010.01.14 08:50:57.181,1.45221,1.45231,4.60,2.40
2010.01.14 08:51:02.099,1.45228,1.45238,1.40,2.40
2010.01.14 08:51:04.389,1.45232,1.45243,3.20,1.50
2010.01.14 08:51:04.838,1.45241,1.45248,1.50,3.20
2010.01.14 08:51:07.398,1.45247,1.45257,1.50,3.60
2010.01.14 08:51:09.650,1.45255,1.45265,1.50,3.00
2010.01.14 08:51:11.848,1.45256,1.45266,1.50,4.70
2010.01.14 08:51:14.610,1.45251,1.45261,2.90,1.50
2010.01.14 08:51:20.375,1.45243,1.45253,3.00,1.70
2010.01.14 08:51:21.514,1.45238,1.45244,1.50,1.50
2010.01.14 08:51:22.414,1.45232,1.45242,1.50,2.50
2010.01.14 08:51:24.614,1.45227,1.45237,2.50,1.50
2010.01.14 08:51:28.399,1.45224,1.45232,3.40,1.50
2010.01.14 08:51:28.703,1.4522,1.45228,1.50,4.50
2010.01.14 08:51:28.827,1.45214,1.45222,1.70,3.80
2010.01.14 08:51:31.800,1.45205,1.45215,2.30,2.50
2010.01.14 08:51:32.269,1.45196,1.45208,2.70,1.70
2010.01.14 08:51:33.311,1.45195,1.45205,2.30,1.70
2010.01.14 08:51:33.637,1.45198,1.4521,3.60,2.70
2010.01.14 08:51:35.809,1.45206,1.45214,1.70,10.50
2010.01.14 08:51:38.952,1.45211,1.45218,3.00,2.50
2010.01.14 08:51:42.419,1.45213,1.45221,3.20,1.50
2010.01.14 08:51:45.773,1.45213,1.45224,1.40,1.50
2010.01.14 08:51:48.168,1.45214,1.45223,2.10,2.30
2010.01.14 08:51:50.580,1.45215,1.45222,2.30,1.50
2010.01.14 08:51:52.671,1.45216,1.45224,4.50,3.20
2010.01.14 08:51:54.720,1.45216,1.45224,5.10,1.50
2010.01.14 08:52:07.406,1.45241,1.45249,1.70,1.50
2010.01.14 08:52:09.882,1.45235,1.45243,2.90,1.50
2010.01.14 08:52:12.275,1.45226,1.45234,2.50,4.40
2010.01.14 08:52:14.687,1.45216,1.45227,2.30,1.50
2010.01.14 08:52:16.968,1.45206,1.45217,1.50,1.70
2010.01.14 08:52:20.715,1.45196,1.45206,1.50,2.50
2010.01.14 08:52:21.373,1.45187,1.45197,1.50,1.50
2010.01.14 08:52:27.568,1.45186,1.45196,4.90,1.90
2010.01.14 08:52:32.195,1.45194,1.45204,1.50,3.60
2010.01.14 08:52:32.748,1.45206,1.45214,2.30,1.50
2010.01.14 08:52:34.820,1.45215,1.45226,1.50,1.70
2010.01.14 08:52:35.487,1.45226,1.45236,3.40,1.50
2010.01.14 08:52:36.097,1.45233,1.45241,2.30,1.50
2010.01.14 08:52:38.159,1.45242,1.45248,1.50,5.70
2010.01.14 08:52:40.671,1.45248,1.45256,6.20,1.50
2010.01.14 08:52:40.795,1.45249,1.45256,3.40,1.50
2010.01.14 08:52:41.063,1.45244,1.45252,3.40,1.50
2010.01.14 08:52:43.153,1.45236,1.45244,1.50,4.40
2010.01.14 08:52:45.978,1.45229,1.45237,1.40,1.50
2010.01.14 08:52:46.107,1.45224,1.45232,10.00,1.50
2010.01.14 08:52:46.472,1.45219,1.45227,8.30,13.20
2010.01.14 08:52:52.438,1.45214,1.45223,1.50,3.20
2010.01.14 08:52:55.416,1.4521,1.45221,2.60,2.10
2010.01.14 08:52:57.420,1.45208,1.45217,1.90,3.80
2010.01.14 08:52:59.611,1.45207,1.45217,3.80,3.20
2010.01.14 08:53:03.315,1.45217,1.45225,1.50,1.50
2010.01.14 08:53:05.396,1.45217,1.45227,1.50,1.20
2010.01.14 08:53:08.069,1.45221,1.45227,2.80,2.30
2010.01.14 08:53:08.427,1.45222,1.45228,2.30,1.50
2010.01.14 08:53:09.230,1.45224,1.45229,3.40,4.20
2010.01.14 08:53:11.528,1.45223,1.45233,2.90,1.50
2010.01.14 08:53:13.674,1.45226,1.45233,1.90,4.40
2010.01.14 08:53:14.150,1.45229,1.45233,1.70,1.50
2010.01.14 08:53:16.663,1.45231,1.45239,7.50,3.00
2010.01.14 08:53:19.026,1.4523,1.45238,2.40,3.40
2010.01.14 08:53:21.665,1.45221,1.45231,1.50,3.40
2010.01.14 08:53:23.900,1.45212,1.45222,2.10,1.50
2010.01.14 08:53:26.321,1.45205,1.45214,4.50,7.00
2010.01.14 08:53:28.479,1.45197,1.45206,2.50,5.10
2010.01.14 08:53:31.768,1.45189,1.45198,1.50,2.50
2010.01.14 08:53:34.475,1.45181,1.45191,1.50,1.50
2010.01.14 08:53:35.255,1.45176,1.45182,1.50,1.50
2010.01.14 08:53:37.276,1.45173,1.45181,3.60,1.50
2010.01.14 08:53:43.962,1.45174,1.45182,1.70,1.50
2010.01.14 08:53:45.897,1.45178,1.45188,4.30,2.30
2010.01.14 08:53:47.935,1.45182,1.45192,7.40,4.00
2010.01.14 08:53:48.815,1.45188,1.45193,2.30,1.50
2010.01.14 08:53:51.152,1.45191,1.45199,6.40,1.50
2010.01.14 08:53:53.227,1.45195,1.45204,1.50,8.30
2010.01.14 08:53:55.458,1.45199,1.4521,1.20,2.70
2010.01.14 08:53:57.795,1.45201,1.45212,1.20,4.70
2010.01.14 08:53:58.090,1.45205,1.45211,3.20,1.90
2010.01.14 08:53:59.378,1.45204,1.45212,8.10,1.20
2010.01.14 08:54:03.121,1.45204,1.45212,1.20,1.70
2010.01.14 08:54:05.311,1.45201,1.45207,4.00,1.70
2010.01.14 08:54:07.371,1.45196,1.45203,1.70,1.50
2010.01.14 08:54:09.500,1.45192,1.45201,2.10,2.30
2010.01.14 08:54:11.600,1.45191,1.45197,1.70,2.60
2010.01.14 08:54:14.054,1.45185,1.45192,1.70,4.70
2010.01.14 08:54:17.009,1.45179,1.45187,5.10,1.90
2010.01.14 08:54:19.511,1.45171,1.45179,4.70,3.40
2010.01.14 08:54:21.755,1.45165,1.45173,1.50,3.60
2010.01.14 08:54:23.904,1.45164,1.45172,3.80,1.50
2010.01.14 08:54:25.963,1.45168,1.45174,2.30,1.70
2010.01.14 08:54:28.459,1.45171,1.45179,1.50,1.50
2010.01.14 08:54:30.671,1.45176,1.45184,1.50,6.40
2010.01.14 08:54:34.693,1.45181,1.4519,1.50,8.30
2010.01.14 08:54:35.553,1.45185,1.45195,1.90,19.90
2010.01.14 08:54:37.856,1.45191,1.45198,1.80,1.50
2010.01.14 08:54:40.016,1.45194,1.45204,1.50,1.70
2010.01.14 08:54:42.029,1.45202,1.4521,6.80,6.20
2010.01.14 08:54:44.299,1.45208,1.45216,2.50,1.90
2010.01.14 08:54:46.241,1.45212,1.45216,4.70,9.00
2010.01.14 08:54:46.484,1.45206,1.45213,1.90,4.20
2010.01.14 08:54:48.052,1.45199,1.45211,1.20,1.70
2010.01.14 08:54:48.821,1.45194,1.45207,1.80,3.20
2010.01.14 08:54:51.748,1.45191,1.45202,4.00,2.50
2010.01.14 08:54:53.790,1.45189,1.45199,1.70,4.20
2010.01.14 08:54:55.830,1.45188,1.45197,2.50,3.00
2010.01.14 08:54:55.943,1.45188,1.45197,6.80,1.40
2010.01.14 08:54:57.975,1.45186,1.45196,1.50,4.00
2010.01.14 08:55:00.610,1.45199,1.45205,3.80,4.00
2010.01.14 08:55:02.819,1.45201,1.45212,1.50,1.70
2010.01.14 08:55:05.810,1.45206,1.45216,2.00,4.40
2010.01.14 08:55:09.260,1.45212,1.45221,3.60,3.20
2010.01.14 08:55:10.545,1.4522,1.45229,1.50,6.00
2010.01.14 08:55:12.949,1.45226,1.45235,2.30,1.50
2010.01.14 08:55:15.011,1.45225,1.45237,1.30,4.70
2010.01.14 08:55:19.431,1.45221,1.45233,3.20,5.10
2010.01.14 08:55:21.679,1.45216,1.45224,4.50,1.90
2010.01.14 08:55:21.903,1.45209,1.45215,1.60,1.70
2010.01.14 08:55:22.426,1.45201,1.45209,1.70,1.90
2010.01.14 08:55:24.495,1.45195,1.45205,1.50,45.60
2010.01.14 08:55:26.531,1.4519,1.45198,1.50,3.20
2010.01.14 08:55:28.583,1.45185,1.45194,1.10,2.30
2010.01.14 08:55:30.702,1.4518,1.4519,1.70,5.70
2010.01.14 08:55:30.821,1.45176,1.45182,1.20,1.20
2010.01.14 08:55:32.649,1.4517,1.45182,2.30,4.00
2010.01.14 08:55:33.465,1.45175,1.45185,3.00,1.70
2010.01.14 08:55:33.706,1.4518,1.45187,2.70,2.90
2010.01.14 08:55:33.830,1.45185,1.45191,3.00,2.30
2010.01.14 08:55:34.272,1.45187,1.45199,1.50,2.50
2010.01.14 08:55:36.652,1.45191,1.45199,1.50,5.90
2010.01.14 08:55:38.995,1.45194,1.45201,1.50,1.20
2010.01.14 08:55:41.040,1.45195,1.45202,1.30,3.00
2010.01.14 08:55:44.100,1.45194,1.45205,1.50,1.70
2010.01.14 08:55:50.077,1.45199,1.45205,5.90,1.90
2010.01.14 08:55:50.191,1.45201,1.45211,1.50,1.50
2010.01.14 08:55:52.519,1.45203,1.45213,1.50,1.50
2010.01.14 08:55:54.251,1.45208,1.4521,1.40,1.50
2010.01.14 08:56:02.607,1.45213,1.45221,3.00,1.40
2010.01.14 08:56:03.284,1.45224,1.45234,1.50,1.90
2010.01.14 08:56:05.328,1.45236,1.45246,4.90,2.70
2010.01.14 08:56:08.142,1.45251,1.45257,1.50,4.50
2010.01.14 08:56:11.265,1.45253,1.45261,2.70,1.50
2010.01.14 08:56:13.313,1.45243,1.45253,1.50,1.70
2010.01.14 08:56:15.471,1.4523,1.4524,4.50,2.30
2010.01.14 08:56:17.962,1.45215,1.45221,1.50,4.50
2010.01.14 08:56:18.038,1.45194,1.45204,1.50,3.60
2010.01.14 08:56:27.414,1.45176,1.45186,13.60,1.90
2010.01.14 08:56:30.492,1.45167,1.45177,1.50,1.90
2010.01.14 08:56:30.792,1.45169,1.45179,2.30,1.50
2010.01.14 08:56:33.821,1.45175,1.45185,5.40,2.30
2010.01.14 08:56:35.886,1.45181,1.45192,1.50,1.70
2010.01.14 08:56:41.213,1.45188,1.452,1.40,8.70
2010.01.14 08:56:43.632,1.45197,1.45207,2.70,1.50
2010.01.14 08:56:44.909,1.45205,1.45215,1.70,1.50
2010.01.14 08:56:47.824,1.45211,1.45222,1.50,1.20
2010.01.14 08:56:50.658,1.45217,1.45225,1.90,2.90
2010.01.14 08:56:53.112,1.4522,1.45229,3.00,1.70
2010.01.14 08:56:56.010,1.45222,1.45232,1.50,2.10
2010.01.14 08:57:02.795,1.45202,1.4521,3.80,1.50
2010.01.14 08:57:04.814,1.45208,1.45218,1.90,1.50
2010.01.14 08:57:09.032,1.45216,1.45226,1.50,3.00
2010.01.14 08:57:11.406,1.45225,1.45235,4.00,2.30
2010.01.14 08:57:13.485,1.45234,1.45244,2.30,2.50
2010.01.14 08:57:16.784,1.45236,1.45246,1.50,3.80
2010.01.14 08:57:24.654,1.45229,1.45239,1.80,1.50
2010.01.14 08:57:27.152,1.4522,1.45228,2.30,3.60
2010.01.14 08:57:27.996,1.45205,1.45215,2.50,3.40
2010.01.14 08:57:30.651,1.45192,1.45202,6.80,1.50
2010.01.14 08:57:31.317,1.45188,1.45195,1.40,1.50
2010.01.14 08:57:33.320,1.45188,1.452,3.00,1.50
2010.01.14 08:57:37.442,1.45196,1.45206,2.30,1.70
2010.01.14 08:57:40.152,1.45203,1.45212,2.70,1.50
2010.01.14 08:57:44.314,1.45206,1.45216,3.20,2.30
2010.01.14 08:57:47.084,1.45211,1.45221,3.00,4.50
2010.01.14 08:57:50.974,1.45216,1.45224,4.40,1.50
2010.01.14 08:57:54.454,1.45217,1.45227,1.50,1.10
2010.01.14 08:57:57.197,1.45219,1.45228,1.50,1.70
2010.01.14 08:57:59.328,1.45222,1.45231,3.80,1.70
2010.01.14 08:57:59.936,1.45224,1.45232,1.50,3.60
2010.01.14 08:58:05.814,1.45214,1.45222,1.50,1.50
2010.01.14 08:58:07.855,1.4521,1.45222,2.30,1.70
2010.01.14 08:58:11.733,1.4521,1.4522,1.90,1.90
2010.01.14 08:58:11.874,1.45208,1.45218,2.30,1.70
2010.01.14 08:58:15.361,1.45211,1.45221,1.50,1.70
2010.01.14 08:58:17.936,1.45216,1.45226,2.90,3.30
2010.01.14 08:58:20.102,1.45225,1.45233,3.00,2.70
2010.01.14 08:58:20.237,1.45232,1.45244,1.50,2.30
2010.01.14 08:58:22.114,1.45235,1.45241,1.50,2.30
2010.01.14 08:58:25.201,1.45227,1.45235,1.70,1.50
2010.01.14 08:58:29.108,1.45217,1.45227,3.20,2.90
2010.01.14 08:58:31.462,1.45206,1.45218,3.00,1.90
2010.01.14 08:58:33.773,1.45196,1.45207,1.50,2.50
2010.01.14 08:58:39.486,1.45191,1.45196,5.50,5.30
2010.01.14 08:58:41.523,1.45181,1.45191,1.30,3.00
2010.01.14 08:58:43.522,1.45174,1.45184,1.50,5.10
2010.01.14 08:58:47.571,1.45171,1.45181,1.70,1.50
2010.01.14 08:58:49.842,1.45174,1.45184,15.30,1.70
2010.01.14 08:58:52.024,1.45179,1.45184,1.70,1.50
2010.01.14 08:58:55.897,1.45182,1.4519,1.70,1.50
2010.01.14 08:58:56.266,1.45183,1.45192,5.40,1.20
2010.01.14 08:58:58.402,1.45184,1.45194,3.60,1.70
2010.01.14 08:59:01.838,1.45188,1.452,2.10,3.40
2010.01.14 08:59:04.367,1.45181,1.45192,2.30,1.20
2010.01.14 08:59:06.777,1.45174,1.45183,1.50,4.00
2010.01.14 08:59:08.858,1.45166,1.45176,1.50,5.10
2010.01.14 08:59:13.324,1.45162,1.45174,1.50,1.50
2010.01.14 08:59:17.105,1.45167,1.45177,1.70,3.40
2010.01.14 08:59:20.087,1.45174,1.45184,1.20,1.20
2010.01.14 08:59:29.933,1.4518,1.45191,1.50,1.50
2010.01.14 08:59:30.988,1.4519,1.45196,1.50,1.50
2010.01.14 08:59:38.091,1.45199,1.45203,3.80,6.80
2010.01.14 08:59:41.334,1.45205,1.45215,6.00,1.50
2010.01.14 08:59:44.848,1.45213,1.45223,4.90,1.50
2010.01.14 08:59:47.166,1.45214,1.45226,1.50,2.50
2010.01.14 08:59:51.319,1.4521,1.45218,3.40,5.10
2010.01.14 08:59:52.100,1.45203,1.45208,5.90,1.50
2010.01.14 08:59:54.213,1.45195,1.45203,1.90,3.40
2010.01.14 08:59:56.437,1.45191,1.45199,2.10,2.30
