2008.06.24 06:00:00.370,1.55224,1.55248,4.80,3.70
2008.06.24 06:00:00.673,1.55214,1.55249,3.00,3.00
2008.06.24 06:00:01.757,1.55219,1.55234,9.00,6.00
2008.06.24 06:00:02.598,1.55215,1.5523,2.40,2.40
2008.06.24 06:00:03.711,1.55202,1.55237,5.40,2.40
2008.06.24 06:00:03.979,1.55201,1.55231,2.40,2.70
2008.06.24 06:00:04.155,1.55207,1.55217,9.60,1.00
2008.06.24 06:00:04.331,1.55197,1.55217,18.60,2.40
2008.06.24 06:00:05.476,1.552,1.5521,2.40,6.90
2008.06.24 06:00:05.671,1.55199,1.55209,32.40,6.00
2008.06.24 06:00:05.803,1.55198,1.55208,1.80,2.10
2008.06.24 06:00:06.719,1.55197,1.55206,2.40,7.20
2008.06.24 06:00:06.883,1.5519,1.5521,8.10,4.50
2008.06.24 06:00:07.239,1.55185,1.5521,5.40,9.60
2008.06.24 06:00:07.455,1.55186,1.55206,1.80,4.20
2008.06.24 06:00:07.674,1.55187,1.55202,2.40,2.40
2008.06.24 06:00:08.434,1.5519,1.55195,6.60,4.80
2008.06.24 06:00:11.208,1.55188,1.55193,8.80,8.80
2008.06.24 06:00:11.849,1.55187,1.55192,22.80,2.40
2008.06.24 06:00:11.890,1.55181,1.55196,17.40,7.80
2008.06.24 06:00:12.019,1.55179,1.55189,4.80,16.20
2008.06.24 06:00:12.156,1.55169,1.55189,3.00,3.00
2008.06.24 06:00:13.908,1.55163,1.55178,6.00,3.60
2008.06.24 06:00:14.183,1.55156,1.55166,6.00,7.80
2008.06.24 06:00:15.872,1.55144,1.55164,1.00,4.20
2008.06.24 06:00:17.262,1.5515,1.5516,4.80,6.60
2008.06.24 06:00:17.613,1.55165,1.55171,6.60,8.40
2008.06.24 06:00:19.842,1.55177,1.55187,6.00,1.80
2008.06.24 06:00:20.933,1.55192,1.55196,3.00,6.00
2008.06.24 06:00:21.198,1.55197,1.55207,1.80,4.80
2008.06.24 06:00:22.542,1.55205,1.5521,16.20,2.60
2008.06.24 06:00:22.765,1.55208,1.55213,7.20,3.20
2008.06.24 06:00:23.168,1.5521,1.55215,10.80,9.30
2008.06.24 06:00:23.313,1.55206,1.55221,2.40,6.00
2008.06.24 06:00:24.228,1.55211,1.55221,1.20,1.80
2008.06.24 06:00:25.552,1.55214,1.55219,4.80,5.00
2008.06.24 06:00:25.699,1.5521,1.55225,10.20,2.40
2008.06.24 06:00:25.844,1.55217,1.55221,2.40,2.80
2008.06.24 06:00:26.180,1.55207,1.55232,2.40,22.10
2008.06.24 06:00:26.375,1.55205,1.5523,9.00,1.00
2008.06.24 06:00:26.564,1.55209,1.55224,5.40,11.20
2008.06.24 06:00:27.656,1.55202,1.55222,4.80,3.60
2008.06.24 06:00:27.919,1.55204,1.55214,7.20,4.80
2008.06.24 06:00:28.189,1.55194,1.55214,10.20,6.00
2008.06.24 06:00:28.971,1.55193,1.55213,4.80,10.80
2008.06.24 06:00:29.844,1.55192,1.55212,10.80,2.40
2008.06.24 06:00:30.731,1.55199,1.55209,9.90,3.30
2008.06.24 06:00:30.976,1.55198,1.55213,10.80,2.40
2008.06.24 06:00:31.976,1.55205,1.55215,2.40,3.30
2008.06.24 06:00:32.272,1.55209,1.55219,7.20,8.80
2008.06.24 06:00:32.380,1.55209,1.55219,13.50,3.00
2008.06.24 06:00:32.818,1.55205,1.55225,6.00,12.10
2008.06.24 06:00:33.454,1.55202,1.55222,1.80,8.20
2008.06.24 06:00:36.415,1.55201,1.55221,3.00,4.20
2008.06.24 06:00:37.523,1.55199,1.55214,3.00,10.20
2008.06.24 06:00:37.723,1.55194,1.55209,1.20,6.00
2008.06.24 06:00:38.885,1.55196,1.55201,9.60,2.40
2008.06.24 06:00:39.239,1.55195,1.552,11.40,4.00
2008.06.24 06:00:39.418,1.55189,1.55204,12.40,2.40
2008.06.24 06:00:39.594,1.5519,1.55205,3.00,8.00
2008.06.24 06:00:39.770,1.55191,1.55206,2.40,12.60
2008.06.24 06:00:40.442,1.55195,1.55205,3.00,6.00
2008.06.24 06:00:40.781,1.5519,1.5521,7.80,9.60
2008.06.24 06:00:41.014,1.55191,1.55206,5.40,2.40
2008.06.24 06:00:41.091,1.55189,1.55204,3.00,11.50
2008.06.24 06:00:41.171,1.55188,1.55203,4.80,1.00
2008.06.24 06:00:41.246,1.5519,1.552,2.40,4.00
2008.06.24 06:00:41.558,1.55193,1.55203,2.40,9.60
2008.06.24 06:00:42.055,1.55196,1.55202,2.40,4.20
2008.06.24 06:00:43.978,1.55197,1.55207,10.20,9.00
2008.06.24 06:00:45.269,1.552,1.5521,9.30,1.00
2008.06.24 06:00:45.531,1.55204,1.55214,15.20,4.80
2008.06.24 06:00:45.795,1.55207,1.55223,2.40,2.40
2008.06.24 06:00:46.398,1.55215,1.5523,13.80,4.20
2008.06.24 06:00:46.734,1.55224,1.55244,9.60,3.00
2008.06.24 06:00:47.358,1.55237,1.55252,2.40,4.80
2008.06.24 06:00:47.502,1.5524,1.55254,1.20,10.60
2008.06.24 06:00:51.638,1.55228,1.55248,21.10,13.80
2008.06.24 06:00:51.975,1.55221,1.55231,2.40,2.40
2008.06.24 06:00:52.150,1.55214,1.55219,8.40,6.00
2008.06.24 06:00:52.322,1.55206,1.55211,4.80,7.20
2008.06.24 06:00:52.495,1.55199,1.55209,5.40,11.40
2008.06.24 06:00:52.670,1.55195,1.55205,6.00,3.40
2008.06.24 06:00:53.678,1.55193,1.55203,2.40,6.00
2008.06.24 06:00:53.918,1.55195,1.552,6.60,8.50
2008.06.24 06:00:54.398,1.55191,1.55206,7.20,4.80
2008.06.24 06:00:54.842,1.55192,1.55207,2.40,2.40
2008.06.24 06:00:55.042,1.55192,1.55207,2.40,1.20
2008.06.24 06:00:56.084,1.55197,1.55207,1.00,5.20
2008.06.24 06:00:56.219,1.55201,1.55206,13.80,1.00
2008.06.24 06:00:56.354,1.55202,1.55207,4.80,10.80
2008.06.24 06:00:56.491,1.55198,1.55213,8.40,4.20
2008.06.24 06:00:56.822,1.55204,1.55209,4.80,4.40
2008.06.24 06:00:57.018,1.55198,1.55218,4.80,28.00
2008.06.24 06:00:57.410,1.55202,1.55217,6.00,4.80
2008.06.24 06:00:57.606,1.55202,1.55222,4.80,3.00
2008.06.24 06:00:57.802,1.55208,1.55223,4.80,4.80
2008.06.24 06:00:58.252,1.5521,1.55226,10.20,2.70
2008.06.24 06:01:00.088,1.5519,1.5521,32.40,4.80
2008.06.24 06:01:01.925,1.55194,1.55204,5.40,11.70
2008.06.24 06:01:02.352,1.55191,1.55206,6.00,3.00
2008.06.24 06:01:02.489,1.55193,1.55207,8.40,3.40
2008.06.24 06:01:02.824,1.55193,1.55208,6.60,5.40
2008.06.24 06:01:03.009,1.55193,1.55208,3.60,1.00
2008.06.24 06:01:03.208,1.55192,1.55207,5.40,7.20
2008.06.24 06:01:03.324,1.55192,1.55207,9.20,2.40
2008.06.24 06:01:03.440,1.55188,1.55208,21.60,4.80
2008.06.24 06:01:03.556,1.55191,1.55206,4.80,20.50
2008.06.24 06:01:03.672,1.55189,1.55209,4.80,9.60
2008.06.24 06:01:04.689,1.55189,1.55209,24.00,41.00
2008.06.24 06:01:05.192,1.55189,1.55209,2.40,3.70
2008.06.24 06:01:06.088,1.55192,1.55207,10.80,15.00
2008.06.24 06:01:06.364,1.55191,1.55211,4.20,2.40
2008.06.24 06:01:08.605,1.55191,1.55206,1.20,1.20
2008.06.24 06:01:09.472,1.55187,1.55207,4.80,4.80
2008.06.24 06:01:09.637,1.55187,1.55202,1.20,2.40
2008.06.24 06:01:09.816,1.55185,1.55195,14.50,4.20
2008.06.24 06:01:09.968,1.55182,1.55197,2.40,2.40
2008.06.24 06:01:10.369,1.55178,1.55198,1.00,6.40
2008.06.24 06:01:10.884,1.55182,1.55197,5.70,3.00
2008.06.24 06:01:11.120,1.55184,1.55199,6.80,18.00
2008.06.24 06:01:12.189,1.55183,1.55203,2.40,7.50
2008.06.24 06:01:12.697,1.5519,1.55205,18.60,4.80
2008.06.24 06:01:12.913,1.55192,1.55207,6.60,12.90
2008.06.24 06:01:13.130,1.55193,1.55208,3.00,14.80
2008.06.24 06:01:13.357,1.55193,1.55208,11.40,0.50
2008.06.24 06:01:13.516,1.55189,1.55209,6.00,2.50
2008.06.24 06:01:14.210,1.5519,1.55205,2.40,1.20
2008.06.24 06:01:14.392,1.55184,1.55204,6.00,6.60
2008.06.24 06:01:14.451,1.55186,1.55196,4.80,2.40
2008.06.24 06:01:14.689,1.55186,1.55196,13.20,2.40
2008.06.24 06:01:14.929,1.55186,1.55201,7.20,3.00
2008.06.24 06:01:16.040,1.55196,1.55202,2.40,9.10
2008.06.24 06:01:16.232,1.55203,1.55213,22.90,2.40
2008.06.24 06:01:16.604,1.55206,1.55226,2.40,4.80
2008.06.24 06:01:16.784,1.55211,1.55231,9.00,17.10
2008.06.24 06:01:20.352,1.5521,1.5522,4.80,2.40
2008.06.24 06:01:20.516,1.55203,1.55213,2.40,12.10
2008.06.24 06:01:20.688,1.55196,1.55206,5.40,4.80
2008.06.24 06:01:20.840,1.55187,1.55207,7.20,4.80
2008.06.24 06:01:20.993,1.55184,1.55204,7.20,4.80
2008.06.24 06:01:21.148,1.55183,1.55203,3.60,3.00
2008.06.24 06:01:21.345,1.55184,1.552,4.80,1.00
2008.06.24 06:01:22.819,1.55183,1.55203,13.20,3.90
2008.06.24 06:01:23.172,1.55182,1.55202,10.80,2.40
2008.06.24 06:01:23.336,1.55182,1.55202,1.80,8.50
2008.06.24 06:01:23.389,1.55183,1.55203,16.20,1.00
2008.06.24 06:01:23.605,1.55184,1.55204,4.80,9.80
2008.06.24 06:01:25.087,1.5519,1.552,6.60,8.40
2008.06.24 06:01:25.204,1.55193,1.55203,4.20,2.40
2008.06.24 06:01:25.436,1.55193,1.55208,7.20,23.20
2008.06.24 06:01:27.393,1.55197,1.55212,11.40,10.20
2008.06.24 06:01:27.722,1.55203,1.55208,5.40,11.40
2008.06.24 06:01:27.848,1.55202,1.55212,1.00,4.80
2008.06.24 06:01:29.395,1.55206,1.55211,4.20,6.10
2008.06.24 06:01:29.440,1.55197,1.55217,9.00,2.40
2008.06.24 06:01:30.910,1.55195,1.55215,2.40,7.20
2008.06.24 06:01:31.136,1.55192,1.55212,1.80,6.00
2008.06.24 06:01:32.569,1.55191,1.55206,4.80,7.20
2008.06.24 06:01:32.762,1.55192,1.55202,7.80,4.80
2008.06.24 06:01:33.132,1.55188,1.55203,1.00,15.60
2008.06.24 06:01:33.869,1.55192,1.55202,10.20,4.80
2008.06.24 06:01:34.032,1.55191,1.55206,1.80,4.80
2008.06.24 06:01:34.192,1.55194,1.55204,17.40,3.60
2008.06.24 06:01:34.356,1.55195,1.55205,24.30,2.40
2008.06.24 06:01:34.518,1.55189,1.55209,27.60,4.80
2008.06.24 06:01:34.682,1.55192,1.55207,3.00,15.10
2008.06.24 06:01:37.324,1.55192,1.55207,3.00,2.40
2008.06.24 06:01:37.381,1.55198,1.55203,10.60,4.80
2008.06.24 06:01:37.402,1.55196,1.55206,3.60,2.40
2008.06.24 06:01:37.916,1.55194,1.55204,4.80,1.20
2008.06.24 06:01:37.956,1.55195,1.552,3.00,2.40
2008.06.24 06:01:38.126,1.55188,1.55194,12.60,4.20
2008.06.24 06:01:38.323,1.55181,1.55186,10.20,13.80
2008.06.24 06:01:38.564,1.55167,1.55182,0.40,2.40
2008.06.24 06:01:38.811,1.55166,1.55176,8.40,2.40
2008.06.24 06:01:40.359,1.55168,1.55184,2.40,1.00
2008.06.24 06:01:40.617,1.55181,1.55186,2.40,4.20
2008.06.24 06:01:40.896,1.55182,1.55192,2.40,4.80
2008.06.24 06:01:42.652,1.55181,1.55196,24.00,9.40
2008.06.24 06:01:42.868,1.55183,1.55198,5.40,4.80
2008.06.24 06:01:43.005,1.55184,1.55199,3.00,7.80
2008.06.24 06:01:43.175,1.55185,1.552,24.90,1.00
2008.06.24 06:01:43.322,1.55187,1.55202,3.60,9.00
2008.06.24 06:01:43.407,1.55188,1.55203,2.40,6.40
2008.06.24 06:01:43.528,1.55189,1.55204,5.40,7.20
2008.06.24 06:01:43.564,1.55191,1.55206,7.20,7.80
2008.06.24 06:01:43.659,1.55192,1.55207,34.30,2.40
2008.06.24 06:01:43.696,1.55195,1.55205,8.40,7.20
2008.06.24 06:01:43.995,1.55196,1.55206,3.00,8.50
2008.06.24 06:01:44.302,1.55194,1.55204,2.40,4.20
2008.06.24 06:01:45.137,1.55193,1.55203,1.20,32.10
2008.06.24 06:01:45.968,1.55192,1.55207,19.50,8.10
2008.06.24 06:01:46.108,1.55198,1.55203,3.00,7.20
2008.06.24 06:01:46.448,1.55199,1.55204,3.60,14.60
2008.06.24 06:01:50.076,1.55199,1.55204,4.40,2.40
2008.06.24 06:01:50.404,1.55198,1.55208,8.40,3.00
2008.06.24 06:01:50.732,1.552,1.55205,2.40,1.00
2008.06.24 06:01:52.337,1.55198,1.55203,7.80,6.00
2008.06.24 06:01:52.462,1.55192,1.55207,7.50,2.40
2008.06.24 06:01:53.580,1.55188,1.55208,2.40,12.10
2008.06.24 06:01:53.662,1.55192,1.55202,8.40,6.00
2008.06.24 06:01:53.820,1.55188,1.55198,18.60,4.80
2008.06.24 06:01:53.980,1.55183,1.55193,21.00,5.40
2008.06.24 06:01:55.041,1.55179,1.55195,1.00,2.40
2008.06.24 06:01:56.295,1.55177,1.55197,8.40,4.80
2008.06.24 06:01:56.514,1.55183,1.55188,7.20,5.40
2008.06.24 06:01:56.708,1.5518,1.55195,44.80,2.40
2008.06.24 06:01:56.901,1.5518,1.552,15.00,1.00
2008.06.24 06:01:57.096,1.55185,1.55205,2.40,7.20
2008.06.24 06:01:57.288,1.5519,1.5521,3.60,5.40
2008.06.24 06:01:57.565,1.55196,1.55211,3.00,2.40
2008.06.24 06:01:57.844,1.55195,1.55215,4.80,19.00
2008.06.24 06:01:59.400,1.55199,1.55214,8.40,1.80
2008.06.24 06:01:59.717,1.552,1.55215,8.40,15.10
2008.06.24 06:01:59.873,1.552,1.55216,1.00,3.00
2008.06.24 06:02:02.384,1.5522,1.55224,25.00,5.40
2008.06.24 06:02:04.233,1.55218,1.55228,19.50,10.50
2008.06.24 06:02:04.430,1.55219,1.55229,7.20,4.80
2008.06.24 06:02:04.630,1.55219,1.55229,10.20,6.00
2008.06.24 06:02:05.030,1.55216,1.55226,7.80,2.40
2008.06.24 06:02:06.341,1.55212,1.55227,3.00,1.80
2008.06.24 06:02:06.588,1.55206,1.55226,10.00,1.00
2008.06.24 06:02:06.834,1.55205,1.5522,2.40,15.10
2008.06.24 06:02:07.080,1.55202,1.55222,4.80,11.40
2008.06.24 06:02:07.279,1.55203,1.55218,12.60,9.00
2008.06.24 06:02:07.678,1.55205,1.5522,2.40,2.40
2008.06.24 06:02:07.878,1.55206,1.55221,1.80,8.80
2008.06.24 06:02:08.078,1.5521,1.55225,2.40,6.00
2008.06.24 06:02:08.148,1.5521,1.55235,9.00,4.20
2008.06.24 06:02:08.279,1.55217,1.55232,22.80,5.40
2008.06.24 06:02:08.442,1.5522,1.5523,10.20,3.60
2008.06.24 06:02:08.922,1.55219,1.55229,9.60,9.60
2008.06.24 06:02:09.443,1.55218,1.55228,6.00,4.80
2008.06.24 06:02:09.643,1.55212,1.55228,5.40,10.50
2008.06.24 06:02:10.508,1.55213,1.55223,9.00,2.40
2008.06.24 06:02:10.650,1.55212,1.55222,6.00,5.20
2008.06.24 06:02:10.907,1.55215,1.55225,6.00,11.40
2008.06.24 06:02:10.975,1.55219,1.55233,2.40,6.40
2008.06.24 06:02:11.168,1.5523,1.5524,12.60,4.80
2008.06.24 06:02:13.315,1.55239,1.55253,2.40,3.30
2008.06.24 06:02:24.291,1.55241,1.55257,13.80,4.80
2008.06.24 06:02:24.558,1.55237,1.55253,7.80,4.80
2008.06.24 06:02:26.487,1.55231,1.55247,9.00,6.00
2008.06.24 06:02:26.554,1.55227,1.55237,4.80,8.10
2008.06.24 06:02:26.682,1.55225,1.5523,2.40,11.40
2008.06.24 06:02:26.946,1.55216,1.55231,1.20,3.00
2008.06.24 06:02:27.545,1.55211,1.55226,2.40,3.00
2008.06.24 06:02:27.982,1.55208,1.55223,5.60,1.00
2008.06.24 06:02:28.249,1.55205,1.55225,7.80,9.00
2008.06.24 06:02:33.038,1.55209,1.55224,3.60,2.50
2008.06.24 06:02:33.147,1.55211,1.55226,8.40,2.70
2008.06.24 06:02:33.857,1.55213,1.55228,7.20,4.80
2008.06.24 06:02:35.236,1.55214,1.55229,6.60,8.50
2008.06.24 06:02:35.505,1.55215,1.5523,7.20,5.80
2008.06.24 06:02:35.681,1.55213,1.55228,6.00,4.20
2008.06.24 06:02:35.715,1.55211,1.55226,2.40,1.20
2008.06.24 06:02:35.780,1.55216,1.55221,6.00,1.00
2008.06.24 06:02:35.812,1.55215,1.5522,7.60,3.00
2008.06.24 06:02:36.010,1.55211,1.55221,4.80,10.60
2008.06.24 06:02:36.046,1.5521,1.5522,5.40,7.00
2008.06.24 06:02:36.786,1.55214,1.55219,10.20,1.80
2008.06.24 06:02:37.258,1.5521,1.55225,6.00,3.00
2008.06.24 06:02:39.668,1.55217,1.55221,4.80,1.00
2008.06.24 06:02:39.841,1.55213,1.55228,7.20,3.00
2008.06.24 06:02:39.910,1.55215,1.5523,15.20,3.00
2008.06.24 06:02:39.959,1.55212,1.55228,6.00,11.70
2008.06.24 06:02:40.058,1.55209,1.55229,2.40,8.80
2008.06.24 06:02:40.082,1.55205,1.55225,18.60,6.00
2008.06.24 06:02:40.194,1.55199,1.55219,9.00,11.80
2008.06.24 06:02:40.379,1.55191,1.55211,7.80,17.50
2008.06.24 06:02:40.402,1.55182,1.55202,7.20,1.20
2008.06.24 06:02:40.754,1.55182,1.55196,1.00,6.00
2008.06.24 06:02:41.576,1.55186,1.55202,2.40,6.60
2008.06.24 06:02:41.982,1.5519,1.5521,2.40,7.50
2008.06.24 06:02:42.176,1.55195,1.55211,8.40,2.40
2008.06.24 06:02:42.370,1.55197,1.55212,8.40,4.50
2008.06.24 06:02:44.586,1.55201,1.55211,8.40,3.40
2008.06.24 06:02:44.666,1.55199,1.55219,1.00,4.80
2008.06.24 06:02:45.225,1.552,1.5522,7.80,9.00
2008.06.24 06:02:45.320,1.55201,1.55221,1.20,2.70
2008.06.24 06:02:45.470,1.55203,1.55223,9.00,3.00
2008.06.24 06:02:45.730,1.55204,1.55224,6.50,2.40
2008.06.24 06:02:45.914,1.55205,1.55225,21.60,15.60
2008.06.24 06:02:46.270,1.55204,1.55224,1.00,15.60
2008.06.24 06:02:46.809,1.55203,1.55223,4.20,17.20
2008.06.24 06:02:53.566,1.55206,1.55221,14.60,5.40
2008.06.24 06:02:57.494,1.55206,1.55226,7.20,4.80
2008.06.24 06:02:57.634,1.5521,1.5523,4.80,3.00
2008.06.24 06:02:57.774,1.55214,1.55234,2.40,2.40
2008.06.24 06:02:57.916,1.55217,1.55237,4.80,11.40
2008.06.24 06:02:58.341,1.5522,1.55235,4.80,9.00
2008.06.24 06:02:59.165,1.55221,1.55237,3.60,3.00
2008.06.24 06:03:01.065,1.55236,1.55252,12.60,2.40
2008.06.24 06:03:01.334,1.55233,1.55243,13.30,10.00
2008.06.24 06:03:01.556,1.55228,1.55233,3.60,1.00
2008.06.24 06:03:01.777,1.55224,1.55229,1.20,2.40
2008.06.24 06:03:01.996,1.55215,1.5523,7.80,4.00
2008.06.24 06:03:02.216,1.55213,1.55228,23.40,17.50
2008.06.24 06:03:11.754,1.55213,1.55228,15.30,2.40
2008.06.24 06:03:12.716,1.55219,1.55225,7.20,3.00
2008.06.24 06:03:18.494,1.55214,1.55234,8.40,10.80
2008.06.24 06:03:19.814,1.55217,1.55237,8.40,8.40
2008.06.24 06:03:20.036,1.55221,1.55236,16.80,30.00
2008.06.24 06:03:20.256,1.55219,1.55239,12.60,2.40
2008.06.24 06:03:20.476,1.55217,1.55237,9.00,16.90
2008.06.24 06:03:21.032,1.55214,1.55234,3.60,3.40
2008.06.24 06:03:23.023,1.55209,1.55229,6.10,2.50
2008.06.24 06:03:23.139,1.55204,1.55224,1.20,7.20
2008.06.24 06:03:25.422,1.552,1.5522,19.80,2.40
2008.06.24 06:03:25.520,1.55199,1.55214,4.80,1.80
2008.06.24 06:03:25.673,1.55199,1.55214,2.40,13.40
2008.06.24 06:03:25.828,1.552,1.55215,28.20,1.80
2008.06.24 06:03:26.348,1.55204,1.55214,4.80,2.40
2008.06.24 06:03:26.500,1.55208,1.55218,5.40,9.00
2008.06.24 06:03:26.832,1.55215,1.5522,17.40,4.80
2008.06.24 06:03:28.519,1.55219,1.55224,11.40,2.40
2008.06.24 06:03:29.027,1.55221,1.55231,6.60,3.00
2008.06.24 06:03:31.138,1.55221,1.55241,5.40,20.10
2008.06.24 06:03:33.294,1.55225,1.55245,2.40,12.10
2008.06.24 06:03:33.411,1.55226,1.55246,5.60,1.00
2008.06.24 06:03:33.527,1.55227,1.55247,2.50,1.80
2008.06.24 06:03:35.100,1.55232,1.55237,7.80,12.00
2008.06.24 06:03:35.664,1.55227,1.55232,6.60,2.40
2008.06.24 06:03:36.008,1.55217,1.55227,9.00,1.00
2008.06.24 06:03:36.180,1.55207,1.55222,3.00,2.40
2008.06.24 06:03:36.396,1.55197,1.55212,17.40,4.20
2008.06.24 06:03:36.612,1.55192,1.55212,7.20,29.60
2008.06.24 06:03:36.828,1.55202,1.55217,16.20,5.40
2008.06.24 06:03:36.910,1.55213,1.55223,9.60,9.90
2008.06.24 06:03:37.044,1.55218,1.55234,4.80,9.60
2008.06.24 06:03:38.640,1.55227,1.55232,1.20,15.80
2008.06.24 06:03:38.694,1.55231,1.55236,6.00,2.40
2008.06.24 06:03:38.802,1.55232,1.55237,6.00,7.80
2008.06.24 06:03:38.858,1.55232,1.55242,13.00,2.40
2008.06.24 06:03:38.912,1.55234,1.55244,5.40,7.30
2008.06.24 06:03:39.016,1.55241,1.55246,18.60,4.20
2008.06.24 06:03:39.228,1.55242,1.55247,24.60,2.40
2008.06.24 06:03:39.281,1.55241,1.55251,9.90,6.00
2008.06.24 06:03:39.711,1.55237,1.55252,5.40,7.20
2008.06.24 06:03:40.055,1.55233,1.55253,1.80,6.30
2008.06.24 06:03:40.629,1.55235,1.5524,6.00,2.40
2008.06.24 06:03:40.872,1.55229,1.55234,2.40,11.20
2008.06.24 06:03:41.111,1.55222,1.55232,1.20,7.20
2008.06.24 06:03:41.349,1.55216,1.55231,5.40,10.20
2008.06.24 06:03:41.685,1.55218,1.55233,2.40,13.20
2008.06.24 06:03:42.024,1.55221,1.55241,2.40,6.00
2008.06.24 06:03:42.464,1.55232,1.55252,6.00,2.40
2008.06.24 06:03:42.596,1.55243,1.55263,2.40,4.50
2008.06.24 06:03:42.702,1.55247,1.55267,18.00,2.40
2008.06.24 06:03:42.808,1.55241,1.55261,4.80,8.40
2008.06.24 06:03:43.027,1.55234,1.55254,12.00,6.00
2008.06.24 06:03:43.133,1.55226,1.55246,3.00,9.40
2008.06.24 06:03:43.240,1.55224,1.55239,5.40,1.00
2008.06.24 06:03:43.344,1.55219,1.55234,1.80,4.80
2008.06.24 06:03:43.449,1.55218,1.55228,4.80,5.40
2008.06.24 06:03:43.648,1.55217,1.55227,6.00,4.20
2008.06.24 06:03:43.844,1.55214,1.55229,4.80,5.40
2008.06.24 06:03:44.040,1.55219,1.55229,4.80,2.40
2008.06.24 06:03:44.238,1.55223,1.55228,7.80,11.40
2008.06.24 06:03:44.436,1.55227,1.55232,9.40,4.80
2008.06.24 06:03:44.660,1.55228,1.55232,6.60,8.90
2008.06.24 06:03:44.884,1.55222,1.55242,20.50,9.00
2008.06.24 06:03:45.108,1.55225,1.5524,17.40,1.00
2008.06.24 06:03:45.334,1.55224,1.55239,4.80,16.80
2008.06.24 06:03:45.560,1.55221,1.55241,3.00,6.20
2008.06.24 06:03:45.816,1.55221,1.55241,4.20,6.00
2008.06.24 06:03:47.892,1.55227,1.55237,10.80,4.80
2008.06.24 06:03:48.150,1.5523,1.55235,1.20,18.00
2008.06.24 06:03:48.327,1.5523,1.55235,15.00,1.00
2008.06.24 06:03:48.654,1.55223,1.55238,3.00,16.90
2008.06.24 06:03:48.812,1.55223,1.55238,6.60,3.00
2008.06.24 06:03:48.968,1.55224,1.55239,2.40,1.20
2008.06.24 06:03:49.224,1.55226,1.55241,2.40,4.20
2008.06.24 06:03:49.480,1.55229,1.55244,3.00,6.10
2008.06.24 06:03:50.923,1.55233,1.55248,8.40,2.40
2008.06.24 06:03:51.222,1.55234,1.55249,8.40,6.00
2008.06.24 06:03:51.467,1.55239,1.55244,6.00,6.00
2008.06.24 06:03:52.641,1.5524,1.55245,5.40,12.10
2008.06.24 06:03:52.985,1.55234,1.55249,4.60,6.00
2008.06.24 06:03:54.524,1.55235,1.5525,4.80,10.30
2008.06.24 06:03:57.931,1.55237,1.55247,1.00,2.50
2008.06.24 06:03:57.991,1.55236,1.55246,6.60,4.80
2008.06.24 06:03:58.051,1.55234,1.55244,10.80,2.40
2008.06.24 06:03:58.171,1.55231,1.55246,5.40,7.20
2008.06.24 06:03:58.231,1.55232,1.55248,1.20,2.40
2008.06.24 06:04:01.364,1.55232,1.55248,1.00,8.40
2008.06.24 06:04:01.561,1.55232,1.55247,14.40,13.60
2008.06.24 06:04:01.707,1.5523,1.55245,17.40,3.00
2008.06.24 06:04:02.003,1.55228,1.55243,5.40,3.00
2008.06.24 06:04:02.449,1.55229,1.55239,10.20,9.60
2008.06.24 06:04:02.597,1.55228,1.55238,6.00,2.40
2008.06.24 06:04:02.720,1.55227,1.55237,9.00,2.40
2008.06.24 06:04:02.853,1.55227,1.55242,6.00,6.90
2008.06.24 06:04:02.973,1.55231,1.55241,7.80,5.40
2008.06.24 06:04:03.230,1.55227,1.55247,1.20,3.00
2008.06.24 06:04:03.351,1.55231,1.55246,6.00,5.60
2008.06.24 06:04:03.591,1.5523,1.55245,5.40,6.60
2008.06.24 06:04:04.421,1.55225,1.55245,2.40,5.40
2008.06.24 06:04:04.668,1.55225,1.5524,4.80,28.00
2008.06.24 06:04:04.911,1.55218,1.55238,8.40,7.90
2008.06.24 06:04:05.071,1.55215,1.55235,14.40,1.20
2008.06.24 06:04:05.383,1.55218,1.55233,7.80,4.80
2008.06.24 06:04:05.851,1.5522,1.55235,44.80,2.40
2008.06.24 06:04:06.269,1.55225,1.5524,3.00,2.40
2008.06.24 06:04:07.803,1.55235,1.5525,8.40,12.70
2008.06.24 06:04:08.379,1.55244,1.55264,13.20,9.00
2008.06.24 06:04:08.539,1.55252,1.55268,14.40,9.40
2008.06.24 06:04:08.693,1.5525,1.55265,1.00,6.40
2008.06.24 06:04:09.245,1.55245,1.5526,11.00,2.40
2008.06.24 06:04:09.519,1.55244,1.55259,15.90,6.00
2008.06.24 06:04:10.517,1.55244,1.55259,9.60,3.90
2008.06.24 06:04:10.984,1.55245,1.55259,9.00,1.20
2008.06.24 06:04:11.141,1.55247,1.55257,8.40,8.40
2008.06.24 06:04:11.503,1.55245,1.55255,8.40,3.60
2008.06.24 06:04:11.680,1.55241,1.55251,6.00,2.40
2008.06.24 06:04:12.417,1.55235,1.55245,1.00,7.80
2008.06.24 06:04:12.632,1.55227,1.55243,15.00,3.00
2008.06.24 06:04:12.842,1.55224,1.55239,6.60,7.20
2008.06.24 06:04:14.063,1.55222,1.55232,4.80,11.50
2008.06.24 06:04:14.234,1.55219,1.55234,9.00,1.20
2008.06.24 06:04:14.351,1.55219,1.55235,5.40,4.80
2008.06.24 06:04:14.699,1.55221,1.55235,5.40,11.40
2008.06.24 06:04:14.815,1.55223,1.55238,3.00,1.00
2008.06.24 06:04:15.882,1.55225,1.5524,4.80,11.40
2008.06.24 06:04:16.556,1.55224,1.55244,19.80,4.80
2008.06.24 06:04:17.378,1.55225,1.5524,19.80,1.00
2008.06.24 06:04:19.312,1.55221,1.55241,3.00,6.00
2008.06.24 06:04:19.461,1.55222,1.55237,2.40,4.80
2008.06.24 06:04:19.625,1.55223,1.55233,2.40,1.30
2008.06.24 06:04:19.768,1.55223,1.55233,15.00,7.80
2008.06.24 06:04:19.916,1.55222,1.55237,7.20,9.70
2008.06.24 06:04:20.059,1.55223,1.55238,2.40,7.00
2008.06.24 06:04:26.341,1.55226,1.55241,12.60,2.40
2008.06.24 06:04:27.784,1.55227,1.55242,4.20,6.10
2008.06.24 06:04:27.825,1.5523,1.5524,19.80,9.00
2008.06.24 06:04:28.276,1.55232,1.55242,12.00,4.80
2008.06.24 06:04:28.786,1.55227,1.55242,10.80,32.10
2008.06.24 06:04:31.342,1.55227,1.55242,4.80,7.20
2008.06.24 06:04:31.541,1.55226,1.55241,6.60,15.30
2008.06.24 06:04:31.613,1.55227,1.55237,1.00,3.60
2008.06.24 06:04:31.716,1.55223,1.55238,7.80,4.90
2008.06.24 06:04:31.847,1.5522,1.55235,6.00,3.70
2008.06.24 06:04:35.070,1.55217,1.55227,2.40,7.20
2008.06.24 06:04:35.368,1.55207,1.55222,1.00,4.80
2008.06.24 06:04:35.664,1.552,1.5521,9.60,4.80
2008.06.24 06:04:35.959,1.55196,1.55211,6.00,11.50
2008.06.24 06:04:36.123,1.55206,1.55216,1.00,16.80
2008.06.24 06:04:36.287,1.55212,1.55227,21.40,3.00
2008.06.24 06:04:36.451,1.55216,1.55236,42.30,7.80
2008.06.24 06:04:36.943,1.55222,1.55237,7.20,1.20
2008.06.24 06:04:37.209,1.55225,1.55235,10.20,4.80
2008.06.24 06:04:37.475,1.55221,1.55237,4.00,6.00
2008.06.24 06:04:38.848,1.55218,1.55238,9.60,3.00
2008.06.24 06:04:39.017,1.55217,1.55237,8.40,1.20
2008.06.24 06:04:39.184,1.55216,1.55236,7.80,1.20
2008.06.24 06:04:39.331,1.55217,1.55232,6.00,1.00
2008.06.24 06:04:39.391,1.55215,1.55235,6.60,2.40
2008.06.24 06:04:40.197,1.55219,1.55234,7.80,2.40
2008.06.24 06:04:40.471,1.5522,1.55235,3.60,6.90
2008.06.24 06:04:40.747,1.5522,1.55235,22.80,5.40
2008.06.24 06:04:41.023,1.55219,1.55234,3.00,1.80
2008.06.24 06:04:45.546,1.55219,1.55234,19.20,9.00
2008.06.24 06:04:50.595,1.5522,1.55235,16.80,2.40
2008.06.24 06:04:50.844,1.55221,1.55236,1.20,6.00
2008.06.24 06:04:53.781,1.55222,1.55232,9.00,13.20
2008.06.24 06:04:53.841,1.5522,1.5523,18.00,6.00
2008.06.24 06:04:53.896,1.5522,1.5523,6.00,3.30
2008.06.24 06:04:54.025,1.55216,1.55231,1.20,2.40
2008.06.24 06:04:54.083,1.55219,1.55229,4.80,7.20
2008.06.24 06:04:54.313,1.55221,1.55231,5.40,3.60
2008.06.24 06:04:54.371,1.55224,1.55234,4.20,1.20
2008.06.24 06:04:54.599,1.55226,1.55241,3.00,8.40
2008.06.24 06:04:54.655,1.55228,1.55243,15.00,1.80
2008.06.24 06:04:54.714,1.55228,1.55243,1.20,3.00
2008.06.24 06:04:57.133,1.55229,1.55239,5.40,10.20
2008.06.24 06:04:57.302,1.5523,1.55235,4.80,4.80
2008.06.24 06:04:57.639,1.55223,1.55239,7.30,2.40
2008.06.24 06:05:02.218,1.55219,1.55225,4.80,9.00
2008.06.24 06:05:02.422,1.55216,1.55231,6.00,13.80
2008.06.24 06:05:03.607,1.55222,1.55232,10.20,4.80
2008.06.24 06:05:03.702,1.55221,1.55236,6.60,7.20
2008.06.24 06:05:03.894,1.55222,1.55237,1.80,2.40
2008.06.24 06:05:03.989,1.55223,1.55238,6.00,13.90
2008.06.24 06:05:04.182,1.55225,1.5524,12.60,4.80
2008.06.24 06:05:04.416,1.55225,1.5524,6.00,2.40
2008.06.24 06:05:04.859,1.55229,1.55239,7.20,2.40
2008.06.24 06:05:05.437,1.55228,1.55243,2.40,8.40
2008.06.24 06:05:06.026,1.55232,1.55242,7.50,17.20
2008.06.24 06:05:10.761,1.55231,1.55241,9.60,4.80
2008.06.24 06:05:10.801,1.55229,1.55239,5.40,10.90
2008.06.24 06:05:10.881,1.55227,1.55237,4.80,2.40
2008.06.24 06:05:11.286,1.55222,1.55237,4.80,3.00
2008.06.24 06:05:11.626,1.55223,1.55233,2.40,1.20
2008.06.24 06:05:11.967,1.55225,1.5523,25.20,1.00
2008.06.24 06:05:12.127,1.55222,1.55232,1.20,12.30
2008.06.24 06:05:14.858,1.55226,1.55231,17.40,4.80
2008.06.24 06:05:14.993,1.55227,1.55232,4.80,10.30
2008.06.24 06:05:15.129,1.55228,1.55233,4.80,4.80
2008.06.24 06:05:15.425,1.55222,1.55238,37.80,4.80
2008.06.24 06:05:16.468,1.55223,1.55233,4.80,10.20
2008.06.24 06:05:16.642,1.55221,1.55226,7.80,4.80
2008.06.24 06:05:16.863,1.55214,1.55224,20.40,4.80
2008.06.24 06:05:17.082,1.55208,1.55222,1.00,14.80
2008.06.24 06:05:17.302,1.55201,1.55216,2.40,2.40
2008.06.24 06:05:17.525,1.55199,1.55213,6.00,2.60
2008.06.24 06:05:17.622,1.55203,1.55218,7.20,4.80
2008.06.24 06:05:17.717,1.5521,1.5522,2.40,4.80
2008.06.24 06:05:18.005,1.55213,1.55223,4.20,14.40
2008.06.24 06:05:18.436,1.55217,1.55227,2.40,1.00
2008.06.24 06:05:18.543,1.55219,1.55229,2.40,19.00
2008.06.24 06:05:19.941,1.55223,1.55227,5.40,4.80
2008.06.24 06:05:19.985,1.55224,1.55229,4.80,2.40
2008.06.24 06:05:20.032,1.55225,1.5523,10.80,4.80
2008.06.24 06:05:20.209,1.55223,1.55228,1.00,16.20
2008.06.24 06:05:20.524,1.55219,1.55229,11.40,6.30
2008.06.24 06:05:20.681,1.55223,1.55228,10.60,4.80
2008.06.24 06:05:20.769,1.55223,1.55233,2.40,4.20
2008.06.24 06:05:21.154,1.55224,1.55234,3.60,2.40
2008.06.24 06:05:21.502,1.55228,1.55233,7.20,14.80
2008.06.24 06:05:21.844,1.55228,1.55233,2.40,1.20
2008.06.24 06:05:22.032,1.5523,1.55235,4.80,21.00
2008.06.24 06:05:22.207,1.55229,1.55239,6.60,4.20
2008.06.24 06:05:26.333,1.55228,1.55238,2.40,3.00
2008.06.24 06:05:26.561,1.55231,1.55236,5.40,11.10
2008.06.24 06:05:26.790,1.55231,1.55236,4.80,1.20
2008.06.24 06:05:27.017,1.55232,1.55237,2.40,22.90
2008.06.24 06:05:27.245,1.55232,1.55242,6.60,7.20
2008.06.24 06:05:31.368,1.55231,1.55247,2.40,1.00
2008.06.24 06:05:34.993,1.55239,1.55249,4.80,21.00
2008.06.24 06:05:35.041,1.55241,1.55256,7.80,4.00
2008.06.24 06:05:35.129,1.55244,1.55259,1.00,14.50
2008.06.24 06:05:35.229,1.55247,1.55261,1.00,4.40
2008.06.24 06:05:35.557,1.55242,1.55256,11.00,4.80
2008.06.24 06:05:36.289,1.55239,1.55249,7.20,5.40
2008.06.24 06:05:36.534,1.55237,1.55241,9.70,5.60
2008.06.24 06:05:37.125,1.5523,1.5524,7.60,3.00
2008.06.24 06:05:39.237,1.55227,1.55237,22.80,10.80
2008.06.24 06:05:40.742,1.55226,1.55236,2.40,6.00
2008.06.24 06:05:40.885,1.55224,1.55234,1.00,6.00
2008.06.24 06:05:41.166,1.55224,1.55229,2.40,5.80
2008.06.24 06:05:41.305,1.55222,1.55227,10.20,3.00
2008.06.24 06:05:41.448,1.55222,1.55226,3.00,2.40
2008.06.24 06:05:41.766,1.55217,1.55227,2.40,9.40
2008.06.24 06:05:44.601,1.55216,1.55226,3.60,6.00
2008.06.24 06:05:44.702,1.55218,1.55223,3.00,9.60
2008.06.24 06:05:44.801,1.55219,1.55224,12.60,2.80
2008.06.24 06:05:44.902,1.55221,1.55226,2.40,15.90
2008.06.24 06:05:45.077,1.5522,1.5523,10.20,4.20
2008.06.24 06:05:49.763,1.55223,1.55233,1.00,2.40
2008.06.24 06:05:50.687,1.55227,1.55237,2.40,12.60
2008.06.24 06:05:51.137,1.55225,1.5524,3.00,2.70
2008.06.24 06:05:51.362,1.55226,1.55241,1.20,6.00
2008.06.24 06:05:51.585,1.5523,1.5524,12.60,7.20
2008.06.24 06:05:53.200,1.55228,1.55238,13.60,4.80
2008.06.24 06:05:53.310,1.55227,1.55237,4.80,4.40
2008.06.24 06:05:53.421,1.55231,1.55236,3.00,9.00
2008.06.24 06:05:53.497,1.55231,1.55236,4.20,10.40
2008.06.24 06:05:53.842,1.55229,1.55239,12.80,4.80
2008.06.24 06:05:55.279,1.55231,1.55236,3.60,1.00
2008.06.24 06:05:55.437,1.55232,1.55237,15.60,2.40
2008.06.24 06:05:55.505,1.55233,1.55238,16.20,2.60
2008.06.24 06:05:55.653,1.55234,1.55239,4.80,3.60
2008.06.24 06:05:55.723,1.55233,1.55243,6.00,5.40
2008.06.24 06:05:57.097,1.55234,1.55244,2.40,4.80
2008.06.24 06:05:58.420,1.55235,1.55245,4.20,18.30
2008.06.24 06:06:04.422,1.55226,1.55232,4.80,2.40
2008.06.24 06:06:04.642,1.55223,1.55233,19.80,6.00
2008.06.24 06:06:05.673,1.55221,1.55231,2.40,24.60
2008.06.24 06:06:10.938,1.55225,1.5523,1.00,8.80
2008.06.24 06:06:11.043,1.55226,1.55231,5.10,4.80
2008.06.24 06:06:11.250,1.55227,1.55232,4.80,4.80
2008.06.24 06:06:11.559,1.55224,1.55234,8.40,34.20
2008.06.24 06:06:20.904,1.55225,1.5523,3.00,4.80
2008.06.24 06:06:20.981,1.55223,1.55228,6.00,8.40
2008.06.24 06:06:21.045,1.55216,1.55231,8.40,2.70
2008.06.24 06:06:21.138,1.55218,1.55223,2.40,20.20
2008.06.24 06:06:21.189,1.55216,1.55221,11.40,14.50
2008.06.24 06:06:21.336,1.5521,1.55225,10.20,4.80
2008.06.24 06:06:21.459,1.55211,1.55221,1.00,24.00
2008.06.24 06:06:21.527,1.5521,1.5522,10.80,36.00
2008.06.24 06:06:21.624,1.55204,1.55224,13.20,2.40
2008.06.24 06:06:22.258,1.55206,1.55221,4.80,14.20
2008.06.24 06:06:24.927,1.55209,1.55219,4.80,9.10
2008.06.24 06:06:25.028,1.55211,1.55216,2.40,9.10
2008.06.24 06:06:25.229,1.5521,1.55215,2.40,9.00
2008.06.24 06:06:25.422,1.55209,1.55214,12.60,6.00
2008.06.24 06:06:25.535,1.55206,1.55216,17.40,2.40
2008.06.24 06:06:25.902,1.55205,1.55215,5.20,12.60
2008.06.24 06:06:26.434,1.55209,1.55214,6.00,2.40
2008.06.24 06:06:26.555,1.5521,1.5522,6.00,2.40
2008.06.24 06:06:26.703,1.55212,1.55227,5.40,18.30
2008.06.24 06:06:26.999,1.55215,1.5523,3.60,5.40
2008.06.24 06:06:27.183,1.55216,1.55231,10.80,4.80
2008.06.24 06:06:28.304,1.55218,1.55233,5.40,2.40
2008.06.24 06:06:31.526,1.55218,1.55233,4.80,3.00
2008.06.24 06:06:31.721,1.55215,1.55235,6.00,18.60
2008.06.24 06:06:31.789,1.55213,1.55233,6.00,1.20
2008.06.24 06:06:32.078,1.55213,1.55233,6.60,2.40
2008.06.24 06:06:33.975,1.55212,1.55232,12.60,2.40
2008.06.24 06:06:34.369,1.5521,1.5523,14.60,5.70
2008.06.24 06:06:34.482,1.55215,1.55225,4.80,10.20
2008.06.24 06:06:35.235,1.55212,1.55227,13.20,3.90
2008.06.24 06:06:35.814,1.55209,1.55229,2.40,16.80
2008.06.24 06:06:36.141,1.55211,1.55226,7.20,2.40
2008.06.24 06:06:36.383,1.55214,1.55219,6.60,13.00
2008.06.24 06:06:36.626,1.55209,1.55213,7.20,4.80
2008.06.24 06:06:36.866,1.552,1.55205,2.40,12.00
2008.06.24 06:06:37.106,1.55185,1.55201,6.00,10.80
2008.06.24 06:06:38.418,1.55185,1.55195,6.00,6.00
2008.06.24 06:06:39.042,1.55184,1.55204,3.00,1.90
2008.06.24 06:06:39.347,1.55193,1.55208,6.60,12.10
2008.06.24 06:06:40.540,1.55199,1.55209,8.40,6.00
2008.06.24 06:06:40.667,1.552,1.55215,6.00,1.00
2008.06.24 06:06:40.844,1.55206,1.55211,9.00,4.80
2008.06.24 06:06:40.931,1.55206,1.55211,2.40,17.80
2008.06.24 06:06:40.976,1.55206,1.55211,9.60,1.80
2008.06.24 06:06:41.081,1.55208,1.55213,7.50,5.40
2008.06.24 06:06:41.128,1.55204,1.55219,4.80,9.95
2008.06.24 06:06:41.174,1.55206,1.55221,3.00,9.00
2008.06.24 06:06:41.280,1.55207,1.55222,6.00,4.80
2008.06.24 06:06:41.326,1.55209,1.55224,4.80,5.40
2008.06.24 06:06:41.370,1.55209,1.55229,6.60,1.20
2008.06.24 06:06:41.413,1.55216,1.55231,6.00,15.00
2008.06.24 06:06:41.974,1.55215,1.55235,2.40,7.80
2008.06.24 06:06:42.202,1.55219,1.55234,1.20,6.00
2008.06.24 06:06:42.430,1.55223,1.55233,6.00,1.00
2008.06.24 06:06:42.658,1.55221,1.55236,3.00,20.50
2008.06.24 06:06:42.994,1.55222,1.55237,9.00,5.10
2008.06.24 06:06:43.330,1.55221,1.55236,9.00,2.40
2008.06.24 06:06:43.667,1.55218,1.55238,5.40,15.10
2008.06.24 06:06:43.849,1.55219,1.55234,22.20,3.00
2008.06.24 06:06:44.031,1.55215,1.55235,10.20,9.00
2008.06.24 06:06:44.210,1.55213,1.55233,7.20,29.60
2008.06.24 06:06:44.390,1.55214,1.55234,4.80,2.40
2008.06.24 06:06:44.587,1.55216,1.55236,2.40,7.90
2008.06.24 06:06:44.738,1.55223,1.55238,6.00,7.40
2008.06.24 06:06:44.886,1.55228,1.55244,3.00,11.40
2008.06.24 06:06:45.490,1.55238,1.55248,5.40,7.20
2008.06.24 06:06:45.643,1.55244,1.55254,2.40,6.90
2008.06.24 06:06:45.923,1.55244,1.55254,18.80,2.40
2008.06.24 06:06:46.202,1.55235,1.5525,18.00,7.20
2008.06.24 06:06:46.482,1.55231,1.55236,18.60,4.80
2008.06.24 06:06:46.762,1.55222,1.55232,3.60,1.30
2008.06.24 06:06:47.042,1.55216,1.55231,10.20,11.80
2008.06.24 06:06:47.474,1.55214,1.55229,6.60,3.90
2008.06.24 06:06:47.707,1.55213,1.55228,6.60,4.80
2008.06.24 06:06:47.926,1.55217,1.55222,6.00,4.80
2008.06.24 06:06:48.254,1.55216,1.55226,3.00,9.00
2008.06.24 06:06:48.582,1.55217,1.55227,8.40,21.60
2008.06.24 06:06:48.910,1.55222,1.55226,4.80,9.70
2008.06.24 06:06:49.195,1.55218,1.55233,12.60,4.80
2008.06.24 06:06:49.762,1.55219,1.55234,3.00,2.40
2008.06.24 06:06:51.170,1.55223,1.55238,11.50,1.70
2008.06.24 06:06:51.433,1.55221,1.55241,2.40,1.80
2008.06.24 06:06:51.697,1.55221,1.55241,3.60,7.20
2008.06.24 06:06:51.963,1.55222,1.55237,5.40,4.80
2008.06.24 06:06:52.077,1.55219,1.55234,4.80,8.20
2008.06.24 06:06:52.194,1.55214,1.55229,8.40,2.40
2008.06.24 06:06:52.310,1.55212,1.55222,7.80,7.20
2008.06.24 06:06:56.126,1.55205,1.5522,33.00,2.40
2008.06.24 06:06:56.219,1.55207,1.55217,2.40,6.60
2008.06.24 06:06:56.307,1.55207,1.55217,16.20,5.40
2008.06.24 06:06:56.482,1.55211,1.55216,7.80,7.20
2008.06.24 06:06:56.846,1.55209,1.55224,4.80,5.40
2008.06.24 06:06:56.934,1.55211,1.55231,10.80,3.00
2008.06.24 06:06:57.025,1.5522,1.5523,2.40,4.80
2008.06.24 06:06:57.114,1.55223,1.55233,8.40,1.00
2008.06.24 06:06:57.202,1.55227,1.55237,6.00,2.70
2008.06.24 06:06:57.531,1.55225,1.5524,4.80,1.00
2008.06.24 06:06:57.862,1.55229,1.55239,4.80,4.20
2008.06.24 06:06:58.190,1.55226,1.55236,10.80,6.60
2008.06.24 06:06:58.418,1.55227,1.55232,3.60,11.00
2008.06.24 06:06:58.646,1.55225,1.5523,6.00,4.60
2008.06.24 06:06:58.888,1.55221,1.55231,21.60,6.00
2008.06.24 06:06:59.123,1.55219,1.55234,9.00,5.40
2008.06.24 06:06:59.349,1.55222,1.55237,8.40,6.00
2008.06.24 06:06:59.573,1.55226,1.55241,2.40,21.40
2008.06.24 06:06:59.991,1.55231,1.55241,9.60,1.00
2008.06.24 06:07:00.511,1.55214,1.5523,14.40,9.70
2008.06.24 06:07:03.559,1.55219,1.55233,8.40,2.40
2008.06.24 06:07:04.339,1.55228,1.55233,7.80,8.40
2008.06.24 06:07:05.011,1.55226,1.55241,1.00,6.40
2008.06.24 06:07:05.327,1.5523,1.5524,9.00,3.00
2008.06.24 06:07:05.933,1.55233,1.55238,6.60,8.40
2008.06.24 06:07:06.165,1.55235,1.5524,1.00,2.40
2008.06.24 06:07:06.281,1.55233,1.55238,4.80,3.60
2008.06.24 06:07:06.397,1.55232,1.55237,44.80,2.40
2008.06.24 06:07:06.745,1.55229,1.55239,5.40,13.20
2008.06.24 06:07:06.991,1.55225,1.5524,2.40,9.60
2008.06.24 06:07:07.233,1.55223,1.55238,7.20,2.40
2008.06.24 06:07:07.473,1.55222,1.55237,6.00,3.60
2008.06.24 06:07:08.597,1.55226,1.55231,4.80,12.10
2008.06.24 06:07:08.745,1.55222,1.55237,8.40,7.80
2008.06.24 06:07:09.081,1.55228,1.55233,7.80,8.40
2008.06.24 06:07:10.856,1.55223,1.55238,2.40,10.80
2008.06.24 06:07:11.972,1.55225,1.5524,3.60,1.00
2008.06.24 06:07:13.082,1.55226,1.55241,9.30,1.00
2008.06.24 06:07:13.237,1.55227,1.55242,10.20,4.80
2008.06.24 06:07:13.549,1.55227,1.55242,6.00,2.40
2008.06.24 06:07:13.705,1.55226,1.55241,9.60,9.60
2008.06.24 06:07:13.861,1.55229,1.55239,8.40,3.00
2008.06.24 06:07:14.341,1.55233,1.55238,5.40,7.80
2008.06.24 06:07:14.993,1.55233,1.55238,13.20,1.00
2008.06.24 06:07:15.307,1.55229,1.55239,2.40,8.80
2008.06.24 06:07:15.609,1.55227,1.55237,2.40,4.80
2008.06.24 06:07:15.913,1.55226,1.55236,8.40,10.20
2008.06.24 06:07:16.217,1.55225,1.55235,5.40,2.40
2008.06.24 06:07:16.393,1.55223,1.55233,19.80,4.80
2008.06.24 06:07:16.912,1.5522,1.55235,9.60,4.80
2008.06.24 06:07:17.190,1.55221,1.55237,1.20,5.40
2008.06.24 06:07:18.274,1.55227,1.55232,2.40,1.20
2008.06.24 06:07:21.490,1.55223,1.55238,1.80,9.70
2008.06.24 06:07:21.706,1.55218,1.55238,3.60,3.00
2008.06.24 06:07:21.815,1.55224,1.55229,2.40,3.00
2008.06.24 06:07:22.241,1.5522,1.55225,10.20,4.80
2008.06.24 06:07:22.457,1.55216,1.5522,2.40,9.10
2008.06.24 06:07:22.565,1.55207,1.55212,52.20,4.80
2008.06.24 06:07:22.957,1.55196,1.55206,7.80,18.70
2008.06.24 06:07:23.153,1.55196,1.552,24.90,2.40
2008.06.24 06:07:23.349,1.55201,1.55206,25.20,6.00
2008.06.24 06:07:23.544,1.55207,1.55212,2.40,6.00
2008.06.24 06:07:24.069,1.55211,1.55217,2.40,6.10
2008.06.24 06:07:24.332,1.55212,1.55222,1.00,2.40
2008.06.24 06:07:24.557,1.55219,1.55224,6.60,1.00
2008.06.24 06:07:24.953,1.55219,1.55229,4.80,7.20
2008.06.24 06:07:25.261,1.5522,1.5523,6.60,4.80
2008.06.24 06:07:25.946,1.55221,1.55231,4.80,16.20
2008.06.24 06:07:42.317,1.55223,1.55233,6.00,2.70
2008.06.24 06:07:42.405,1.55223,1.55233,5.40,4.80
2008.06.24 06:07:42.661,1.55224,1.55234,10.00,4.80
2008.06.24 06:07:42.833,1.55223,1.55233,2.40,10.20
2008.06.24 06:07:42.884,1.55221,1.55236,17.40,1.00
2008.06.24 06:07:43.889,1.55222,1.55232,3.00,8.40
2008.06.24 06:07:44.197,1.55219,1.55234,21.40,4.80
2008.06.24 06:07:44.373,1.55221,1.55231,12.00,8.40
2008.06.24 06:07:44.548,1.55226,1.55231,7.80,14.50
2008.06.24 06:07:44.735,1.55227,1.55232,8.40,2.40
2008.06.24 06:07:44.909,1.55228,1.55233,2.40,16.30
2008.06.24 06:07:45.422,1.55229,1.55234,8.40,5.40
2008.06.24 06:07:45.764,1.55228,1.55238,39.60,4.80
2008.06.24 06:07:46.105,1.55232,1.55237,2.40,3.30
2008.06.24 06:07:46.222,1.55229,1.55239,6.00,28.10
2008.06.24 06:07:46.341,1.5523,1.55235,22.80,2.40
2008.06.24 06:07:46.458,1.55229,1.55234,12.60,3.00
2008.06.24 06:07:46.577,1.55219,1.55234,3.00,2.40
2008.06.24 06:07:46.702,1.55217,1.55227,2.40,4.80
2008.06.24 06:07:46.820,1.55216,1.55226,5.40,12.70
2008.06.24 06:07:46.938,1.55215,1.55225,2.40,9.70
2008.06.24 06:07:47.053,1.55215,1.5523,1.00,2.40
2008.06.24 06:07:47.305,1.55221,1.55236,21.40,6.00
2008.06.24 06:07:47.509,1.55232,1.55242,1.00,1.00
2008.06.24 06:07:47.801,1.55239,1.55254,2.40,9.00
2008.06.24 06:07:48.049,1.55243,1.55259,13.80,2.40
2008.06.24 06:07:48.228,1.55241,1.55256,9.10,1.80
2008.06.24 06:07:48.408,1.55238,1.55248,4.80,7.80
2008.06.24 06:07:48.588,1.55232,1.55242,2.40,20.20
2008.06.24 06:07:48.769,1.5523,1.55236,12.60,4.80
2008.06.24 06:07:48.949,1.55224,1.55234,11.40,4.50
2008.06.24 06:07:49.348,1.55218,1.55233,4.80,4.80
2008.06.24 06:07:49.859,1.55216,1.55232,2.40,9.30
2008.06.24 06:07:50.085,1.55216,1.55231,11.00,2.40
2008.06.24 06:07:50.309,1.55215,1.5523,4.80,13.20
2008.06.24 06:07:50.993,1.55217,1.55231,6.60,17.20
2008.06.24 06:07:51.348,1.55222,1.55227,6.60,1.20
2008.06.24 06:07:51.431,1.55218,1.55233,13.20,3.00
2008.06.24 06:07:51.589,1.55219,1.55229,12.00,4.80
2008.06.24 06:07:51.831,1.55217,1.55227,18.00,7.80
2008.06.24 06:07:52.073,1.55213,1.55228,1.00,15.60
2008.06.24 06:07:52.313,1.55212,1.55227,6.60,2.80
2008.06.24 06:07:52.529,1.55212,1.55227,13.80,3.00
2008.06.24 06:07:52.745,1.55213,1.55228,3.60,4.80
2008.06.24 06:07:54.015,1.55213,1.55228,3.00,4.60
2008.06.24 06:07:54.239,1.55215,1.5523,6.00,4.50
2008.06.24 06:07:54.457,1.55219,1.55229,8.40,6.00
2008.06.24 06:07:54.798,1.55219,1.55229,14.40,9.40
2008.06.24 06:07:55.137,1.55218,1.55233,1.80,14.20
2008.06.24 06:07:55.477,1.55223,1.55228,11.40,8.40
2008.06.24 06:07:55.974,1.5522,1.5523,4.80,1.00
2008.06.24 06:07:56.225,1.55216,1.55231,3.60,4.80
2008.06.24 06:07:56.472,1.55215,1.5523,7.20,4.80
2008.06.24 06:07:56.757,1.55216,1.55226,7.80,4.80
2008.06.24 06:07:57.278,1.55213,1.55228,5.40,7.30
2008.06.24 06:07:57.961,1.55212,1.55227,3.60,2.40
2008.06.24 06:07:58.248,1.55211,1.55226,10.20,17.50
2008.06.24 06:07:58.681,1.55212,1.55228,4.80,1.00
2008.06.24 06:08:04.096,1.55227,1.55233,14.40,5.40
2008.06.24 06:08:04.190,1.55229,1.55234,18.00,2.40
2008.06.24 06:08:04.286,1.5523,1.55235,1.00,13.80
2008.06.24 06:08:04.422,1.55231,1.55236,5.40,10.80
2008.06.24 06:08:04.557,1.55227,1.55237,2.40,12.00
2008.06.24 06:08:04.826,1.55227,1.55237,7.80,3.30
2008.06.24 06:08:04.962,1.55228,1.55233,12.00,2.40
2008.06.24 06:08:05.097,1.55224,1.55234,2.60,4.20
2008.06.24 06:08:05.233,1.55225,1.5523,14.40,4.80
2008.06.24 06:08:05.370,1.55219,1.55234,8.40,1.20
2008.06.24 06:08:06.381,1.55216,1.55236,6.00,2.40
2008.06.24 06:08:06.877,1.55217,1.55237,9.00,2.40
2008.06.24 06:08:07.085,1.55219,1.55239,2.40,12.70
2008.06.24 06:08:07.293,1.55223,1.55238,18.00,11.70
2008.06.24 06:08:08.209,1.55226,1.55241,1.00,4.80
2008.06.24 06:08:08.887,1.55226,1.55241,6.60,5.40
2008.06.24 06:08:10.850,1.55227,1.55242,2.40,3.00
2008.06.24 06:08:10.879,1.55228,1.55243,2.40,9.00
2008.06.24 06:08:10.937,1.55228,1.55243,3.00,9.60
2008.06.24 06:08:11.454,1.55226,1.55241,4.80,10.20
2008.06.24 06:08:11.673,1.55224,1.5524,4.80,5.90
2008.06.24 06:08:13.123,1.55223,1.55233,2.40,10.50
2008.06.24 06:08:13.378,1.55223,1.55228,15.40,2.40
2008.06.24 06:08:13.497,1.55219,1.55229,2.40,17.80
2008.06.24 06:08:13.739,1.55216,1.55231,2.40,3.00
2008.06.24 06:08:13.857,1.55214,1.5523,3.00,1.00
2008.06.24 06:08:13.977,1.55218,1.55228,3.60,15.10
2008.06.24 06:08:16.668,1.55217,1.55232,7.20,4.80
2008.06.24 06:08:19.761,1.55221,1.55231,13.60,4.80
2008.06.24 06:08:19.873,1.5522,1.55235,2.40,2.40
2008.06.24 06:08:19.913,1.55219,1.55233,11.00,26.40
2008.06.24 06:08:19.964,1.55216,1.55231,2.40,21.40
2008.06.24 06:08:20.005,1.55211,1.55226,11.40,6.30
2008.06.24 06:08:20.235,1.55209,1.55225,1.00,3.30
2008.06.24 06:08:20.941,1.55212,1.55227,6.00,16.20
2008.06.24 06:08:21.122,1.55219,1.55229,1.20,4.80
2008.06.24 06:08:27.562,1.55223,1.55233,1.00,6.00
2008.06.24 06:08:27.826,1.55229,1.55234,5.40,9.00
2008.06.24 06:08:28.081,1.55232,1.55237,7.20,22.00
2008.06.24 06:08:28.995,1.55233,1.55238,22.90,10.20
2008.06.24 06:08:30.351,1.5523,1.5524,2.40,13.20
2008.06.24 06:08:30.426,1.5523,1.5524,2.40,7.50
2008.06.24 06:08:30.502,1.55228,1.55238,7.80,6.00
2008.06.24 06:08:30.663,1.5523,1.55235,13.80,4.80
2008.06.24 06:08:31.087,1.55223,1.55238,12.60,2.40
2008.06.24 06:08:31.201,1.55226,1.55241,11.40,4.80
2008.06.24 06:08:31.430,1.55227,1.55242,3.00,6.00
2008.06.24 06:08:31.545,1.5523,1.55245,9.00,2.40
2008.06.24 06:08:31.821,1.55231,1.55246,4.80,7.80
2008.06.24 06:08:32.274,1.55234,1.55244,2.40,7.00
2008.06.24 06:08:32.614,1.55229,1.55244,4.20,12.00
2008.06.24 06:08:32.953,1.55228,1.55243,13.80,6.00
2008.06.24 06:08:40.415,1.55231,1.55236,6.00,10.20
2008.06.24 06:08:40.531,1.55229,1.55235,10.20,2.40
2008.06.24 06:08:40.657,1.55228,1.55238,7.20,4.40
2008.06.24 06:08:40.845,1.55227,1.55242,15.60,2.40
2008.06.24 06:08:41.018,1.55232,1.55247,12.60,4.80
2008.06.24 06:08:41.186,1.55238,1.55253,2.40,3.00
2008.06.24 06:08:41.355,1.55244,1.55259,18.00,2.40
2008.06.24 06:08:41.522,1.55245,1.55259,4.80,7.20
2008.06.24 06:08:41.689,1.5524,1.55255,21.00,12.60
2008.06.24 06:08:42.371,1.55233,1.55248,5.40,9.40
2008.06.24 06:08:42.712,1.55229,1.55244,2.40,7.20
2008.06.24 06:08:42.938,1.55227,1.55243,13.50,10.80
2008.06.24 06:08:43.162,1.55229,1.55239,2.40,2.40
2008.06.24 06:08:43.390,1.55228,1.55243,7.20,4.80
2008.06.24 06:08:43.610,1.55229,1.55244,16.20,2.40
2008.06.24 06:08:43.834,1.55231,1.55245,7.80,4.80
2008.06.24 06:08:43.997,1.55228,1.55244,4.80,1.20
2008.06.24 06:08:44.573,1.5523,1.5524,8.40,10.20
2008.06.24 06:08:45.122,1.55226,1.55241,2.40,13.00
2008.06.24 06:08:46.982,1.55225,1.5524,6.30,1.80
2008.06.24 06:08:47.349,1.55223,1.55238,2.40,1.20
2008.06.24 06:08:48.785,1.55225,1.5524,6.60,3.60
2008.06.24 06:08:49.642,1.55223,1.55238,3.00,4.20
2008.06.24 06:08:49.679,1.55224,1.55239,8.40,4.20
2008.06.24 06:08:49.715,1.55228,1.55238,4.80,11.40
2008.06.24 06:08:50.001,1.55227,1.55242,6.00,3.00
2008.06.24 06:08:50.154,1.55225,1.55245,1.20,7.90
2008.06.24 06:08:52.709,1.55229,1.55244,12.00,7.50
2008.06.24 06:08:52.833,1.5523,1.55245,3.60,2.50
2008.06.24 06:08:53.279,1.55231,1.55241,5.40,2.40
2008.06.24 06:08:56.393,1.55227,1.55242,6.60,5.30
2008.06.24 06:08:56.705,1.55226,1.55241,22.80,1.20
2008.06.24 06:08:56.817,1.55228,1.55238,4.80,7.20
2008.06.24 06:08:56.994,1.5523,1.5524,3.00,10.20
2008.06.24 06:08:57.047,1.55231,1.55241,13.80,6.40
2008.06.24 06:08:57.257,1.55227,1.55242,2.40,3.00
2008.06.24 06:08:57.598,1.55225,1.5524,6.00,1.00
2008.06.24 06:08:57.963,1.55225,1.55239,5.40,12.60
2008.06.24 06:09:03.554,1.55215,1.55231,9.60,4.80
2008.06.24 06:09:03.729,1.5522,1.55235,10.20,8.60
2008.06.24 06:09:03.869,1.55226,1.55236,6.00,6.00
2008.06.24 06:09:04.007,1.55225,1.5524,7.20,1.20
2008.06.24 06:09:04.935,1.55226,1.55241,4.80,7.80
2008.06.24 06:09:05.119,1.55226,1.55241,6.00,1.80
2008.06.24 06:09:05.339,1.55227,1.55237,2.40,4.80
2008.06.24 06:09:05.559,1.55227,1.55237,1.20,12.90
2008.06.24 06:09:05.781,1.55225,1.5524,8.40,9.10
2008.06.24 06:09:05.999,1.55231,1.55236,4.80,3.00
2008.06.24 06:09:06.219,1.55231,1.55241,2.40,2.40
2008.06.24 06:09:06.559,1.55232,1.55247,1.00,6.60
2008.06.24 06:09:06.901,1.55235,1.5525,4.80,4.80
2008.06.24 06:09:12.238,1.55239,1.55249,8.40,2.70
2008.06.24 06:09:12.636,1.55236,1.55246,2.40,2.40
2008.06.24 06:09:12.996,1.5523,1.55245,8.40,10.90
2008.06.24 06:09:14.207,1.55228,1.55238,6.60,7.80
2008.06.24 06:09:14.554,1.55221,1.55236,2.40,3.00
2008.06.24 06:09:18.253,1.55221,1.55236,5.40,6.00
2008.06.24 06:09:18.376,1.55225,1.55235,10.20,1.00
2008.06.24 06:09:18.527,1.55228,1.55238,16.20,5.40
2008.06.24 06:09:20.172,1.55229,1.55249,16.20,2.40
2008.06.24 06:09:23.373,1.55243,1.55253,1.80,6.00
2008.06.24 06:09:23.492,1.55243,1.55259,2.40,6.90
2008.06.24 06:09:23.611,1.5524,1.5525,21.00,25.80
2008.06.24 06:09:23.731,1.55234,1.55249,13.20,1.00
2008.06.24 06:09:23.851,1.55232,1.55242,8.40,8.40
2008.06.24 06:09:23.971,1.55227,1.55243,35.40,7.20
2008.06.24 06:09:24.264,1.55226,1.55241,3.00,2.40
2008.06.24 06:09:24.412,1.55226,1.55241,1.00,2.40
2008.06.24 06:09:25.039,1.55223,1.55243,10.80,7.20
2008.06.24 06:09:26.021,1.55225,1.5524,11.40,2.40
2008.06.24 06:09:26.079,1.55221,1.55241,1.20,6.60
2008.06.24 06:09:26.937,1.55224,1.55239,10.20,6.00
2008.06.24 06:09:27.511,1.55225,1.5524,2.40,4.80
2008.06.24 06:09:30.019,1.55226,1.55241,3.00,4.80
2008.06.24 06:09:30.075,1.55227,1.55242,7.80,8.40
2008.06.24 06:09:30.133,1.55227,1.55242,6.00,3.00
2008.06.24 06:09:30.187,1.55226,1.55246,5.40,13.30
2008.06.24 06:09:30.527,1.55228,1.55248,3.00,21.60
2008.06.24 06:09:30.755,1.55229,1.55249,3.30,5.40
2008.06.24 06:09:30.931,1.5523,1.5525,46.80,4.80
2008.06.24 06:09:31.107,1.55234,1.55249,7.20,5.40
2008.06.24 06:09:31.388,1.55234,1.55249,19.80,1.00
2008.06.24 06:09:31.455,1.55234,1.55244,12.00,5.40
2008.06.24 06:09:33.774,1.5523,1.55245,6.60,4.20
2008.06.24 06:09:35.252,1.55228,1.55243,1.20,7.20
2008.06.24 06:09:35.293,1.55228,1.55243,2.40,1.00
2008.06.24 06:09:35.527,1.55229,1.55244,4.20,4.00
2008.06.24 06:09:35.679,1.55229,1.55244,1.20,8.40
2008.06.24 06:09:35.719,1.55229,1.55244,4.80,13.20
2008.06.24 06:09:43.012,1.5523,1.5524,10.80,4.10
2008.06.24 06:09:43.249,1.55224,1.55239,9.00,1.00
2008.06.24 06:09:43.263,1.5522,1.55236,8.40,3.70
2008.06.24 06:09:43.343,1.55219,1.55229,3.00,3.00
2008.06.24 06:09:43.709,1.55213,1.55229,1.20,1.00
2008.06.24 06:09:45.316,1.55215,1.55225,7.80,12.60
2008.06.24 06:09:45.372,1.55211,1.55226,4.80,4.00
2008.06.24 06:09:45.432,1.5521,1.55225,7.20,13.80
2008.06.24 06:09:45.547,1.55208,1.55218,9.60,6.00
2008.06.24 06:09:47.083,1.552,1.55215,4.80,2.40
2008.06.24 06:09:48.316,1.55201,1.55211,10.00,6.60
2008.06.24 06:09:48.387,1.552,1.55215,4.40,1.00
2008.06.24 06:09:49.041,1.55205,1.5522,2.40,14.20
2008.06.24 06:09:49.454,1.5521,1.55225,13.20,2.40
2008.06.24 06:09:49.599,1.55212,1.55227,27.20,2.40
2008.06.24 06:09:49.743,1.55213,1.55228,6.00,11.40
2008.06.24 06:09:50.527,1.5522,1.55225,4.80,4.80
2008.06.24 06:09:50.755,1.55222,1.55226,20.40,3.00
2008.06.24 06:09:50.983,1.5522,1.5523,1.00,2.40
2008.06.24 06:09:51.211,1.55219,1.55234,3.00,4.80
2008.06.24 06:09:52.516,1.5522,1.55235,9.60,2.40
2008.06.24 06:09:52.637,1.55224,1.55234,2.40,3.30
2008.06.24 06:09:52.871,1.55224,1.55239,20.40,1.20
2008.06.24 06:09:53.107,1.55226,1.55241,12.60,2.40
2008.06.24 06:09:53.227,1.55227,1.55242,17.40,9.70
2008.06.24 06:09:53.591,1.55232,1.55247,11.20,8.40
2008.06.24 06:09:53.775,1.55236,1.55251,10.20,2.40
2008.06.24 06:09:53.959,1.55241,1.55251,4.20,2.80
2008.06.24 06:09:54.499,1.55243,1.55253,9.60,2.40
2008.06.24 06:09:55.339,1.5524,1.5525,24.00,17.00
2008.06.24 06:09:55.884,1.55239,1.55249,4.80,14.40
2008.06.24 06:09:56.071,1.55233,1.55248,2.40,3.70
2008.06.24 06:09:56.259,1.55231,1.55241,16.00,13.80
2008.06.24 06:09:56.448,1.55227,1.55237,13.80,7.20
2008.06.24 06:09:56.755,1.55227,1.55237,1.00,18.20
2008.06.24 06:09:57.063,1.55224,1.55238,5.10,1.00
2008.06.24 06:10:00.131,1.55212,1.55232,7.20,4.80
2008.06.24 06:10:00.375,1.55216,1.55236,1.00,16.10
2008.06.24 06:10:00.618,1.55222,1.55237,6.00,10.80
2008.06.24 06:10:00.862,1.55227,1.55232,5.40,2.40
2008.06.24 06:10:01.071,1.55226,1.55236,1.20,2.40
2008.06.24 06:10:01.278,1.55223,1.55238,2.40,4.80
2008.06.24 06:10:01.486,1.55224,1.55239,1.00,13.80
2008.06.24 06:10:01.694,1.55226,1.55241,1.20,8.80
2008.06.24 06:10:02.106,1.5523,1.5524,4.80,4.80
2008.06.24 06:10:02.534,1.55231,1.55241,18.00,6.60
2008.06.24 06:10:02.742,1.55233,1.55243,4.80,2.40
2008.06.24 06:10:02.922,1.55233,1.55243,6.30,10.00
2008.06.24 06:10:04.882,1.55229,1.55249,16.20,4.40
2008.06.24 06:10:05.699,1.55233,1.55248,4.80,6.60
2008.06.24 06:10:05.884,1.55237,1.55247,8.40,10.90
2008.06.24 06:10:05.964,1.55239,1.55249,4.80,1.50
2008.06.24 06:10:06.346,1.55237,1.55247,3.60,6.00
2008.06.24 06:10:06.579,1.55233,1.55248,12.00,1.00
2008.06.24 06:10:06.658,1.55228,1.55243,2.40,8.40
2008.06.24 06:10:06.817,1.55224,1.55239,9.00,1.00
2008.06.24 06:10:07.070,1.55222,1.55232,6.60,24.00
2008.06.24 06:10:07.340,1.55221,1.55231,1.20,6.30
2008.06.24 06:10:07.402,1.55215,1.55235,2.40,2.40
2008.06.24 06:10:07.851,1.55221,1.55231,3.00,1.90
2008.06.24 06:10:07.978,1.55225,1.5523,4.80,7.20
2008.06.24 06:10:08.230,1.55229,1.55234,4.80,1.20
2008.06.24 06:10:08.358,1.55232,1.55242,7.20,1.00
2008.06.24 06:10:08.486,1.55243,1.55248,2.40,12.30
2008.06.24 06:10:08.862,1.55254,1.55258,2.40,2.40
2008.06.24 06:10:11.374,1.55255,1.55265,5.40,11.40
2008.06.24 06:10:11.777,1.55252,1.55262,4.80,4.80
2008.06.24 06:10:11.822,1.55248,1.55258,5.40,2.40
2008.06.24 06:10:12.007,1.55244,1.55254,7.80,4.80
2008.06.24 06:10:12.206,1.55246,1.5525,15.00,13.00
2008.06.24 06:10:12.334,1.55241,1.55256,12.00,7.20
2008.06.24 06:10:12.586,1.55244,1.55254,2.40,1.20
2008.06.24 06:10:13.002,1.55244,1.55254,6.60,29.50
2008.06.24 06:10:13.142,1.55237,1.55257,15.30,2.40
2008.06.24 06:10:14.457,1.55238,1.55253,35.70,10.60
2008.06.24 06:10:16.328,1.55234,1.5525,6.60,1.20
2008.06.24 06:10:17.006,1.55232,1.55247,9.00,7.80
2008.06.24 06:10:17.070,1.55231,1.55246,1.20,8.90
2008.06.24 06:10:17.194,1.55229,1.55244,2.40,9.20
2008.06.24 06:10:17.326,1.55228,1.55242,4.80,5.40
2008.06.24 06:10:17.390,1.55223,1.55238,3.00,2.40
2008.06.24 06:10:17.454,1.55221,1.55237,4.80,8.10
2008.06.24 06:10:17.658,1.55222,1.55236,2.40,6.00
2008.06.24 06:10:17.842,1.5522,1.55235,2.40,2.40
2008.06.24 06:10:18.026,1.55222,1.55237,2.40,17.80
2008.06.24 06:10:18.210,1.55225,1.55235,10.80,18.00
2008.06.24 06:10:18.395,1.55226,1.55236,15.00,5.40
2008.06.24 06:10:18.758,1.55225,1.5524,4.80,4.80
2008.06.24 06:10:20.700,1.55229,1.55239,4.80,12.00
2008.06.24 06:10:20.959,1.5523,1.5524,3.60,4.80
2008.06.24 06:10:21.197,1.55226,1.55241,1.20,10.20
2008.06.24 06:10:21.245,1.55225,1.5524,9.00,13.50
2008.06.24 06:10:21.391,1.55226,1.55241,1.20,13.60
2008.06.24 06:10:21.426,1.55227,1.55242,4.60,7.80
2008.06.24 06:10:22.138,1.55228,1.55243,4.80,6.00
2008.06.24 06:10:22.375,1.55229,1.55244,4.80,11.40
2008.06.24 06:10:22.843,1.55233,1.55243,19.20,4.80
2008.06.24 06:10:22.963,1.55232,1.55242,1.00,2.40
2008.06.24 06:10:23.085,1.55228,1.55243,8.40,4.80
2008.06.24 06:10:23.278,1.55227,1.55242,8.40,13.60
2008.06.24 06:10:23.378,1.55223,1.55238,12.60,7.80
2008.06.24 06:10:23.478,1.55219,1.55234,33.00,7.80
2008.06.24 06:10:23.673,1.55215,1.5523,2.40,1.00
2008.06.24 06:10:23.774,1.55215,1.5523,3.00,3.00
2008.06.24 06:10:23.873,1.55214,1.55229,1.00,15.60
2008.06.24 06:10:24.239,1.55217,1.55232,1.20,4.60
2008.06.24 06:10:24.674,1.55222,1.55237,16.20,10.20
2008.06.24 06:10:25.014,1.55226,1.55241,4.80,2.80
2008.06.24 06:10:34.074,1.55232,1.55247,3.60,6.00
2008.06.24 06:10:34.214,1.55236,1.55251,3.00,7.20
2008.06.24 06:10:34.354,1.55236,1.55251,2.40,1.00
2008.06.24 06:10:34.494,1.55237,1.55252,4.80,6.70
2008.06.24 06:10:35.598,1.55235,1.5525,5.40,6.00
2008.06.24 06:10:35.879,1.55231,1.55251,6.40,2.40
2008.06.24 06:10:36.298,1.55231,1.55246,10.20,4.80
2008.06.24 06:10:36.423,1.55229,1.55244,10.80,20.50
2008.06.24 06:10:36.905,1.55226,1.55241,2.40,12.10
2008.06.24 06:10:39.122,1.55226,1.55231,4.20,8.40
2008.06.24 06:10:39.822,1.5521,1.5523,6.00,7.20
2008.06.24 06:10:40.161,1.55204,1.55219,14.40,1.20
2008.06.24 06:10:40.376,1.55198,1.55218,15.00,7.20
2008.06.24 06:10:41.729,1.55206,1.55216,9.60,6.00
2008.06.24 06:10:41.834,1.55213,1.55223,2.20,2.40
2008.06.24 06:10:41.940,1.55217,1.55227,2.40,2.40
2008.06.24 06:10:42.043,1.55224,1.55229,4.80,4.00
2008.06.24 06:10:42.146,1.55224,1.55234,1.80,7.80
2008.06.24 06:10:42.402,1.55226,1.55236,7.20,4.80
2008.06.24 06:10:42.559,1.55226,1.55236,22.80,3.00
2008.06.24 06:10:42.714,1.55225,1.55235,13.20,2.40
2008.06.24 06:10:43.027,1.55226,1.55231,9.10,5.40
2008.06.24 06:10:43.182,1.5522,1.55235,4.90,2.40
2008.06.24 06:10:43.459,1.55224,1.5523,2.40,19.00
2008.06.24 06:10:43.734,1.55223,1.55228,19.90,2.40
2008.06.24 06:10:44.010,1.5521,1.5524,2.40,12.70
2008.06.24 06:10:44.290,1.55215,1.55239,15.00,13.00
2008.06.24 06:10:44.632,1.55218,1.55238,4.80,2.40
2008.06.24 06:10:44.971,1.55217,1.55237,7.20,26.80
2008.06.24 06:10:45.311,1.55218,1.55233,5.40,11.40
2008.06.24 06:10:45.475,1.55219,1.55234,1.00,11.00
2008.06.24 06:10:47.574,1.55223,1.55233,1.00,4.80
2008.06.24 06:10:47.709,1.55224,1.55234,1.00,2.40
2008.06.24 06:10:47.831,1.55226,1.55236,2.40,3.60
2008.06.24 06:10:47.962,1.55222,1.55237,4.20,14.40
2008.06.24 06:10:48.083,1.55223,1.55233,2.40,5.40
2008.06.24 06:10:48.323,1.55222,1.55232,14.10,3.00
2008.06.24 06:10:48.998,1.5522,1.5523,10.80,1.00
2008.06.24 06:10:49.338,1.55219,1.55229,9.00,2.40
2008.06.24 06:10:49.678,1.5522,1.5523,17.40,2.40
2008.06.24 06:10:50.163,1.55221,1.55231,5.40,1.20
2008.06.24 06:10:50.406,1.55222,1.55237,15.40,3.60
2008.06.24 06:10:50.690,1.55226,1.55241,3.00,9.30
2008.06.24 06:10:51.536,1.55231,1.55241,12.00,3.00
2008.06.24 06:10:51.840,1.55229,1.55244,13.80,4.80
2008.06.24 06:10:52.792,1.5523,1.5524,4.80,3.60
2008.06.24 06:10:52.896,1.55231,1.55236,6.60,2.40
2008.06.24 06:10:53.000,1.55231,1.55236,3.00,4.00
2008.06.24 06:10:53.102,1.5523,1.55235,7.20,4.80
2008.06.24 06:10:53.206,1.55232,1.55237,2.40,22.80
2008.06.24 06:10:53.310,1.55233,1.55238,4.20,1.80
2008.06.24 06:10:53.514,1.55236,1.55241,4.60,6.10
2008.06.24 06:10:53.830,1.55237,1.55242,15.00,2.40
2008.06.24 06:10:54.147,1.55236,1.55246,9.60,1.00
2008.06.24 06:10:54.477,1.55237,1.55247,2.40,29.50
2008.06.24 06:10:54.813,1.55231,1.55251,9.00,4.80
2008.06.24 06:10:55.126,1.55232,1.55247,1.00,4.80
2008.06.24 06:10:55.343,1.55231,1.55247,11.40,5.70
2008.06.24 06:10:55.442,1.55228,1.55248,5.40,9.00
2008.06.24 06:10:55.758,1.55227,1.55247,4.80,10.80
2008.06.24 06:10:55.914,1.55228,1.55243,10.80,9.00
2008.06.24 06:10:56.093,1.55225,1.55245,5.40,4.80
2008.06.24 06:10:56.382,1.55231,1.55241,4.80,2.40
2008.06.24 06:10:56.538,1.55232,1.55242,8.40,1.80
2008.06.24 06:10:56.694,1.55231,1.55241,3.00,9.40
2008.06.24 06:10:57.034,1.55229,1.55244,7.80,17.70
2008.06.24 06:10:57.374,1.5523,1.55245,5.40,7.80
2008.06.24 06:10:57.714,1.55231,1.55246,6.60,16.80
2008.06.24 06:10:57.854,1.55233,1.55247,15.90,6.00
2008.06.24 06:11:01.502,1.55251,1.55261,2.40,24.70
2008.06.24 06:11:01.737,1.55247,1.55257,3.00,10.80
2008.06.24 06:11:02.078,1.55243,1.55253,1.00,8.80
2008.06.24 06:11:02.380,1.55242,1.55247,1.00,5.40
2008.06.24 06:11:04.383,1.55239,1.55249,5.40,6.60
2008.06.24 06:11:04.676,1.55239,1.55249,7.20,4.80
2008.06.24 06:11:04.967,1.55238,1.55253,9.60,3.60
2008.06.24 06:11:05.259,1.55244,1.55249,9.60,9.00
2008.06.24 06:11:05.399,1.55249,1.55254,2.40,7.80
2008.06.24 06:11:05.539,1.5525,1.55255,6.00,2.40
2008.06.24 06:11:05.817,1.5525,1.55255,9.00,1.00
2008.06.24 06:11:05.955,1.55246,1.55256,8.40,4.80
2008.06.24 06:11:06.221,1.55246,1.55251,11.40,1.00
2008.06.24 06:11:06.746,1.5524,1.5525,9.00,1.90
2008.06.24 06:11:08.037,1.55237,1.55247,4.80,4.00
2008.06.24 06:11:08.345,1.55234,1.55249,7.20,4.80
2008.06.24 06:11:08.847,1.55233,1.55248,8.40,5.40
2008.06.24 06:11:08.964,1.55235,1.5525,4.80,7.20
2008.06.24 06:11:09.073,1.55237,1.55252,8.40,4.80
2008.06.24 06:11:09.288,1.55241,1.55256,2.40,2.10
2008.06.24 06:11:09.501,1.55247,1.55257,6.00,2.40
2008.06.24 06:11:09.710,1.55249,1.55259,3.00,11.40
2008.06.24 06:11:09.930,1.55247,1.55262,6.00,4.80
2008.06.24 06:11:10.553,1.55247,1.55262,2.40,9.00
2008.06.24 06:11:10.772,1.55248,1.55258,1.90,4.80
2008.06.24 06:11:10.982,1.5525,1.55255,26.80,2.40
2008.06.24 06:11:11.191,1.55253,1.55257,12.00,9.00
2008.06.24 06:11:11.492,1.55255,1.5526,3.60,1.00
2008.06.24 06:11:11.791,1.55257,1.55267,6.00,7.20
2008.06.24 06:11:12.089,1.55267,1.55272,7.80,5.40
2008.06.24 06:11:12.385,1.55265,1.55279,6.00,9.40
2008.06.24 06:11:12.723,1.55262,1.55276,1.00,15.60
2008.06.24 06:11:13.063,1.5526,1.55265,2.40,1.20
2008.06.24 06:11:13.403,1.55247,1.55262,1.00,8.50
2008.06.24 06:11:14.008,1.55239,1.55259,2.10,8.40
2008.06.24 06:11:14.311,1.55237,1.55252,1.00,8.40
2008.06.24 06:11:14.452,1.55233,1.55248,2.40,2.40
2008.06.24 06:11:14.591,1.55234,1.55244,9.60,2.40
2008.06.24 06:11:14.869,1.55233,1.55243,6.00,3.00
2008.06.24 06:11:15.019,1.55232,1.55242,7.80,11.40
2008.06.24 06:11:15.159,1.55231,1.55246,6.00,9.00
2008.06.24 06:11:15.299,1.55234,1.55244,4.80,10.50
2008.06.24 06:11:15.506,1.55233,1.55247,6.00,22.30
2008.06.24 06:11:15.715,1.55234,1.55249,5.40,9.90
2008.06.24 06:11:15.938,1.55235,1.5525,11.40,4.80
2008.06.24 06:11:16.150,1.55236,1.55251,8.40,17.50
2008.06.24 06:11:16.360,1.55232,1.55257,12.00,4.80
2008.06.24 06:11:16.615,1.5524,1.5525,8.40,3.00
2008.06.24 06:11:16.699,1.55231,1.55256,15.00,13.20
2008.06.24 06:11:17.040,1.55232,1.55252,2.40,12.60
2008.06.24 06:11:17.380,1.55234,1.55244,10.50,6.40
2008.06.24 06:11:17.638,1.55229,1.55244,4.20,8.40
2008.06.24 06:11:17.899,1.55229,1.55239,11.40,1.00
2008.06.24 06:11:18.159,1.55226,1.55241,2.40,2.40
2008.06.24 06:11:18.419,1.55222,1.55242,6.00,3.00
2008.06.24 06:11:18.698,1.55231,1.55236,6.00,3.30
2008.06.24 06:11:19.519,1.55228,1.55243,8.40,7.90
2008.06.24 06:11:19.703,1.55234,1.55239,4.40,2.40
2008.06.24 06:11:19.887,1.55229,1.55244,2.40,7.90
2008.06.24 06:11:21.455,1.5523,1.55245,20.50,8.40
2008.06.24 06:11:21.719,1.55234,1.55244,1.20,2.40
2008.06.24 06:11:21.983,1.55238,1.55243,11.40,1.50
2008.06.24 06:11:22.247,1.55239,1.55244,21.00,7.20
2008.06.24 06:11:22.511,1.5524,1.55245,5.40,6.60
2008.06.24 06:11:22.751,1.55239,1.55249,6.60,12.00
2008.06.24 06:11:23.229,1.55235,1.5525,3.00,5.40
2008.06.24 06:11:23.468,1.55238,1.55248,5.40,20.20
2008.06.24 06:11:23.707,1.5524,1.5525,28.60,4.20
2008.06.24 06:11:23.951,1.55238,1.55248,9.60,1.00
2008.06.24 06:11:24.566,1.55236,1.55246,3.60,14.30
2008.06.24 06:11:24.975,1.55231,1.55246,4.80,1.80
2008.06.24 06:11:25.541,1.55225,1.55241,9.00,11.40
2008.06.24 06:11:25.836,1.55221,1.55231,10.20,10.20
2008.06.24 06:11:25.923,1.55215,1.5522,7.20,4.80
2008.06.24 06:11:28.378,1.55209,1.55213,5.00,7.20
2008.06.24 06:11:28.836,1.55201,1.55217,7.90,12.60
2008.06.24 06:11:29.021,1.55207,1.55222,6.60,5.40
2008.06.24 06:11:29.083,1.55217,1.55227,1.00,4.80
2008.06.24 06:11:29.326,1.55224,1.55234,5.40,11.20
2008.06.24 06:11:29.555,1.55228,1.55238,2.40,2.40
2008.06.24 06:11:29.742,1.5523,1.55245,3.00,7.20
2008.06.24 06:11:31.084,1.55232,1.55247,9.70,4.80
2008.06.24 06:11:31.187,1.55236,1.55246,8.40,2.40
2008.06.24 06:11:31.291,1.55237,1.55247,7.80,4.80
2008.06.24 06:11:31.599,1.55238,1.55248,2.40,6.00
2008.06.24 06:11:31.702,1.5524,1.5525,3.00,2.40
2008.06.24 06:11:31.907,1.55236,1.55251,4.80,11.50
2008.06.24 06:11:32.962,1.55235,1.5525,4.80,8.50
2008.06.24 06:11:35.603,1.55234,1.55249,7.80,7.20
2008.06.24 06:11:35.743,1.55232,1.55248,8.40,15.30
2008.06.24 06:11:35.882,1.55233,1.55248,4.80,4.80
2008.06.24 06:11:36.023,1.55234,1.55244,2.40,2.40
2008.06.24 06:11:36.299,1.55235,1.5524,11.10,15.60
2008.06.24 06:11:36.980,1.55231,1.55241,13.80,2.40
2008.06.24 06:11:39.809,1.55227,1.55242,7.20,2.40
2008.06.24 06:11:40.095,1.55229,1.55243,4.80,5.10
2008.06.24 06:11:40.339,1.55232,1.55242,9.10,4.80
2008.06.24 06:11:40.737,1.55228,1.55248,10.80,19.20
2008.06.24 06:11:40.877,1.55235,1.55245,4.20,15.00
2008.06.24 06:11:41.309,1.55234,1.55244,9.20,6.00
2008.06.24 06:11:42.614,1.55233,1.55243,4.00,6.00
2008.06.24 06:11:43.158,1.55231,1.55241,9.00,4.80
2008.06.24 06:11:43.498,1.55228,1.55238,14.40,2.40
2008.06.24 06:11:43.839,1.55228,1.55233,4.80,10.20
2008.06.24 06:11:43.967,1.55227,1.55232,2.40,12.60
2008.06.24 06:11:45.567,1.55223,1.55233,4.80,11.40
2008.06.24 06:11:45.831,1.55219,1.55234,2.40,1.80
2008.06.24 06:11:46.986,1.55221,1.55236,1.80,4.80
2008.06.24 06:11:47.999,1.55225,1.55235,5.40,2.40
2008.06.24 06:11:48.674,1.55224,1.55239,4.80,4.80
2008.06.24 06:11:48.910,1.55228,1.55238,3.00,7.20
2008.06.24 06:11:49.167,1.55227,1.55242,2.40,6.00
2008.06.24 06:11:53.397,1.55228,1.55244,18.60,5.40
2008.06.24 06:11:53.747,1.5523,1.55245,1.00,16.80
2008.06.24 06:11:54.475,1.5523,1.55245,21.20,3.60
2008.06.24 06:11:57.432,1.55232,1.55242,9.00,4.80
2008.06.24 06:11:57.631,1.5523,1.5524,3.00,7.80
2008.06.24 06:11:57.897,1.55229,1.55239,6.80,6.60
2008.06.24 06:11:58.159,1.55227,1.55237,1.00,15.60
2008.06.24 06:11:58.423,1.55226,1.55236,2.90,4.80
2008.06.24 06:12:01.590,1.5524,1.55256,1.80,14.50
2008.06.24 06:12:01.826,1.55237,1.55252,10.20,7.80
2008.06.24 06:12:02.770,1.55235,1.55245,1.80,6.40
2008.06.24 06:12:03.728,1.55232,1.55242,8.50,7.80
2008.06.24 06:12:07.542,1.55233,1.55238,11.40,7.90
2008.06.24 06:12:07.883,1.55229,1.55239,2.40,6.00
2008.06.24 06:12:08.222,1.55226,1.55236,2.40,17.80
2008.06.24 06:12:08.430,1.55226,1.55236,12.00,4.80
2008.06.24 06:12:08.639,1.55224,1.55234,14.70,7.90
2008.06.24 06:12:08.848,1.55223,1.55233,3.00,4.80
2008.06.24 06:12:09.055,1.55224,1.55229,15.90,5.40
2008.06.24 06:12:09.262,1.55221,1.55231,2.40,5.20
2008.06.24 06:12:09.471,1.5522,1.55235,5.00,2.40
2008.06.24 06:12:09.590,1.55221,1.55236,3.00,3.60
2008.06.24 06:12:09.942,1.55222,1.55237,10.20,3.00
2008.06.24 06:12:10.294,1.55227,1.55242,8.40,1.00
2008.06.24 06:12:10.574,1.5523,1.55245,6.00,2.40
2008.06.24 06:12:10.739,1.55234,1.55244,3.00,4.20
2008.06.24 06:12:11.222,1.55237,1.55242,13.30,3.00
2008.06.24 06:12:11.387,1.55234,1.55244,7.80,4.80
2008.06.24 06:12:11.571,1.55229,1.55244,4.80,9.60
2008.06.24 06:12:12.103,1.55225,1.55235,9.60,7.80
2008.06.24 06:12:12.459,1.55217,1.55227,4.80,1.20
2008.06.24 06:12:12.799,1.55208,1.55218,27.00,4.80
2008.06.24 06:12:15.143,1.55204,1.55214,2.40,6.60
2008.06.24 06:12:15.563,1.552,1.5522,9.00,3.60
2008.06.24 06:12:15.582,1.55206,1.55221,24.30,3.30
2008.06.24 06:12:16.016,1.55213,1.55223,4.80,6.90
2008.06.24 06:12:16.123,1.55215,1.5523,3.60,7.20
2008.06.24 06:12:16.327,1.55216,1.55231,17.40,4.80
2008.06.24 06:12:16.531,1.5522,1.5523,6.00,7.20
2008.06.24 06:12:16.636,1.55221,1.55231,13.80,3.60
2008.06.24 06:12:16.938,1.55222,1.55232,1.20,5.40
2008.06.24 06:12:18.407,1.55221,1.55236,7.20,7.80
2008.06.24 06:12:18.625,1.55222,1.55237,7.80,7.20
2008.06.24 06:12:19.542,1.55222,1.55237,2.40,7.20
2008.06.24 06:12:19.680,1.55221,1.55237,2.40,3.60
2008.06.24 06:12:20.080,1.55218,1.55238,9.00,5.40
2008.06.24 06:12:20.214,1.55221,1.55236,2.40,13.00
2008.06.24 06:12:21.075,1.5522,1.5524,2.40,1.00
2008.06.24 06:12:21.271,1.55221,1.55241,4.80,11.20
2008.06.24 06:12:21.467,1.55227,1.55237,7.20,9.60
2008.06.24 06:12:21.823,1.55229,1.55239,2.40,8.50
2008.06.24 06:12:21.887,1.5523,1.5524,1.20,5.70
2008.06.24 06:12:22.226,1.5523,1.5524,13.20,3.00
2008.06.24 06:12:22.686,1.55231,1.55236,10.20,2.40
2008.06.24 06:12:23.027,1.5523,1.55234,6.60,6.00
2008.06.24 06:12:23.368,1.55224,1.55234,6.00,4.80
2008.06.24 06:12:24.749,1.55224,1.55229,3.60,6.00
2008.06.24 06:12:24.866,1.55221,1.55231,6.00,12.00
2008.06.24 06:12:25.203,1.55222,1.55227,7.20,6.60
2008.06.24 06:12:25.430,1.55221,1.55231,1.00,2.40
2008.06.24 06:12:26.086,1.55223,1.55233,4.20,2.40
2008.06.24 06:12:26.460,1.55224,1.55234,14.40,10.20
2008.06.24 06:12:26.647,1.55227,1.55237,5.40,13.20
2008.06.24 06:12:26.849,1.55232,1.55237,12.60,3.00
2008.06.24 06:12:27.048,1.55237,1.55242,1.00,2.80
2008.06.24 06:12:27.442,1.5524,1.55245,1.80,7.80
2008.06.24 06:12:29.260,1.55236,1.55251,4.80,1.00
2008.06.24 06:12:29.287,1.55237,1.55252,8.40,10.80
2008.06.24 06:12:29.352,1.55241,1.55251,8.50,1.00
2008.06.24 06:12:29.624,1.55242,1.55252,7.80,9.00
2008.06.24 06:12:30.875,1.55245,1.5525,4.80,9.60
2008.06.24 06:12:31.094,1.55241,1.55251,7.20,2.40
2008.06.24 06:12:31.987,1.55237,1.55252,2.40,7.20
2008.06.24 06:12:32.115,1.55237,1.55252,1.20,6.60
2008.06.24 06:12:32.274,1.55242,1.55247,21.00,4.30
2008.06.24 06:12:33.203,1.55243,1.55248,2.40,53.00
2008.06.24 06:12:33.485,1.55244,1.55254,5.40,13.20
2008.06.24 06:12:33.626,1.5525,1.5526,7.20,9.60
2008.06.24 06:12:33.916,1.55256,1.55266,9.00,1.90
2008.06.24 06:12:34.436,1.55257,1.55267,8.40,8.50
2008.06.24 06:12:34.812,1.55252,1.55262,6.60,4.80
2008.06.24 06:12:35.000,1.55245,1.55255,3.60,2.40
2008.06.24 06:12:35.187,1.55239,1.55249,14.40,4.80
2008.06.24 06:12:35.282,1.55234,1.55244,12.60,12.00
2008.06.24 06:12:35.378,1.5523,1.5524,14.40,2.40
2008.06.24 06:12:35.566,1.5523,1.5524,6.00,7.20
2008.06.24 06:12:35.714,1.55228,1.55238,4.80,11.20
2008.06.24 06:12:35.862,1.55229,1.55239,1.20,6.00
2008.06.24 06:12:36.154,1.55229,1.55244,3.00,1.80
2008.06.24 06:12:38.780,1.55228,1.55248,29.20,11.10
2008.06.24 06:12:38.958,1.5523,1.5525,3.00,3.10
2008.06.24 06:12:39.150,1.55236,1.55251,8.40,6.00
2008.06.24 06:12:39.682,1.55237,1.55252,8.40,3.00
2008.06.24 06:12:39.878,1.55241,1.55251,5.40,6.60
2008.06.24 06:12:40.143,1.55243,1.55253,4.80,7.80
2008.06.24 06:12:40.281,1.55242,1.55257,3.60,9.00
2008.06.24 06:12:40.678,1.55245,1.55255,8.40,4.20
2008.06.24 06:12:41.686,1.55247,1.55257,3.60,9.00
2008.06.24 06:12:42.314,1.55249,1.55259,4.80,11.40
2008.06.24 06:12:43.147,1.55247,1.55257,4.80,5.40
2008.06.24 06:12:47.507,1.55248,1.55253,1.00,2.80
2008.06.24 06:12:47.640,1.55247,1.55252,33.00,2.40
2008.06.24 06:12:47.876,1.55241,1.55251,10.80,22.00
2008.06.24 06:12:47.997,1.55236,1.55246,1.00,4.80
2008.06.24 06:12:48.233,1.55233,1.55243,1.80,11.10
2008.06.24 06:12:50.226,1.55233,1.55243,2.40,13.20
2008.06.24 06:12:50.695,1.55234,1.55239,2.40,1.20
2008.06.24 06:12:51.025,1.5523,1.5524,7.20,15.10
2008.06.24 06:12:51.511,1.55229,1.55239,1.00,6.00
2008.06.24 06:12:51.674,1.55228,1.55243,3.60,4.80
2008.06.24 06:12:51.854,1.55231,1.55241,3.00,2.40
2008.06.24 06:12:52.034,1.55225,1.55245,2.40,3.70
2008.06.24 06:12:53.840,1.55229,1.55244,26.40,4.80
2008.06.24 06:12:53.924,1.55233,1.55243,7.20,12.70
2008.06.24 06:12:54.358,1.55234,1.55244,13.80,4.80
2008.06.24 06:12:54.992,1.55235,1.55245,2.40,1.80
2008.06.24 06:12:55.299,1.55236,1.55246,4.20,3.00
2008.06.24 06:12:55.456,1.55237,1.55247,6.00,5.40
2008.06.24 06:12:55.611,1.55241,1.55246,12.40,6.00
2008.06.24 06:12:55.768,1.55242,1.55247,2.40,11.40
2008.06.24 06:12:55.882,1.55237,1.55247,16.20,4.20
2008.06.24 06:12:55.998,1.55236,1.55246,1.80,4.80
2008.06.24 06:12:56.115,1.55235,1.55245,4.80,40.20
2008.06.24 06:12:56.230,1.55233,1.55243,4.80,3.10
2008.06.24 06:12:56.471,1.5523,1.5524,11.40,1.80
2008.06.24 06:12:56.575,1.55229,1.55239,2.40,15.10
2008.06.24 06:12:56.690,1.5523,1.55235,13.20,15.60
2008.06.24 06:12:57.030,1.55228,1.55233,6.00,2.40
2008.06.24 06:12:57.370,1.55225,1.55235,5.40,2.40
2008.06.24 06:13:01.652,1.55237,1.55243,7.20,18.60
2008.06.24 06:13:01.900,1.55234,1.55244,13.80,4.20
2008.06.24 06:13:02.064,1.55233,1.55248,2.40,2.40
2008.06.24 06:13:02.233,1.55237,1.55247,2.40,7.80
2008.06.24 06:13:05.130,1.55238,1.55248,3.30,4.80
2008.06.24 06:13:05.246,1.55238,1.55253,10.80,1.00
2008.06.24 06:13:05.474,1.55238,1.55253,1.20,2.40
2008.06.24 06:13:05.590,1.55242,1.55252,8.40,1.80
2008.06.24 06:13:05.930,1.55241,1.55256,7.80,4.80
2008.06.24 06:13:06.607,1.55237,1.55257,2.40,1.00
2008.06.24 06:13:06.961,1.55237,1.55257,3.00,6.40
2008.06.24 06:13:07.302,1.55242,1.55252,6.10,7.20
2008.06.24 06:13:07.755,1.55241,1.55251,2.40,6.00
2008.06.24 06:13:08.207,1.5524,1.5525,7.20,4.80
2008.06.24 06:13:08.435,1.55236,1.55251,5.40,2.70
2008.06.24 06:13:09.299,1.55238,1.55248,4.80,13.20
2008.06.24 06:13:09.390,1.55237,1.55247,2.40,10.40
2008.06.24 06:13:09.692,1.55233,1.55248,3.00,4.80
2008.06.24 06:13:12.275,1.55234,1.55249,5.40,4.80
2008.06.24 06:13:12.438,1.55235,1.5525,8.80,6.40
2008.06.24 06:13:12.606,1.55234,1.55249,8.40,7.20
2008.06.24 06:13:12.714,1.55234,1.55249,2.40,1.20
2008.06.24 06:13:13.134,1.55238,1.55248,9.00,3.00
2008.06.24 06:13:13.242,1.5524,1.5525,9.00,5.40
2008.06.24 06:13:13.377,1.55241,1.55251,3.60,2.40
2008.06.24 06:13:13.487,1.55244,1.55254,10.80,10.20
2008.06.24 06:13:16.772,1.55242,1.55257,6.00,2.40
2008.06.24 06:13:16.865,1.55246,1.55256,2.40,6.90
2008.06.24 06:13:16.960,1.55249,1.55255,1.00,2.40
2008.06.24 06:13:17.054,1.55249,1.55259,2.40,8.70
2008.06.24 06:13:17.426,1.55245,1.55259,6.00,1.00
2008.06.24 06:13:17.522,1.55243,1.55257,2.40,23.10
2008.06.24 06:13:18.026,1.55244,1.55254,19.20,5.40
2008.06.24 06:13:18.642,1.5524,1.5525,4.80,9.60
2008.06.24 06:13:18.850,1.55242,1.55246,7.80,4.80
2008.06.24 06:13:19.010,1.5524,1.55245,8.40,6.00
2008.06.24 06:13:19.170,1.55237,1.55242,4.80,5.40
2008.06.24 06:13:19.330,1.5523,1.5524,4.80,13.80
2008.06.24 06:13:19.491,1.55225,1.55229,18.60,7.00
2008.06.24 06:13:19.653,1.55218,1.55223,2.40,2.90
2008.06.24 06:13:19.993,1.55215,1.55221,15.00,4.80
2008.06.24 06:13:20.333,1.55219,1.55224,3.60,2.40
2008.06.24 06:13:20.674,1.5522,1.55235,9.60,4.20
2008.06.24 06:13:21.019,1.55227,1.55242,24.00,9.00
2008.06.24 06:13:21.356,1.55231,1.55246,6.60,7.20
2008.06.24 06:13:21.708,1.55241,1.55246,12.60,3.60
2008.06.24 06:13:21.882,1.55245,1.5525,7.80,9.70
2008.06.24 06:13:22.058,1.55246,1.55256,2.40,6.60
2008.06.24 06:13:22.234,1.55244,1.55259,4.50,7.50
2008.06.24 06:13:22.297,1.5525,1.55255,12.00,4.80
2008.06.24 06:13:22.410,1.55249,1.55259,6.00,2.40
2008.06.24 06:13:22.586,1.55248,1.55258,9.00,4.80
2008.06.24 06:13:22.762,1.5525,1.55254,7.40,4.80
2008.06.24 06:13:23.250,1.55244,1.55254,7.80,9.00
2008.06.24 06:13:23.878,1.55243,1.55253,3.00,2.40
2008.06.24 06:13:24.166,1.55238,1.55253,6.00,13.80
2008.06.24 06:13:24.455,1.55238,1.55243,1.00,10.00
2008.06.24 06:13:24.742,1.5523,1.55245,2.40,11.40
2008.06.24 06:13:25.030,1.55235,1.5524,9.30,1.80
2008.06.24 06:13:25.306,1.55228,1.55244,22.80,3.00
2008.06.24 06:13:25.582,1.55235,1.5524,6.00,2.40
2008.06.24 06:13:25.858,1.55231,1.55246,4.80,6.00
2008.06.24 06:13:26.135,1.55235,1.55245,3.00,2.10
2008.06.24 06:13:26.439,1.55239,1.55244,6.00,2.40
2008.06.24 06:13:26.742,1.55237,1.55247,4.80,9.60
2008.06.24 06:13:27.048,1.55235,1.5525,3.60,4.20
2008.06.24 06:13:27.277,1.55231,1.55251,9.00,2.40
2008.06.24 06:13:27.508,1.55225,1.55255,26.40,12.60
2008.06.24 06:13:27.736,1.5524,1.55245,2.40,15.30
2008.06.24 06:13:27.965,1.55234,1.55254,6.00,11.50
2008.06.24 06:13:28.206,1.55235,1.55255,7.20,9.60
2008.06.24 06:13:28.455,1.55227,1.55266,1.00,4.80
2008.06.24 06:13:28.703,1.55229,1.55269,8.40,6.90
2008.06.24 06:13:28.951,1.5523,1.5527,2.40,13.50
2008.06.24 06:13:29.198,1.55236,1.55266,2.40,6.00
2008.06.24 06:13:29.454,1.55236,1.55261,3.00,12.90
2008.06.24 06:13:29.713,1.55239,1.55254,4.80,1.00
2008.06.24 06:13:29.966,1.55238,1.55253,6.00,7.80
2008.06.24 06:13:30.222,1.55233,1.55258,1.80,2.40
2008.06.24 06:13:30.562,1.55234,1.55254,10.80,8.50
2008.06.24 06:13:30.903,1.55233,1.55253,21.60,8.40
2008.06.24 06:13:31.030,1.5524,1.55244,2.40,7.80
2008.06.24 06:13:31.578,1.55239,1.55245,13.20,2.40
2008.06.24 06:13:31.919,1.55241,1.55245,5.40,7.20
2008.06.24 06:13:32.259,1.55236,1.55256,2.40,3.90
2008.06.24 06:13:32.418,1.5523,1.55265,6.40,7.20
2008.06.24 06:13:32.578,1.55237,1.55267,2.40,7.20
2008.06.24 06:13:32.738,1.55241,1.55271,6.00,12.60
2008.06.24 06:13:32.898,1.55246,1.55276,2.40,1.80
2008.06.24 06:13:33.058,1.55252,1.55282,8.40,7.80
2008.06.24 06:13:33.218,1.55259,1.55284,2.40,4.80
2008.06.24 06:13:33.862,1.55268,1.55278,4.80,19.60
2008.06.24 06:13:34.186,1.55263,1.55273,2.40,3.60
2008.06.24 06:13:34.513,1.55256,1.55266,6.30,10.00
2008.06.24 06:13:34.794,1.5525,1.5526,19.20,5.80
2008.06.24 06:13:36.310,1.55248,1.55253,7.80,4.90
2008.06.24 06:13:36.594,1.55243,1.55253,7.20,1.00
2008.06.24 06:13:36.878,1.55245,1.5525,20.20,1.00
2008.06.24 06:13:37.163,1.55244,1.55249,3.00,6.10
2008.06.24 06:13:37.854,1.55243,1.55248,4.20,14.80
2008.06.24 06:13:38.269,1.55243,1.55248,3.00,4.20
2008.06.24 06:13:38.550,1.55244,1.55249,10.20,4.20
2008.06.24 06:13:40.242,1.55244,1.55249,4.80,10.80
2008.06.24 06:13:41.346,1.55238,1.55253,1.20,10.20
2008.06.24 06:13:43.382,1.55239,1.55249,2.40,1.00
2008.06.24 06:13:43.515,1.55238,1.55248,7.80,6.00
2008.06.24 06:13:43.599,1.55238,1.55248,2.40,8.40
2008.06.24 06:13:43.766,1.55239,1.55249,3.00,2.40
2008.06.24 06:13:44.770,1.55243,1.55248,6.60,4.80
2008.06.24 06:13:46.221,1.55244,1.55249,7.20,4.80
2008.06.24 06:13:46.490,1.55244,1.55249,6.60,4.80
2008.06.24 06:13:47.031,1.55239,1.55249,4.20,2.40
2008.06.24 06:13:47.310,1.55237,1.55247,13.20,8.40
2008.06.24 06:13:47.590,1.55236,1.55241,4.80,7.80
2008.06.24 06:13:47.898,1.55226,1.55241,2.40,1.80
2008.06.24 06:13:48.662,1.55229,1.55234,17.40,3.30
2008.06.24 06:13:49.067,1.55225,1.55235,6.00,6.00
2008.06.24 06:13:49.471,1.55227,1.55232,10.80,11.40
2008.06.24 06:13:49.767,1.55225,1.55235,6.00,3.60
2008.06.24 06:13:49.920,1.55227,1.55237,1.00,2.40
2008.06.24 06:13:50.410,1.55226,1.55241,13.80,3.00
2008.06.24 06:13:50.670,1.55227,1.55242,2.40,17.40
2008.06.24 06:13:50.819,1.55231,1.55241,13.80,7.20
2008.06.24 06:13:50.912,1.55227,1.55247,20.40,1.00
2008.06.24 06:13:51.152,1.55231,1.55246,8.70,10.80
2008.06.24 06:13:51.392,1.55235,1.55245,1.00,10.80
2008.06.24 06:13:51.633,1.55235,1.5525,5.40,14.50
2008.06.24 06:13:51.909,1.55243,1.55249,7.20,8.80
2008.06.24 06:13:54.672,1.55245,1.55255,15.00,3.00
2008.06.24 06:13:55.062,1.55249,1.55254,13.90,1.20
2008.06.24 06:13:55.098,1.5525,1.55255,9.00,4.80
2008.06.24 06:13:55.399,1.55251,1.55256,7.20,1.20
2008.06.24 06:13:55.545,1.5525,1.5526,4.80,4.80
2008.06.24 06:13:55.660,1.55249,1.55264,3.00,1.00
2008.06.24 06:13:55.710,1.55248,1.55268,7.80,9.60
2008.06.24 06:13:56.050,1.55254,1.55264,14.40,10.20
2008.06.24 06:13:58.951,1.55254,1.55264,9.60,6.00
2008.06.24 06:14:04.131,1.55252,1.55268,7.20,9.00
2008.06.24 06:14:05.012,1.55254,1.55264,1.20,2.40
2008.06.24 06:14:05.231,1.55255,1.5526,2.40,4.80
2008.06.24 06:14:05.331,1.55251,1.55261,6.00,1.00
2008.06.24 06:14:05.431,1.55253,1.55263,2.40,2.40
2008.06.24 06:14:05.531,1.55249,1.55264,7.80,4.80
2008.06.24 06:14:05.729,1.55248,1.55263,18.70,2.40
2008.06.24 06:14:05.989,1.55247,1.55262,4.90,7.20
2008.06.24 06:14:06.249,1.55246,1.55261,1.20,2.40
2008.06.24 06:14:07.212,1.55247,1.55257,1.00,28.30
2008.06.24 06:14:07.600,1.55243,1.55258,1.20,18.00
2008.06.24 06:14:08.674,1.55244,1.55254,5.40,8.20
2008.06.24 06:14:08.919,1.55239,1.55254,12.60,4.80
2008.06.24 06:14:09.132,1.55236,1.55251,9.60,10.20
2008.06.24 06:14:10.307,1.55237,1.55247,16.20,0.50
2008.06.24 06:14:10.429,1.55237,1.55247,3.00,9.00
2008.06.24 06:14:10.911,1.55233,1.55248,9.00,6.00
2008.06.24 06:14:11.277,1.55233,1.55249,4.80,1.00
2008.06.24 06:14:11.736,1.55234,1.55249,8.40,2.10
2008.06.24 06:14:12.263,1.55233,1.55248,7.20,4.80
2008.06.24 06:14:12.461,1.55232,1.55247,1.80,9.40
2008.06.24 06:14:12.562,1.55233,1.55243,6.60,3.00
2008.06.24 06:14:12.755,1.55229,1.55244,24.00,4.80
2008.06.24 06:14:12.951,1.55231,1.55241,4.80,2.40
2008.06.24 06:14:13.243,1.5523,1.5524,5.40,8.20
2008.06.24 06:14:13.527,1.55229,1.55244,2.40,16.50
2008.06.24 06:14:14.059,1.5523,1.55245,2.40,2.10
2008.06.24 06:14:15.633,1.55237,1.55242,13.20,1.00
2008.06.24 06:14:15.724,1.55237,1.55242,10.20,10.20
2008.06.24 06:14:15.892,1.55236,1.55241,9.00,3.00
2008.06.24 06:14:15.981,1.55232,1.55242,0.50,9.20
2008.06.24 06:14:18.091,1.5523,1.5524,6.00,2.40
2008.06.24 06:14:18.275,1.55231,1.55236,2.40,5.80
2008.06.24 06:14:18.470,1.55229,1.55234,2.40,7.80
2008.06.24 06:14:18.631,1.55225,1.55235,2.40,2.40
2008.06.24 06:14:18.795,1.55221,1.55231,6.00,11.40
2008.06.24 06:14:18.959,1.55215,1.55225,21.60,1.90
2008.06.24 06:14:19.123,1.55208,1.55223,4.80,4.80
2008.06.24 06:14:19.699,1.55196,1.55221,7.80,18.60
2008.06.24 06:14:20.207,1.552,1.55216,3.00,21.00
2008.06.24 06:14:20.464,1.55208,1.55218,22.80,2.40
2008.06.24 06:14:20.840,1.55216,1.55226,2.40,9.30
2008.06.24 06:14:22.666,1.5522,1.55235,6.00,3.10
2008.06.24 06:14:24.405,1.55227,1.55237,7.80,4.80
2008.06.24 06:14:24.744,1.55234,1.55239,21.60,4.80
2008.06.24 06:14:24.861,1.55235,1.55245,23.40,17.50
2008.06.24 06:14:25.087,1.55233,1.55249,2.40,1.00
2008.06.24 06:14:25.315,1.55235,1.5525,20.40,2.40
2008.06.24 06:14:28.621,1.55234,1.55254,10.80,5.40
2008.06.24 06:14:28.959,1.55236,1.55256,13.20,12.60
2008.06.24 06:14:29.316,1.5524,1.55255,8.40,4.80
2008.06.24 06:14:29.655,1.55244,1.55254,6.00,6.00
2008.06.24 06:14:29.835,1.55243,1.55253,11.40,10.80
2008.06.24 06:14:30.015,1.55239,1.55254,1.00,7.80
2008.06.24 06:14:30.371,1.55238,1.55253,9.00,4.20
2008.06.24 06:14:31.831,1.55237,1.55252,10.20,9.60
2008.06.24 06:14:31.971,1.55237,1.55247,2.40,11.20
2008.06.24 06:14:32.111,1.55236,1.55246,5.40,18.30
2008.06.24 06:14:32.387,1.55234,1.55244,13.30,1.80
2008.06.24 06:14:32.535,1.55234,1.55244,9.00,1.00
2008.06.24 06:14:32.846,1.55233,1.55243,12.00,2.40
2008.06.24 06:14:33.011,1.55232,1.55247,7.20,15.30
2008.06.24 06:14:33.159,1.55234,1.55249,12.60,1.80
2008.06.24 06:14:34.871,1.55238,1.55248,2.40,2.40
2008.06.24 06:14:34.971,1.55237,1.55252,6.00,1.00
2008.06.24 06:14:35.078,1.55238,1.55253,2.40,6.00
2008.06.24 06:14:35.382,1.5524,1.55255,17.40,5.40
2008.06.24 06:14:35.541,1.55244,1.55259,10.80,6.00
2008.06.24 06:14:35.643,1.55249,1.55259,9.60,2.40
2008.06.24 06:14:35.747,1.55248,1.55263,6.60,10.80
2008.06.24 06:14:36.135,1.55249,1.55264,6.00,12.70
2008.06.24 06:14:36.423,1.55251,1.55266,8.40,15.10
2008.06.24 06:14:37.959,1.55255,1.55265,11.40,2.70
2008.06.24 06:14:38.083,1.55258,1.55268,2.40,7.80
2008.06.24 06:14:38.283,1.55263,1.55273,4.80,8.40
2008.06.24 06:14:38.483,1.55265,1.55279,2.40,3.30
2008.06.24 06:14:38.683,1.55267,1.55277,5.40,6.00
2008.06.24 06:14:38.883,1.55259,1.55274,7.20,1.00
2008.06.24 06:14:39.083,1.55255,1.55265,4.80,8.40
2008.06.24 06:14:39.327,1.55245,1.5526,8.40,11.80
2008.06.24 06:14:39.576,1.55241,1.55256,1.00,2.40
2008.06.24 06:14:39.819,1.55234,1.55254,2.40,14.70
2008.06.24 06:14:40.063,1.55231,1.55251,6.00,11.20
2008.06.24 06:14:40.278,1.55232,1.55247,1.20,10.20
2008.06.24 06:14:40.643,1.55233,1.55243,3.00,4.80
2008.06.24 06:14:40.840,1.55232,1.55242,18.00,7.20
2008.06.24 06:14:41.228,1.55227,1.55247,20.70,3.60
2008.06.24 06:14:41.384,1.55229,1.55244,2.40,7.80
2008.06.24 06:14:41.540,1.55231,1.55247,2.40,7.20
2008.06.24 06:14:41.620,1.55232,1.55248,6.00,3.00
2008.06.24 06:14:41.847,1.55234,1.55249,10.90,8.10
2008.06.24 06:14:42.003,1.55238,1.55253,2.40,2.40
2008.06.24 06:14:42.688,1.55245,1.5525,8.40,6.10
2008.06.24 06:14:42.927,1.55247,1.55252,4.90,7.20
2008.06.24 06:14:43.167,1.55248,1.55253,6.60,13.00
2008.06.24 06:14:43.622,1.55242,1.55257,6.60,4.80
2008.06.24 06:14:43.827,1.55243,1.55253,6.00,5.40
2008.06.24 06:14:44.031,1.55243,1.55253,2.40,1.80
2008.06.24 06:14:44.235,1.55241,1.55251,17.40,2.40
2008.06.24 06:14:44.439,1.5524,1.5525,2.40,6.60
2008.06.24 06:14:45.048,1.55232,1.55257,9.00,11.80
2008.06.24 06:14:45.877,1.55241,1.55251,2.40,22.30
2008.06.24 06:14:46.080,1.55236,1.55256,8.40,6.00
2008.06.24 06:14:46.180,1.55238,1.55253,6.00,2.40
2008.06.24 06:14:46.340,1.55242,1.55247,2.40,2.70
2008.06.24 06:14:46.652,1.55238,1.55248,18.00,6.00
2008.06.24 06:14:48.703,1.55234,1.5525,17.40,1.20
2008.06.24 06:14:52.251,1.55237,1.55247,3.00,8.60
2008.06.24 06:14:53.963,1.5524,1.55245,16.80,1.80
2008.06.24 06:14:54.210,1.55239,1.55249,20.50,8.40
2008.06.24 06:14:54.451,1.55238,1.55253,10.80,10.90
2008.06.24 06:14:54.575,1.5524,1.5525,7.20,1.00
2008.06.24 06:14:54.865,1.55236,1.55251,7.80,4.80
2008.06.24 06:14:55.721,1.55238,1.55248,8.40,5.80
2008.06.24 06:14:55.932,1.55237,1.55247,7.20,3.00
2008.06.24 06:14:56.092,1.55237,1.55247,6.00,3.00
2008.06.24 06:14:56.270,1.55238,1.55248,12.60,6.00
2008.06.24 06:14:56.327,1.5524,1.5525,2.40,3.00
2008.06.24 06:14:56.382,1.55242,1.55252,3.60,3.00
2008.06.24 06:14:59.150,1.5524,1.55255,7.80,4.80
2008.06.24 06:14:59.930,1.55241,1.55257,9.60,8.40
2008.06.24 06:15:02.341,1.55237,1.55253,4.80,6.00
2008.06.24 06:15:02.617,1.55245,1.5526,8.40,6.00
2008.06.24 06:15:03.165,1.55253,1.55268,4.80,4.80
2008.06.24 06:15:03.393,1.55258,1.55273,6.00,5.70
2008.06.24 06:15:05.072,1.55258,1.55283,12.00,4.80
2008.06.24 06:15:06.021,1.55267,1.55282,6.00,11.70
2008.06.24 06:15:06.276,1.55268,1.55288,4.80,9.70
2008.06.24 06:15:06.933,1.55269,1.55289,7.80,13.90
2008.06.24 06:15:07.750,1.55273,1.55288,6.00,2.40
2008.06.24 06:15:08.092,1.55271,1.55286,4.80,16.30
2008.06.24 06:15:08.429,1.55267,1.55282,24.00,4.80
2008.06.24 06:15:08.769,1.5526,1.5528,2.40,1.00
2008.06.24 06:15:08.997,1.55259,1.55274,9.60,9.90
2008.06.24 06:15:09.114,1.55255,1.5527,11.40,14.20
2008.06.24 06:15:09.453,1.55253,1.55268,1.00,6.00
2008.06.24 06:15:09.681,1.55252,1.55267,2.40,10.10
2008.06.24 06:15:10.161,1.55252,1.55267,12.60,11.80
2008.06.24 06:15:10.508,1.55256,1.55266,4.80,3.00
2008.06.24 06:15:10.685,1.55257,1.55267,8.40,3.10
2008.06.24 06:15:10.861,1.55257,1.55267,1.80,8.40
2008.06.24 06:15:11.020,1.55256,1.55271,6.60,2.40
2008.06.24 06:15:11.180,1.55262,1.55268,5.40,1.00
2008.06.24 06:15:11.496,1.55264,1.55269,4.80,12.00
2008.06.24 06:15:11.657,1.55264,1.55269,1.20,3.00
2008.06.24 06:15:11.817,1.55263,1.55273,6.60,2.40
2008.06.24 06:15:12.433,1.55264,1.55274,22.70,2.40
2008.06.24 06:15:13.181,1.55263,1.55279,4.80,5.30
2008.06.24 06:15:14.001,1.55265,1.55275,4.80,1.00
2008.06.24 06:15:14.127,1.55264,1.55274,2.40,9.00
2008.06.24 06:15:14.250,1.55263,1.55273,8.40,10.60
2008.06.24 06:15:14.374,1.55261,1.55271,18.00,2.40
2008.06.24 06:15:14.737,1.55262,1.55272,1.20,2.40
2008.06.24 06:15:14.861,1.55258,1.55278,4.80,7.20
2008.06.24 06:15:14.985,1.55265,1.55285,7.80,9.60
2008.06.24 06:15:15.109,1.55273,1.55293,16.50,2.40
2008.06.24 06:15:15.233,1.55284,1.55304,3.60,2.40
2008.06.24 06:15:15.356,1.55288,1.55308,12.00,8.40
2008.06.24 06:15:15.480,1.55282,1.55297,6.80,18.00
2008.06.24 06:15:15.725,1.55275,1.55285,3.00,5.10
2008.06.24 06:15:16.021,1.55267,1.55277,2.40,5.70
2008.06.24 06:15:16.197,1.5526,1.5527,6.60,4.30
2008.06.24 06:15:17.545,1.55262,1.55267,9.00,5.40
2008.06.24 06:15:17.650,1.5526,1.55265,15.00,3.00
2008.06.24 06:15:17.758,1.55263,1.55268,18.60,7.20
2008.06.24 06:15:17.862,1.55259,1.55274,6.00,7.20
2008.06.24 06:15:19.169,1.55258,1.55278,2.40,9.00
2008.06.24 06:15:19.735,1.55264,1.55279,5.40,7.30
2008.06.24 06:15:23.013,1.55267,1.55282,4.80,7.20
2008.06.24 06:15:23.173,1.55271,1.55281,46.00,2.40
2008.06.24 06:15:23.402,1.55272,1.55282,4.80,5.40
2008.06.24 06:15:24.516,1.5527,1.55285,2.40,2.40
2008.06.24 06:15:24.721,1.55271,1.55286,4.80,7.80
2008.06.24 06:15:24.929,1.5527,1.55285,6.60,7.20
2008.06.24 06:15:25.138,1.55274,1.55279,10.80,2.40
2008.06.24 06:15:25.346,1.55271,1.55281,4.80,7.20
2008.06.24 06:15:25.541,1.55274,1.55279,6.20,2.40
2008.06.24 06:15:25.737,1.5527,1.5528,2.40,1.80
2008.06.24 06:15:25.935,1.55269,1.55279,1.00,8.40
2008.06.24 06:15:26.594,1.55265,1.5528,2.40,9.20
2008.06.24 06:15:28.180,1.55266,1.55276,3.60,12.00
2008.06.24 06:15:28.479,1.55264,1.55274,2.40,12.10
2008.06.24 06:15:28.666,1.55264,1.55274,10.20,19.20
2008.06.24 06:15:31.065,1.55261,1.55276,10.20,9.10
2008.06.24 06:15:31.991,1.55263,1.55273,9.00,3.00
2008.06.24 06:15:32.136,1.55253,1.55278,4.90,4.80
2008.06.24 06:15:32.509,1.55259,1.55269,14.80,9.70
2008.06.24 06:15:32.585,1.55259,1.55264,6.00,4.20
2008.06.24 06:15:32.825,1.55254,1.55264,1.00,1.00
2008.06.24 06:15:33.301,1.55253,1.55263,13.80,1.00
2008.06.24 06:15:33.541,1.55249,1.55264,6.60,7.80
2008.06.24 06:15:34.077,1.5525,1.5526,8.40,2.40
2008.06.24 06:15:34.377,1.55248,1.55258,2.40,1.00
2008.06.24 06:15:34.677,1.55246,1.55256,1.00,2.80
2008.06.24 06:15:35.149,1.55242,1.55257,1.20,2.40
2008.06.24 06:15:35.327,1.5524,1.5525,6.00,3.00
2008.06.24 06:15:35.501,1.55231,1.55246,16.00,1.00
2008.06.24 06:15:35.678,1.55224,1.55239,12.00,51.40
2008.06.24 06:15:35.866,1.55224,1.55238,13.80,7.20
2008.06.24 06:15:36.149,1.55233,1.55248,3.00,2.50
2008.06.24 06:15:37.700,1.55243,1.55258,4.20,6.00
2008.06.24 06:15:37.969,1.55253,1.55268,6.00,3.40
2008.06.24 06:15:38.245,1.55263,1.55273,2.40,6.00
2008.06.24 06:15:38.522,1.55269,1.55279,6.60,6.00
2008.06.24 06:15:38.601,1.55274,1.5528,8.40,10.20
2008.06.24 06:15:41.486,1.55272,1.55282,2.40,16.60
2008.06.24 06:15:41.597,1.55272,1.55282,6.00,8.00
2008.06.24 06:15:41.829,1.55268,1.55283,2.40,8.40
2008.06.24 06:15:46.965,1.55266,1.55281,2.40,8.40
2008.06.24 06:15:47.093,1.55264,1.55274,9.00,3.00
2008.06.24 06:15:47.345,1.55259,1.55274,6.00,8.40
2008.06.24 06:15:47.935,1.5526,1.5527,8.40,7.80
2008.06.24 06:15:48.273,1.55259,1.55269,11.40,4.80
2008.06.24 06:15:51.642,1.5526,1.55265,8.40,2.40
2008.06.24 06:15:51.845,1.55254,1.55269,2.40,14.40
2008.06.24 06:15:52.073,1.55251,1.55271,2.40,3.00
2008.06.24 06:15:52.300,1.55251,1.55271,20.40,9.60
2008.06.24 06:15:52.753,1.55255,1.5527,3.00,8.40
2008.06.24 06:15:53.989,1.55254,1.55274,10.20,7.80
2008.06.24 06:15:54.676,1.55258,1.55273,4.80,1.00
2008.06.24 06:15:55.565,1.55259,1.55274,3.00,9.00
2008.06.24 06:15:56.983,1.5526,1.55275,6.00,9.40
2008.06.24 06:15:58.491,1.55262,1.55277,8.40,4.80
2008.06.24 06:15:58.607,1.55264,1.55279,10.20,4.80
2008.06.24 06:15:58.781,1.55271,1.55281,2.40,17.50
2008.06.24 06:15:58.957,1.55273,1.55283,15.00,5.40
2008.06.24 06:16:01.067,1.55265,1.55275,1.00,7.20
2008.06.24 06:16:01.555,1.55265,1.55275,3.30,12.30
2008.06.24 06:16:05.462,1.5527,1.55274,8.40,16.80
2008.06.24 06:16:06.372,1.55267,1.55277,3.00,3.00
2008.06.24 06:16:06.666,1.55264,1.55279,19.20,11.40
2008.06.24 06:16:06.812,1.55263,1.55278,12.60,13.90
2008.06.24 06:16:06.971,1.55264,1.55274,4.80,7.20
2008.06.24 06:16:07.119,1.55263,1.55273,4.80,11.40
2008.06.24 06:16:07.363,1.55262,1.55277,9.60,7.20
2008.06.24 06:16:07.607,1.55267,1.55272,8.40,5.40
2008.06.24 06:16:07.851,1.55263,1.55273,5.10,4.80
2008.06.24 06:16:08.095,1.55262,1.55277,4.80,3.00
2008.06.24 06:16:08.341,1.55262,1.55277,11.00,4.80
2008.06.24 06:16:08.579,1.55264,1.55274,11.40,6.00
2008.06.24 06:16:08.819,1.55263,1.55273,5.40,8.40
2008.06.24 06:16:09.295,1.55264,1.55269,4.80,11.50
2008.06.24 06:16:09.622,1.5526,1.5527,2.40,20.40
2008.06.24 06:16:09.942,1.55258,1.55268,2.40,1.20
2008.06.24 06:16:10.267,1.55257,1.55267,2.40,2.40
2008.06.24 06:16:10.506,1.55255,1.55265,8.40,15.00
2008.06.24 06:16:10.747,1.55255,1.55265,2.40,12.00
2008.06.24 06:16:11.992,1.55259,1.55264,13.60,4.80
2008.06.24 06:16:12.171,1.55258,1.55268,12.40,9.30
2008.06.24 06:16:12.345,1.55257,1.55272,6.00,8.40
2008.06.24 06:16:12.616,1.55264,1.55274,12.60,1.20
2008.06.24 06:16:14.098,1.55267,1.55277,9.00,8.40
2008.06.24 06:16:14.275,1.55271,1.55276,2.40,7.20
2008.06.24 06:16:14.451,1.55272,1.55277,6.60,5.70
2008.06.24 06:16:14.791,1.5527,1.5528,10.00,4.80
2008.06.24 06:16:15.131,1.55266,1.55286,10.20,4.80
2008.06.24 06:16:15.471,1.55266,1.55286,2.40,3.00
2008.06.24 06:16:16.762,1.55271,1.55281,6.60,3.00
2008.06.24 06:16:17.025,1.5527,1.55285,1.60,6.00
2008.06.24 06:16:17.287,1.55271,1.55286,13.80,4.80
2008.06.24 06:16:17.568,1.55278,1.55288,8.40,7.00
2008.06.24 06:16:17.691,1.55284,1.55294,12.60,6.00
2008.06.24 06:16:17.831,1.55293,1.55303,1.00,2.40
2008.06.24 06:16:18.106,1.55299,1.55314,5.70,3.00
2008.06.24 06:16:18.246,1.55297,1.55317,1.00,12.10
2008.06.24 06:16:18.386,1.55287,1.55307,4.80,17.20
2008.06.24 06:16:18.527,1.55282,1.55292,7.20,13.80
2008.06.24 06:16:18.722,1.55273,1.55283,12.60,17.70
2008.06.24 06:16:18.918,1.55267,1.55277,9.60,4.80
2008.06.24 06:16:19.114,1.5526,1.55275,8.40,2.40
2008.06.24 06:16:19.313,1.55261,1.55271,7.20,1.00
2008.06.24 06:16:19.508,1.55261,1.55271,7.30,1.00
2008.06.24 06:16:20.182,1.55265,1.5527,12.40,4.80
2008.06.24 06:16:20.523,1.55261,1.55276,1.00,2.40
2008.06.24 06:16:20.650,1.55264,1.55279,1.00,6.00
2008.06.24 06:16:20.778,1.55268,1.55283,6.60,2.40
2008.06.24 06:16:20.906,1.55271,1.55286,13.80,4.20
2008.06.24 06:16:21.282,1.55271,1.55286,7.20,2.40
2008.06.24 06:16:21.410,1.5527,1.5529,7.20,9.60
2008.06.24 06:16:21.538,1.55269,1.55289,3.00,4.80
2008.06.24 06:16:21.814,1.55272,1.55282,12.00,5.10
2008.06.24 06:16:22.091,1.55266,1.55281,7.20,23.50
2008.06.24 06:16:22.366,1.55263,1.55278,2.40,6.20
2008.06.24 06:16:23.440,1.55264,1.55268,7.80,8.40
2008.06.24 06:16:27.852,1.55257,1.55272,1.00,4.80
2008.06.24 06:16:29.054,1.55256,1.55271,4.80,12.00
2008.06.24 06:16:29.247,1.55255,1.5527,6.00,4.90
2008.06.24 06:16:29.453,1.55259,1.55269,7.80,6.00
2008.06.24 06:16:35.297,1.55255,1.55275,1.00,2.40
2008.06.24 06:16:35.543,1.55256,1.55271,13.80,3.30
2008.06.24 06:16:35.746,1.55256,1.55266,2.40,3.00
2008.06.24 06:16:36.561,1.55254,1.55264,4.80,12.30
2008.06.24 06:16:36.787,1.5525,1.55265,16.80,1.80
2008.06.24 06:16:36.884,1.55253,1.55258,4.80,7.30
2008.06.24 06:16:37.046,1.5525,1.5526,7.80,16.80
2008.06.24 06:16:37.210,1.55248,1.55258,1.20,7.20
2008.06.24 06:16:38.320,1.55252,1.55257,3.00,3.70
2008.06.24 06:16:40.419,1.55252,1.55257,1.20,8.40
2008.06.24 06:16:40.772,1.55249,1.55263,10.00,6.40
2008.06.24 06:16:41.147,1.55252,1.55262,6.10,2.40
2008.06.24 06:16:41.343,1.55248,1.55268,4.80,12.30
2008.06.24 06:16:41.539,1.55252,1.55267,15.60,6.00
2008.06.24 06:16:42.178,1.55247,1.55267,1.80,2.40
2008.06.24 06:16:42.395,1.55244,1.55259,2.40,1.80
2008.06.24 06:16:42.612,1.55236,1.55252,5.50,4.80
2008.06.24 06:16:42.825,1.55226,1.55242,5.40,12.60
2008.06.24 06:16:43.022,1.55224,1.5524,12.60,4.80
2008.06.24 06:16:43.222,1.55232,1.55247,1.20,6.60
2008.06.24 06:16:43.422,1.55241,1.55256,15.90,1.00
2008.06.24 06:16:43.622,1.5525,1.55265,3.60,14.80
2008.06.24 06:16:43.842,1.55256,1.55271,6.60,4.80
2008.06.24 06:16:44.063,1.55264,1.55279,32.40,4.80
2008.06.24 06:16:45.052,1.55267,1.55283,13.80,7.60
2008.06.24 06:16:45.391,1.55269,1.55284,3.00,8.70
2008.06.24 06:16:45.742,1.55273,1.55283,6.00,9.40
2008.06.24 06:16:46.200,1.5527,1.5528,4.80,28.00
2008.06.24 06:16:46.354,1.55266,1.55281,4.80,5.40
2008.06.24 06:16:46.510,1.55264,1.55279,13.80,13.50
2008.06.24 06:16:46.667,1.55262,1.55277,2.40,6.00
2008.06.24 06:16:46.826,1.55264,1.55274,4.80,4.80
2008.06.24 06:16:47.140,1.5526,1.55275,6.00,1.00
2008.06.24 06:16:51.231,1.55262,1.55277,2.40,16.20
2008.06.24 06:16:51.618,1.55263,1.55278,12.40,2.40
2008.06.24 06:16:51.785,1.55262,1.55282,9.60,9.00
2008.06.24 06:16:51.863,1.55263,1.55283,2.40,8.40
2008.06.24 06:16:51.943,1.55266,1.55281,4.80,7.60
2008.06.24 06:16:52.178,1.55267,1.55277,10.50,2.40
2008.06.24 06:16:52.414,1.55264,1.55274,12.00,6.00
2008.06.24 06:16:52.650,1.55265,1.5527,11.40,6.60
2008.06.24 06:16:52.892,1.55261,1.55271,2.40,9.10
2008.06.24 06:16:53.126,1.55258,1.55273,3.60,2.50
2008.06.24 06:16:54.538,1.55257,1.55272,3.60,2.40
2008.06.24 06:16:54.934,1.55256,1.55271,1.20,4.80
2008.06.24 06:16:55.134,1.55255,1.5527,18.00,6.00
2008.06.24 06:16:55.681,1.55261,1.55265,3.00,1.90
2008.06.24 06:16:55.834,1.55258,1.55273,6.60,4.80
2008.06.24 06:16:56.071,1.55262,1.55277,3.00,16.00
2008.06.24 06:16:56.579,1.55266,1.55281,14.80,10.20
2008.06.24 06:16:56.719,1.55272,1.55282,5.40,3.00
2008.06.24 06:17:00.302,1.55292,1.55306,4.80,14.40
2008.06.24 06:17:00.802,1.5529,1.55305,4.80,4.80
2008.06.24 06:17:01.165,1.55288,1.55303,7.20,3.60
2008.06.24 06:17:04.890,1.55287,1.55302,23.40,7.30
2008.06.24 06:17:09.314,1.55286,1.55301,10.20,4.80
2008.06.24 06:17:09.411,1.55285,1.553,7.20,4.80
2008.06.24 06:17:10.264,1.55284,1.55299,7.20,1.80
2008.06.24 06:17:10.405,1.55283,1.55298,3.00,6.00
2008.06.24 06:17:10.543,1.55284,1.55294,2.40,4.80
2008.06.24 06:17:13.653,1.5528,1.55295,1.20,2.40
2008.06.24 06:17:13.858,1.55279,1.55294,18.00,6.60
2008.06.24 06:17:14.066,1.5528,1.5529,13.60,3.00
2008.06.24 06:17:14.203,1.55284,1.55289,7.80,2.80
2008.06.24 06:17:14.274,1.5528,1.55296,7.80,5.40
2008.06.24 06:17:26.486,1.55281,1.55297,2.40,12.00
2008.06.24 06:17:26.888,1.55281,1.55296,10.80,4.80
2008.06.24 06:17:27.135,1.55278,1.55294,3.60,1.90
2008.06.24 06:17:27.383,1.55276,1.55286,18.40,10.20
2008.06.24 06:17:28.251,1.55275,1.55279,3.00,3.00
2008.06.24 06:17:32.015,1.55264,1.55274,1.00,1.00
2008.06.24 06:17:32.272,1.55256,1.55266,7.80,14.40
2008.06.24 06:17:32.798,1.55253,1.55263,3.00,6.00
2008.06.24 06:17:32.958,1.55257,1.55267,3.00,5.50
2008.06.24 06:17:33.135,1.55263,1.55273,1.80,9.60
2008.06.24 06:17:33.752,1.5527,1.5528,6.00,1.00
2008.06.24 06:17:33.946,1.55276,1.55281,8.40,6.00
2008.06.24 06:17:34.143,1.55278,1.55288,8.40,6.90
2008.06.24 06:17:34.902,1.55285,1.5529,15.00,1.80
2008.06.24 06:17:35.002,1.55284,1.553,20.50,8.40
2008.06.24 06:17:35.086,1.55292,1.55302,1.20,11.60
2008.06.24 06:17:35.270,1.55295,1.5531,1.80,13.90
2008.06.24 06:17:35.454,1.55306,1.55316,5.40,10.80
2008.06.24 06:17:35.818,1.55314,1.55324,9.00,2.80
2008.06.24 06:17:36.492,1.55323,1.55333,4.80,17.20
2008.06.24 06:17:36.830,1.55323,1.55337,7.00,8.40
2008.06.24 06:17:37.082,1.55321,1.55331,6.90,24.30
2008.06.24 06:17:37.210,1.55314,1.55324,1.20,3.00
2008.06.24 06:17:37.464,1.55306,1.55316,3.60,14.60
2008.06.24 06:17:37.594,1.55305,1.5531,2.40,1.00
2008.06.24 06:17:37.846,1.55298,1.55308,14.40,1.20
2008.06.24 06:17:38.186,1.55294,1.55304,8.40,10.20
2008.06.24 06:17:41.477,1.55293,1.55303,7.80,5.40
2008.06.24 06:17:42.895,1.55291,1.55301,6.00,8.20
2008.06.24 06:17:45.256,1.55293,1.55298,4.80,4.90
2008.06.24 06:17:48.486,1.55289,1.55299,8.40,2.40
2008.06.24 06:17:49.035,1.55288,1.55298,1.00,2.40
2008.06.24 06:17:49.321,1.55285,1.553,9.00,7.20
2008.06.24 06:17:50.758,1.55289,1.55299,7.20,6.60
2008.06.24 06:17:51.006,1.55293,1.55298,1.00,2.40
2008.06.24 06:17:53.315,1.55294,1.55299,4.00,6.30
2008.06.24 06:17:53.354,1.55291,1.55301,2.40,6.60
2008.06.24 06:17:53.427,1.55292,1.55297,7.20,13.20
2008.06.24 06:17:53.650,1.55291,1.55296,11.40,2.40
2008.06.24 06:17:53.687,1.55287,1.55297,6.40,2.40
2008.06.24 06:17:53.922,1.55282,1.55297,2.40,15.10
2008.06.24 06:17:54.054,1.5528,1.5529,2.40,1.00
2008.06.24 06:17:54.191,1.55277,1.55287,1.20,7.80
2008.06.24 06:18:02.637,1.55264,1.55278,20.40,2.40
2008.06.24 06:18:02.798,1.55265,1.5528,13.80,5.40
2008.06.24 06:18:02.966,1.55267,1.55282,6.60,4.80
2008.06.24 06:18:03.160,1.55273,1.55283,1.00,4.80
2008.06.24 06:18:03.352,1.55276,1.55291,2.40,2.40
2008.06.24 06:18:03.544,1.55281,1.55296,2.40,9.90
2008.06.24 06:18:05.053,1.55284,1.55299,2.40,1.00
2008.06.24 06:18:05.153,1.55288,1.55303,10.20,5.40
2008.06.24 06:18:05.253,1.55293,1.55308,6.40,6.60
2008.06.24 06:18:05.357,1.55296,1.55306,19.80,2.40
2008.06.24 06:18:05.461,1.55297,1.55307,22.80,4.80
2008.06.24 06:18:05.760,1.55297,1.55307,5.40,11.20
2008.06.24 06:18:08.101,1.55296,1.55306,8.40,8.40
2008.06.24 06:18:09.509,1.55294,1.55304,7.80,12.60
2008.06.24 06:18:10.037,1.55291,1.55301,5.40,7.20
2008.06.24 06:18:10.202,1.55284,1.55299,12.60,4.20
2008.06.24 06:18:10.365,1.55278,1.55294,13.20,2.40
2008.06.24 06:18:10.812,1.55274,1.55289,6.00,12.00
2008.06.24 06:18:10.957,1.55271,1.55281,3.00,20.50
2008.06.24 06:18:11.027,1.55263,1.55273,13.20,2.40
2008.06.24 06:18:11.326,1.55255,1.55265,6.00,2.40
2008.06.24 06:18:15.888,1.55246,1.55256,2.40,13.00
2008.06.24 06:18:16.936,1.55236,1.55246,8.40,12.60
2008.06.24 06:18:18.496,1.55233,1.55243,12.60,5.40
2008.06.24 06:18:18.588,1.55237,1.55247,8.40,8.88
2008.06.24 06:18:18.797,1.55243,1.55253,6.70,3.90
2008.06.24 06:18:18.904,1.55251,1.55261,22.80,8.40
2008.06.24 06:18:19.008,1.55256,1.55266,24.00,9.00
2008.06.24 06:18:19.264,1.55261,1.55271,6.00,7.90
2008.06.24 06:18:19.420,1.55265,1.55275,24.00,23.20
2008.06.24 06:18:20.028,1.55267,1.55282,26.80,2.40
2008.06.24 06:18:20.180,1.55273,1.55283,6.60,24.30
2008.06.24 06:18:20.389,1.5528,1.55285,7.20,1.80
2008.06.24 06:18:20.597,1.55276,1.55291,3.00,4.80
2008.06.24 06:18:20.804,1.55282,1.55287,6.00,1.80
2008.06.24 06:18:21.554,1.55281,1.55291,3.60,3.00
2008.06.24 06:18:21.893,1.55283,1.55293,3.60,2.40
2008.06.24 06:18:22.232,1.55281,1.55296,2.40,9.30
2008.06.24 06:18:23.358,1.55285,1.55295,10.20,1.80
2008.06.24 06:18:25.785,1.55287,1.55297,24.30,3.30
2008.06.24 06:18:28.637,1.55288,1.55298,4.80,6.60
2008.06.24 06:18:34.006,1.5529,1.553,3.00,10.20
2008.06.24 06:18:34.318,1.55291,1.55301,10.80,7.80
2008.06.24 06:18:36.384,1.55287,1.55302,22.60,1.00
2008.06.24 06:18:36.724,1.55292,1.55296,1.00,5.60
2008.06.24 06:18:37.065,1.55288,1.55298,15.00,1.00
2008.06.24 06:18:37.212,1.55285,1.55301,3.00,3.00
2008.06.24 06:18:37.404,1.5529,1.553,2.40,3.00
2008.06.24 06:18:45.357,1.55293,1.55303,7.80,4.20
2008.06.24 06:18:45.384,1.55298,1.55308,13.80,4.20
2008.06.24 06:18:45.470,1.55307,1.55312,11.40,8.40
2008.06.24 06:18:45.554,1.55316,1.55321,10.20,4.80
2008.06.24 06:18:45.948,1.55321,1.55336,4.80,6.00
2008.06.24 06:18:46.637,1.55329,1.55344,16.80,1.00
2008.06.24 06:18:46.988,1.55333,1.55347,2.40,3.00
2008.06.24 06:18:47.641,1.5533,1.5534,10.80,9.70
2008.06.24 06:18:47.840,1.55322,1.55332,8.40,1.00
2008.06.24 06:18:48.037,1.55313,1.55328,5.40,1.00
2008.06.24 06:18:48.238,1.55305,1.5532,3.60,6.00
2008.06.24 06:18:48.436,1.55305,1.5531,8.90,6.00
2008.06.24 06:18:48.636,1.55293,1.55313,3.60,2.40
2008.06.24 06:18:48.880,1.55289,1.55309,1.00,10.20
2008.06.24 06:18:49.127,1.55285,1.55305,6.60,11.50
2008.06.24 06:18:49.608,1.55282,1.55307,2.40,5.70
2008.06.24 06:18:49.792,1.55283,1.55303,1.20,6.00
2008.06.24 06:18:50.944,1.55284,1.55299,14.80,2.40
2008.06.24 06:18:51.374,1.55283,1.55298,2.40,4.20
2008.06.24 06:18:53.117,1.55284,1.55294,8.40,2.40
2008.06.24 06:18:55.978,1.55284,1.55294,4.80,1.20
2008.06.24 06:18:56.468,1.55289,1.55294,15.60,2.40
2008.06.24 06:18:57.013,1.55288,1.55298,1.00,1.00
2008.06.24 06:18:57.301,1.55294,1.55304,1.00,3.30
2008.06.24 06:18:57.714,1.55302,1.55307,5.40,7.20
2008.06.24 06:18:57.920,1.55305,1.5532,6.00,4.80
