2017.12.15 13:00:00.080,1.18017,1.18018,1.00,1.50
2017.12.15 13:00:00.467,1.18036,1.18038,1.25,2.62
2017.12.15 13:00:00.742,1.18034,1.18036,1.25,3.19
2017.12.15 13:00:01.281,1.18033,1.18036,1.57,1.00
2017.12.15 13:00:01.701,1.18049,1.18051,1.12,1.95
2017.12.15 13:00:02.197,1.18053,1.18055,1.50,1.20
2017.12.15 13:00:02.357,1.18056,1.18058,1.10,1.87
2017.12.15 13:00:02.580,1.18057,1.18059,2.06,1.31
2017.12.15 13:00:03.098,1.18057,1.18059,1.00,1.37
2017.12.15 13:00:03.369,1.18057,1.18061,1.57,4.12
2017.12.15 13:00:03.734,1.18056,1.18058,2.32,2.81
2017.12.15 13:00:04.037,1.18058,1.1806,1.07,1.87
2017.12.15 13:00:04.555,1.18057,1.18061,1.20,6.07
2017.12.15 13:00:04.811,1.18056,1.18057,1.00,1.20
2017.12.15 13:00:04.863,1.18055,1.18058,1.50,1.95
2017.12.15 13:00:05.019,1.18054,1.18057,1.12,1.45
2017.12.15 13:00:05.229,1.18056,1.18059,3.07,1.39
2017.12.15 13:00:05.334,1.18059,1.1806,1.87,1.20
2017.12.15 13:00:05.830,1.18055,1.18059,3.74,1.10
2017.12.15 13:00:06.035,1.18055,1.18059,1.87,1.57
2017.12.15 13:00:06.222,1.18054,1.18058,1.31,4.39
2017.12.15 13:00:06.327,1.18051,1.18053,1.12,1.20
2017.12.15 13:00:06.380,1.18049,1.18053,3.94,1.20
2017.12.15 13:00:07.148,1.18048,1.1805,3.82,1.50
2017.12.15 13:00:07.200,1.18046,1.1805,1.00,2.51
2017.12.15 13:00:07.356,1.18048,1.1805,1.00,1.01
2017.12.15 13:00:07.668,1.18049,1.18051,1.25,1.20
2017.12.15 13:00:07.819,1.18051,1.18055,4.12,1.01
2017.12.15 13:00:07.979,1.1805,1.18051,4.20,1.00
2017.12.15 13:00:08.033,1.1805,1.18053,1.10,1.50
2017.12.15 13:00:08.543,1.18049,1.18053,1.57,1.45
2017.12.15 13:00:08.800,1.18048,1.1805,3.82,1.00
2017.12.15 13:00:09.110,1.18044,1.18048,2.25,1.76
2017.12.15 13:00:09.510,1.18045,1.18049,1.12,2.32
2017.12.15 13:00:09.973,1.18045,1.18049,1.20,7.20
2017.12.15 13:00:10.532,1.18045,1.18048,2.70,1.20
2017.12.15 13:00:10.949,1.18044,1.18047,4.12,1.57
2017.12.15 13:00:11.452,1.18043,1.18047,6.04,1.57
2017.12.15 13:00:11.970,1.18045,1.18048,3.82,1.10
2017.12.15 13:00:12.518,1.18045,1.18049,3.56,5.89
2017.12.15 13:00:13.032,1.18045,1.18049,1.50,3.08
2017.12.15 13:00:13.546,1.18044,1.18047,9.56,1.12
2017.12.15 13:00:13.858,1.18044,1.18047,1.00,3.64
2017.12.15 13:00:14.374,1.18042,1.18044,4.50,1.57
2017.12.15 13:00:14.481,1.1804,1.18043,1.00,8.51
2017.12.15 13:00:14.534,1.18037,1.18041,4.20,1.95
2017.12.15 13:00:14.691,1.18037,1.1804,2.06,1.39
2017.12.15 13:00:15.192,1.18038,1.1804,1.00,1.95
2017.12.15 13:00:15.713,1.18039,1.18041,3.56,2.32
2017.12.15 13:00:15.860,1.18039,1.18042,1.87,2.70
2017.12.15 13:00:16.580,1.18041,1.18043,1.00,1.57
2017.12.15 13:00:16.937,1.18041,1.18045,2.25,7.20
2017.12.15 13:00:18.194,1.18042,1.18045,2.62,3.07
2017.12.15 13:00:19.390,1.18042,1.18045,1.50,1.57
2017.12.15 13:00:20.365,1.18044,1.18046,1.50,2.32
2017.12.15 13:00:21.234,1.18044,1.18047,1.87,2.70
2017.12.15 13:00:21.855,1.18044,1.18047,1.50,1.95
2017.12.15 13:00:22.585,1.18044,1.18047,2.62,1.95
2017.12.15 13:00:23.131,1.18044,1.18047,2.62,1.95
2017.12.15 13:00:23.636,1.18044,1.18047,2.62,1.95
2017.12.15 13:00:24.152,1.18044,1.18047,2.25,3.45
2017.12.15 13:00:24.425,1.18044,1.18047,4.50,1.20
2017.12.15 13:00:24.635,1.18049,1.1805,1.50,3.37
2017.12.15 13:00:24.741,1.18049,1.18052,6.75,2.32
2017.12.15 13:00:25.407,1.18046,1.1805,1.95,3.00
2017.12.15 13:00:25.718,1.18048,1.18051,4.95,1.10
2017.12.15 13:00:26.246,1.18048,1.18052,3.37,2.70
2017.12.15 13:00:26.764,1.18049,1.18051,1.87,1.00
2017.12.15 13:00:27.356,1.18049,1.18052,1.00,1.95
2017.12.15 13:00:27.916,1.18049,1.18051,1.00,1.00
2017.12.15 13:00:30.583,1.18048,1.18051,1.10,1.00
2017.12.15 13:00:31.106,1.18048,1.18051,1.57,1.87
2017.12.15 13:00:31.612,1.18048,1.18051,2.32,1.50
2017.12.15 13:00:32.116,1.18047,1.18049,1.20,1.50
2017.12.15 13:00:32.272,1.18047,1.18051,1.95,6.45
2017.12.15 13:00:32.784,1.18047,1.1805,3.07,1.12
2017.12.15 13:00:33.577,1.18047,1.18049,1.57,1.00
2017.12.15 13:00:34.150,1.18047,1.1805,1.07,3.75
2017.12.15 13:00:35.013,1.18046,1.1805,1.57,3.37
2017.12.15 13:00:35.548,1.18046,1.18049,2.32,1.12
2017.12.15 13:00:36.060,1.18046,1.1805,9.64,3.37
2017.12.15 13:00:37.148,1.18046,1.18049,10.57,1.00
2017.12.15 13:00:37.661,1.18047,1.1805,1.07,7.12
2017.12.15 13:00:37.713,1.18046,1.1805,2.62,5.32
2017.12.15 13:00:38.263,1.18046,1.18049,2.70,1.20
2017.12.15 13:00:38.936,1.18046,1.18049,3.07,1.57
2017.12.15 13:00:39.660,1.18047,1.18051,2.62,7.57
2017.12.15 13:00:39.857,1.18048,1.1805,1.12,2.70
2017.12.15 13:00:40.577,1.18048,1.1805,1.31,2.89
2017.12.15 13:00:41.089,1.18047,1.1805,1.87,2.70
2017.12.15 13:00:42.483,1.18046,1.1805,11.25,5.14
2017.12.15 13:00:42.987,1.18047,1.18049,1.37,1.50
2017.12.15 13:00:45.089,1.18047,1.18049,1.50,1.12
2017.12.15 13:00:48.178,1.18047,1.1805,9.00,2.70
2017.12.15 13:00:48.809,1.18047,1.1805,9.75,3.45
2017.12.15 13:00:49.313,1.18049,1.18051,1.00,2.32
2017.12.15 13:00:49.625,1.18051,1.18052,1.00,1.95
2017.12.15 13:00:49.729,1.18049,1.18052,4.20,1.12
2017.12.15 13:00:50.240,1.18049,1.18053,12.56,3.82
2017.12.15 13:00:50.839,1.18049,1.18052,2.25,1.57
2017.12.15 13:00:50.994,1.18048,1.18052,4.69,4.01
2017.12.15 13:00:51.511,1.18049,1.18051,1.00,1.10
2017.12.15 13:00:52.146,1.18049,1.18052,1.00,1.57
2017.12.15 13:00:52.709,1.18049,1.18051,1.00,1.00
2017.12.15 13:00:53.017,1.1805,1.18053,3.00,1.45
2017.12.15 13:00:53.554,1.18051,1.18054,2.25,5.32
2017.12.15 13:00:54.152,1.18051,1.18053,1.00,3.07
2017.12.15 13:00:54.956,1.1805,1.18053,3.00,2.32
2017.12.15 13:00:55.602,1.18052,1.18054,1.00,2.32
2017.12.15 13:00:57.056,1.18051,1.18055,9.56,1.95
2017.12.15 13:00:57.600,1.18051,1.18055,8.62,1.20
2017.12.15 13:00:58.131,1.18051,1.18055,8.85,1.57
2017.12.15 13:00:58.632,1.18052,1.18054,1.12,1.10
2017.12.15 13:01:00.107,1.18053,1.18054,1.50,1.10
2017.12.15 13:01:00.417,1.18056,1.18058,1.00,2.70
2017.12.15 13:01:00.970,1.18057,1.18059,1.12,2.32
2017.12.15 13:01:02.897,1.18056,1.18057,1.87,1.20
2017.12.15 13:01:03.052,1.18054,1.18056,3.19,1.10
2017.12.15 13:01:03.596,1.18054,1.18057,4.39,3.45
2017.12.15 13:01:04.870,1.18054,1.18056,2.25,1.00
2017.12.15 13:01:05.616,1.18053,1.18056,1.57,4.95
2017.12.15 13:01:06.143,1.18053,1.18056,1.20,4.95
2017.12.15 13:01:06.355,1.18051,1.18053,1.00,2.62
2017.12.15 13:01:07.739,1.18051,1.18054,8.14,3.07
2017.12.15 13:01:09.115,1.18051,1.18054,5.14,1.87
2017.12.15 13:01:09.726,1.18051,1.18054,4.76,1.87
2017.12.15 13:01:10.241,1.18051,1.18054,6.26,1.50
2017.12.15 13:01:11.262,1.18051,1.18054,1.50,6.00
2017.12.15 13:01:11.779,1.1805,1.18053,3.56,1.00
2017.12.15 13:01:12.913,1.1805,1.18053,2.81,1.69
2017.12.15 13:01:13.852,1.18051,1.18054,4.31,1.12
2017.12.15 13:01:14.340,1.18052,1.18055,2.06,5.44
2017.12.15 13:01:14.936,1.18053,1.18055,2.47,2.81
2017.12.15 13:01:15.452,1.18053,1.18055,1.50,1.00
2017.12.15 13:01:16.162,1.18053,1.18056,1.87,4.39
2017.12.15 13:01:16.467,1.18051,1.18055,1.91,9.26
2017.12.15 13:01:17.017,1.18052,1.18055,1.12,5.51
2017.12.15 13:01:19.422,1.18052,1.18055,3.56,1.12
2017.12.15 13:01:19.732,1.18049,1.18051,1.12,3.00
2017.12.15 13:01:21.851,1.18047,1.18051,10.95,2.62
2017.12.15 13:01:23.069,1.18049,1.18051,1.00,1.87
2017.12.15 13:01:23.809,1.18049,1.18051,1.00,1.87
2017.12.15 13:01:24.317,1.18048,1.18051,1.12,2.62
2017.12.15 13:01:27.469,1.1805,1.18052,1.50,3.37
2017.12.15 13:01:37.854,1.18049,1.18052,3.07,1.20
2017.12.15 13:01:38.867,1.1805,1.18053,2.06,5.81
2017.12.15 13:01:38.919,1.18052,1.18055,1.00,1.87
2017.12.15 13:01:39.382,1.1805,1.18051,5.51,2.47
2017.12.15 13:01:39.486,1.18048,1.1805,4.12,5.55
2017.12.15 13:01:40.031,1.18047,1.18049,8.25,5.25
2017.12.15 13:01:42.062,1.18047,1.1805,8.89,1.65
2017.12.15 13:01:45.116,1.18047,1.18051,1.00,6.52
2017.12.15 13:01:45.665,1.18047,1.1805,1.50,1.95
2017.12.15 13:01:45.718,1.1805,1.18051,1.00,1.20
2017.12.15 13:01:45.824,1.18052,1.18055,2.06,3.90
2017.12.15 13:01:46.066,1.18051,1.18053,1.12,3.82
2017.12.15 13:01:46.578,1.18051,1.18053,2.25,1.10
2017.12.15 13:01:47.089,1.1805,1.18053,1.12,2.62
2017.12.15 13:01:48.044,1.1805,1.18053,3.00,3.82
2017.12.15 13:01:48.382,1.18055,1.18056,1.00,1.10
2017.12.15 13:01:48.897,1.18053,1.18056,3.00,1.10
2017.12.15 13:01:49.446,1.18055,1.18056,1.00,1.10
2017.12.15 13:01:53.746,1.18054,1.18057,2.25,2.14
2017.12.15 13:01:54.695,1.18054,1.18057,1.37,1.70
2017.12.15 13:01:55.005,1.18056,1.18058,1.87,3.45
2017.12.15 13:01:55.516,1.18055,1.18057,1.87,6.26
2017.12.15 13:01:56.024,1.18055,1.18056,1.00,3.07
2017.12.15 13:01:56.761,1.18054,1.18056,1.87,3.82
2017.12.15 13:01:58.025,1.18054,1.18056,1.50,1.10
2017.12.15 13:01:58.530,1.18055,1.18057,1.00,3.45
2017.12.15 13:01:59.053,1.18055,1.18057,1.00,2.70
2017.12.15 13:01:59.709,1.18055,1.18058,1.00,1.10
2017.12.15 13:02:02.323,1.18055,1.18058,1.00,1.95
2017.12.15 13:02:02.932,1.18055,1.18058,1.00,4.20
2017.12.15 13:02:03.376,1.1805,1.18052,1.20,9.75
2017.12.15 13:02:03.911,1.18048,1.1805,3.37,1.20
2017.12.15 13:02:04.015,1.18048,1.18049,1.69,1.00
2017.12.15 13:02:04.247,1.18046,1.18048,1.12,2.32
2017.12.15 13:02:04.762,1.18046,1.18048,1.31,3.26
2017.12.15 13:02:06.526,1.18046,1.18048,1.00,2.70
2017.12.15 13:02:08.067,1.18046,1.18048,1.00,1.95
2017.12.15 13:02:08.325,1.18043,1.18046,1.84,1.50
2017.12.15 13:02:09.919,1.18043,1.18046,1.12,1.20
2017.12.15 13:02:10.415,1.18046,1.18048,1.50,7.69
2017.12.15 13:02:10.686,1.18047,1.1805,3.37,2.51
2017.12.15 13:02:11.297,1.18047,1.1805,1.12,6.07
2017.12.15 13:02:11.972,1.18046,1.1805,4.69,2.32
2017.12.15 13:02:12.503,1.18046,1.1805,3.00,3.82
2017.12.15 13:02:14.285,1.18046,1.1805,6.94,2.32
2017.12.15 13:02:14.907,1.18047,1.18049,2.81,1.20
2017.12.15 13:02:15.464,1.18047,1.18049,2.44,1.20
2017.12.15 13:02:16.539,1.18047,1.18049,1.69,1.20
2017.12.15 13:02:18.147,1.18047,1.18049,1.87,1.20
2017.12.15 13:02:19.798,1.18047,1.1805,1.00,8.32
2017.12.15 13:02:19.852,1.18045,1.18047,1.10,1.87
2017.12.15 13:02:20.366,1.18044,1.18047,2.62,2.32
2017.12.15 13:02:20.885,1.18044,1.18046,1.50,1.57
2017.12.15 13:02:21.397,1.18044,1.18046,1.00,1.57
2017.12.15 13:02:21.916,1.18044,1.18046,1.00,1.57
2017.12.15 13:02:27.875,1.18043,1.18045,1.12,1.20
2017.12.15 13:02:28.324,1.18042,1.18043,1.00,1.69
2017.12.15 13:02:28.636,1.18039,1.1804,1.87,1.57
2017.12.15 13:02:28.689,1.18038,1.1804,1.87,3.07
2017.12.15 13:02:29.205,1.18039,1.1804,1.50,1.10
2017.12.15 13:02:29.773,1.18039,1.18041,1.69,2.70
2017.12.15 13:02:31.191,1.1804,1.18043,8.06,1.10
2017.12.15 13:02:31.696,1.18041,1.18043,2.44,1.57
2017.12.15 13:02:31.852,1.18042,1.18044,2.25,2.32
2017.12.15 13:02:33.201,1.18042,1.18044,3.00,1.45
2017.12.15 13:02:33.857,1.18042,1.18044,2.25,1.39
2017.12.15 13:02:34.373,1.18041,1.18043,4.69,1.20
2017.12.15 13:02:34.872,1.1804,1.18042,3.75,1.69
2017.12.15 13:02:34.981,1.18038,1.1804,1.50,1.57
2017.12.15 13:02:36.167,1.18038,1.1804,1.12,1.20
2017.12.15 13:02:37.061,1.18039,1.1804,1.00,2.32
2017.12.15 13:02:37.694,1.18038,1.1804,3.75,1.95
2017.12.15 13:02:39.067,1.18038,1.1804,1.50,2.70
2017.12.15 13:02:39.738,1.18038,1.1804,1.57,1.00
2017.12.15 13:02:40.447,1.18038,1.18041,6.07,1.87
2017.12.15 13:02:40.959,1.18039,1.18041,1.00,1.87
2017.12.15 13:02:45.214,1.18041,1.18042,4.50,1.00
2017.12.15 13:02:45.534,1.18042,1.18044,1.76,1.12
2017.12.15 13:02:46.172,1.18042,1.18044,2.44,1.47
2017.12.15 13:02:46.688,1.18042,1.18044,2.81,1.50
2017.12.15 13:02:50.964,1.18042,1.18046,2.06,4.95
2017.12.15 13:02:51.122,1.18043,1.18046,2.14,2.89
2017.12.15 13:02:51.706,1.18043,1.18046,1.31,1.50
2017.12.15 13:02:54.691,1.18043,1.18045,1.00,1.00
2017.12.15 13:02:55.211,1.18043,1.18046,1.50,3.75
2017.12.15 13:02:56.103,1.18043,1.18045,1.50,1.00
2017.12.15 13:02:57.163,1.18043,1.18046,1.00,3.00
2017.12.15 13:02:57.983,1.18043,1.18045,1.12,1.50
2017.12.15 13:03:03.595,1.18042,1.18046,7.50,7.20
2017.12.15 13:03:04.851,1.18042,1.18046,4.12,2.32
2017.12.15 13:03:08.430,1.18043,1.18046,1.87,2.32
2017.12.15 13:03:09.083,1.18041,1.18045,4.95,2.62
2017.12.15 13:03:10.031,1.18042,1.18044,1.00,1.00
2017.12.15 13:03:10.536,1.1804,1.18044,4.12,9.82
2017.12.15 13:03:11.085,1.1804,1.18043,5.62,2.44
2017.12.15 13:03:12.175,1.18041,1.18044,1.00,11.70
2017.12.15 13:03:14.173,1.18041,1.18043,1.87,1.12
2017.12.15 13:03:18.705,1.1804,1.18044,4.57,10.57
2017.12.15 13:03:19.050,1.1804,1.18042,1.69,1.31
2017.12.15 13:03:20.335,1.1804,1.18043,3.26,2.70
2017.12.15 13:03:22.059,1.18041,1.18043,2.14,2.62
2017.12.15 13:03:23.343,1.18041,1.18043,1.10,2.62
2017.12.15 13:03:26.912,1.1804,1.18041,3.82,2.25
2017.12.15 13:03:27.142,1.18039,1.18041,1.25,7.01
2017.12.15 13:03:27.654,1.18038,1.18041,4.76,2.32
2017.12.15 13:03:27.921,1.1804,1.18041,1.50,1.95
2017.12.15 13:03:28.468,1.18039,1.1804,1.50,1.00
2017.12.15 13:03:30.015,1.18039,1.18041,1.12,7.57
2017.12.15 13:03:30.684,1.18039,1.1804,1.12,1.00
2017.12.15 13:03:31.197,1.18039,1.18041,1.12,5.32
2017.12.15 13:03:31.784,1.18039,1.1804,1.12,1.00
2017.12.15 13:03:42.208,1.18037,1.18038,6.07,1.50
2017.12.15 13:03:42.363,1.18035,1.18037,1.87,1.87
2017.12.15 13:03:42.897,1.18034,1.18036,1.50,1.50
2017.12.15 13:03:43.293,1.18035,1.18038,3.00,4.95
2017.12.15 13:03:43.838,1.18036,1.18038,1.00,1.12
2017.12.15 13:03:45.150,1.18036,1.18037,1.00,1.00
2017.12.15 13:03:45.676,1.18036,1.18039,3.19,6.94
2017.12.15 13:03:46.767,1.18036,1.18038,4.12,1.87
2017.12.15 13:03:47.095,1.18043,1.18044,6.19,2.70
2017.12.15 13:03:47.628,1.18043,1.18045,7.91,1.50
2017.12.15 13:03:48.049,1.18039,1.18041,1.12,6.75
2017.12.15 13:03:48.359,1.1804,1.18043,1.69,5.62
2017.12.15 13:03:49.607,1.1804,1.18043,1.69,3.37
2017.12.15 13:03:50.766,1.1804,1.18043,2.06,4.12
2017.12.15 13:03:50.820,1.18039,1.18041,2.62,3.97
2017.12.15 13:03:51.578,1.18044,1.18046,3.37,8.25
2017.12.15 13:03:51.684,1.18043,1.18046,7.12,1.50
2017.12.15 13:03:52.476,1.18044,1.18046,2.14,1.50
2017.12.15 13:03:53.188,1.18044,1.18046,1.39,1.50
2017.12.15 13:03:56.128,1.18043,1.18046,1.30,3.37
2017.12.15 13:03:56.644,1.18041,1.18045,2.29,3.45
2017.12.15 13:03:58.366,1.18041,1.18045,1.16,4.95
2017.12.15 13:03:58.767,1.18041,1.18045,10.05,4.69
2017.12.15 13:03:59.291,1.18046,1.18047,1.00,2.32
2017.12.15 13:03:59.343,1.18047,1.18049,3.67,2.44
2017.12.15 13:03:59.395,1.18046,1.18047,5.17,1.50
2017.12.15 13:03:59.958,1.18046,1.18048,1.69,2.25
2017.12.15 13:04:00.478,1.18046,1.18049,4.69,2.62
2017.12.15 13:04:09.906,1.18046,1.18049,1.50,4.20
2017.12.15 13:04:10.451,1.18045,1.18048,2.81,1.87
2017.12.15 13:04:12.070,1.18045,1.18049,2.44,3.45
2017.12.15 13:04:13.493,1.18045,1.18049,3.19,4.20
2017.12.15 13:04:14.492,1.18046,1.18049,1.19,4.95
2017.12.15 13:04:14.980,1.18045,1.18047,1.99,1.50
2017.12.15 13:04:15.494,1.18046,1.18047,1.12,1.87
2017.12.15 13:04:19.045,1.18044,1.18047,6.45,1.95
2017.12.15 13:04:19.759,1.18044,1.18047,2.81,1.95
2017.12.15 13:04:19.948,1.18046,1.18048,2.06,5.70
2017.12.15 13:04:20.473,1.18046,1.18047,2.06,1.00
2017.12.15 13:04:21.000,1.18046,1.18048,2.06,4.95
2017.12.15 13:04:21.740,1.18046,1.18048,2.06,5.32
2017.12.15 13:04:22.278,1.18046,1.18048,2.06,2.62
2017.12.15 13:04:25.250,1.18047,1.18048,1.00,1.95
2017.12.15 13:04:26.793,1.18047,1.18049,2.06,3.00
2017.12.15 13:04:27.075,1.18048,1.1805,5.10,1.20
2017.12.15 13:04:27.720,1.18048,1.18051,2.85,3.82
2017.12.15 13:04:28.242,1.18048,1.18051,3.22,3.07
2017.12.15 13:04:28.979,1.1805,1.18052,1.00,4.95
2017.12.15 13:04:29.485,1.1805,1.18052,2.06,2.70
2017.12.15 13:04:30.091,1.18051,1.18053,1.31,3.07
2017.12.15 13:04:30.952,1.1805,1.18053,5.25,3.90
2017.12.15 13:04:31.824,1.18051,1.18053,1.19,2.02
2017.12.15 13:04:32.370,1.18051,1.18052,2.81,1.20
2017.12.15 13:04:32.878,1.18049,1.18051,4.50,3.45
2017.12.15 13:04:33.400,1.18048,1.1805,5.25,1.50
2017.12.15 13:04:36.877,1.18048,1.18051,5.81,5.32
2017.12.15 13:04:37.212,1.1805,1.18052,1.50,3.45
2017.12.15 13:04:38.677,1.1805,1.18053,5.62,2.32
2017.12.15 13:04:39.192,1.18051,1.18053,2.62,1.20
2017.12.15 13:04:39.507,1.18052,1.18054,1.00,7.95
2017.12.15 13:04:43.494,1.18054,1.18055,1.95,1.00
2017.12.15 13:04:43.755,1.18061,1.18064,2.06,5.51
2017.12.15 13:04:43.991,1.18061,1.18063,2.06,1.20
2017.12.15 13:04:44.609,1.18061,1.18063,1.25,1.20
2017.12.15 13:04:44.918,1.18061,1.18064,1.69,2.70
2017.12.15 13:04:45.424,1.18065,1.18066,2.44,1.00
2017.12.15 13:04:45.940,1.18065,1.18068,1.50,2.70
2017.12.15 13:04:46.580,1.18065,1.18069,2.25,4.95
2017.12.15 13:04:47.236,1.18066,1.18069,3.00,5.70
2017.12.15 13:04:47.774,1.18066,1.18068,3.37,1.00
2017.12.15 13:04:48.340,1.18065,1.18069,9.00,4.57
2017.12.15 13:04:48.740,1.18066,1.18068,1.50,1.00
2017.12.15 13:04:49.532,1.18066,1.18068,1.00,1.00
2017.12.15 13:04:50.110,1.18066,1.18067,1.50,1.00
2017.12.15 13:04:50.638,1.18066,1.18068,1.69,1.12
2017.12.15 13:04:50.950,1.18065,1.18066,1.87,1.20
2017.12.15 13:04:51.297,1.18061,1.18063,7.31,1.20
2017.12.15 13:04:51.890,1.18062,1.18063,1.00,1.20
2017.12.15 13:04:53.408,1.18061,1.18063,5.25,1.20
2017.12.15 13:04:54.108,1.18062,1.18063,1.00,1.10
2017.12.15 13:04:54.989,1.18062,1.18064,1.87,2.32
2017.12.15 13:04:55.645,1.18063,1.18064,1.20,1.95
2017.12.15 13:04:55.749,1.18063,1.18065,5.70,1.10
2017.12.15 13:04:56.264,1.18063,1.18066,7.76,4.57
2017.12.15 13:04:56.817,1.18064,1.18066,1.00,2.32
2017.12.15 13:04:57.738,1.18065,1.18067,1.00,4.95
2017.12.15 13:04:59.734,1.18064,1.18067,6.00,2.32
2017.12.15 13:05:00.284,1.18064,1.18067,7.50,3.82
2017.12.15 13:05:00.988,1.18064,1.18065,1.12,1.95
2017.12.15 13:05:01.040,1.18063,1.18064,1.00,3.07
2017.12.15 13:05:01.553,1.18061,1.18062,1.50,1.20
2017.12.15 13:05:02.857,1.18061,1.18063,1.12,4.01
2017.12.15 13:05:06.199,1.18059,1.18062,10.45,1.95
2017.12.15 13:05:08.579,1.18059,1.18062,8.39,2.32
2017.12.15 13:05:09.820,1.18059,1.18062,5.47,1.57
2017.12.15 13:05:09.872,1.18059,1.18062,5.85,1.57
2017.12.15 13:05:14.627,1.18059,1.18062,12.22,1.57
2017.12.15 13:05:15.256,1.18058,1.1806,8.70,1.50
2017.12.15 13:05:15.417,1.18056,1.18058,1.12,3.67
2017.12.15 13:05:15.469,1.18055,1.18056,1.50,1.20
2017.12.15 13:05:15.626,1.18057,1.18059,2.25,4.20
2017.12.15 13:05:16.140,1.18057,1.18059,3.25,3.45
2017.12.15 13:05:16.681,1.18058,1.18059,1.00,1.95
2017.12.15 13:05:21.221,1.18059,1.1806,2.25,1.57
2017.12.15 13:05:21.430,1.1806,1.18062,1.00,1.57
2017.12.15 13:05:21.984,1.18064,1.18065,1.00,4.87
2017.12.15 13:05:22.298,1.18062,1.18064,1.50,1.57
2017.12.15 13:05:22.562,1.18061,1.18063,1.12,1.95
2017.12.15 13:05:22.879,1.18063,1.18064,1.00,6.45
2017.12.15 13:05:23.393,1.18062,1.18064,1.50,2.70
2017.12.15 13:05:24.247,1.18062,1.18064,1.50,1.20
2017.12.15 13:05:24.557,1.18064,1.18065,2.62,3.64
2017.12.15 13:05:25.099,1.18064,1.18066,3.56,2.32
2017.12.15 13:05:25.642,1.18065,1.18066,1.00,1.20
2017.12.15 13:05:28.685,1.18066,1.18067,1.00,1.20
2017.12.15 13:05:30.936,1.18066,1.18068,1.00,2.32
2017.12.15 13:05:31.078,1.18065,1.18068,5.85,2.32
2017.12.15 13:05:31.602,1.18065,1.18068,4.24,1.57
2017.12.15 13:05:32.187,1.18065,1.18067,6.22,1.20
2017.12.15 13:05:32.698,1.18065,1.18067,4.72,1.45
2017.12.15 13:05:33.211,1.18065,1.18067,4.72,1.20
2017.12.15 13:05:33.809,1.18065,1.18067,4.61,1.45
2017.12.15 13:05:34.372,1.18065,1.18067,4.61,1.20
2017.12.15 13:05:34.911,1.18065,1.18067,4.72,1.45
2017.12.15 13:05:35.523,1.18065,1.18068,4.72,4.20
2017.12.15 13:05:36.357,1.18065,1.18068,4.99,3.45
2017.12.15 13:05:36.892,1.18065,1.18068,1.24,2.70
2017.12.15 13:05:38.189,1.18064,1.18065,3.75,1.50
2017.12.15 13:05:38.245,1.18063,1.18065,1.87,2.32
2017.12.15 13:05:38.456,1.18062,1.18065,1.12,6.26
2017.12.15 13:05:38.971,1.18063,1.18065,1.00,5.70
2017.12.15 13:05:39.282,1.18065,1.18066,1.87,2.62
2017.12.15 13:05:40.459,1.18065,1.18067,4.12,3.82
2017.12.15 13:05:41.969,1.18065,1.18067,1.12,3.07
2017.12.15 13:05:42.604,1.18065,1.18067,1.12,1.87
2017.12.15 13:05:43.547,1.18064,1.18067,2.62,3.00
2017.12.15 13:05:44.120,1.18065,1.18066,1.12,1.00
2017.12.15 13:05:44.674,1.18064,1.18067,3.07,2.32
2017.12.15 13:05:45.222,1.18064,1.18067,3.07,2.70
2017.12.15 13:05:46.741,1.18064,1.18067,1.87,1.87
2017.12.15 13:05:48.769,1.18065,1.18067,1.00,2.25
2017.12.15 13:05:49.439,1.18066,1.18067,1.00,2.62
2017.12.15 13:05:50.058,1.18065,1.18067,1.00,2.62
2017.12.15 13:05:54.587,1.18065,1.18067,6.00,2.32
2017.12.15 13:05:56.067,1.18066,1.18067,1.00,2.70
2017.12.15 13:05:56.658,1.18065,1.18067,1.00,2.70
2017.12.15 13:05:59.114,1.18066,1.18067,3.22,1.95
2017.12.15 13:05:59.907,1.18065,1.18067,3.22,1.95
2017.12.15 13:06:00.883,1.18066,1.18067,2.47,1.50
2017.12.15 13:06:01.184,1.1807,1.18072,1.20,1.00
2017.12.15 13:06:02.442,1.18071,1.18072,1.00,1.50
2017.12.15 13:06:03.479,1.18071,1.18073,2.25,1.12
2017.12.15 13:06:03.990,1.18072,1.18073,1.00,1.00
2017.12.15 13:06:04.171,1.18074,1.18076,6.37,1.00
2017.12.15 13:06:06.063,1.18075,1.18078,3.56,3.07
2017.12.15 13:06:06.731,1.18075,1.18077,1.00,1.95
2017.12.15 13:06:08.855,1.18074,1.18076,1.87,3.45
2017.12.15 13:06:09.186,1.18071,1.18073,3.00,1.50
2017.12.15 13:06:10.070,1.18072,1.18073,1.12,1.50
2017.12.15 13:06:10.625,1.18073,1.18075,1.00,7.01
2017.12.15 13:06:10.729,1.18075,1.18077,7.05,1.50
2017.12.15 13:06:11.722,1.18077,1.18078,1.00,2.25
2017.12.15 13:06:12.253,1.18077,1.18078,1.00,2.25
2017.12.15 13:06:12.765,1.18076,1.18078,3.75,1.50
2017.12.15 13:06:13.357,1.18077,1.18078,1.00,1.50
2017.12.15 13:06:13.673,1.18079,1.1808,1.87,2.44
2017.12.15 13:06:13.777,1.18077,1.18078,2.10,1.50
2017.12.15 13:06:14.314,1.18076,1.18078,1.87,1.50
2017.12.15 13:06:15.232,1.18077,1.18079,1.00,3.00
2017.12.15 13:06:15.745,1.18076,1.18079,1.00,3.00
2017.12.15 13:06:16.620,1.18079,1.1808,4.50,3.94
2017.12.15 13:06:16.827,1.18084,1.18087,2.10,6.25
2017.12.15 13:06:17.026,1.18083,1.18084,1.95,1.00
2017.12.15 13:06:17.701,1.18085,1.18088,3.00,2.89
2017.12.15 13:06:17.875,1.18086,1.18089,4.05,2.25
2017.12.15 13:06:18.244,1.18083,1.18085,1.12,3.00
2017.12.15 13:06:18.756,1.18082,1.18084,1.87,2.25
2017.12.15 13:06:19.276,1.18081,1.18084,4.20,4.20
2017.12.15 13:06:20.236,1.18081,1.18084,4.78,3.75
2017.12.15 13:06:20.784,1.18084,1.18087,1.00,4.20
2017.12.15 13:06:20.888,1.18083,1.18085,6.67,1.87
2017.12.15 13:06:21.398,1.18084,1.18086,1.12,3.19
2017.12.15 13:06:21.923,1.18082,1.18085,2.47,3.75
2017.12.15 13:06:22.436,1.18082,1.18085,2.10,5.44
2017.12.15 13:06:23.054,1.18082,1.18084,2.25,6.56
2017.12.15 13:06:23.569,1.18082,1.18083,1.00,1.87
2017.12.15 13:06:25.363,1.18081,1.18083,3.30,1.12
2017.12.15 13:06:25.708,1.18076,1.18078,2.44,1.50
2017.12.15 13:06:26.070,1.18078,1.1808,1.50,5.32
2017.12.15 13:06:26.339,1.1808,1.18082,1.50,1.87
2017.12.15 13:06:26.858,1.18081,1.18083,1.00,4.50
2017.12.15 13:06:27.431,1.18081,1.18083,1.00,3.19
2017.12.15 13:06:27.947,1.1808,1.18083,4.12,3.00
2017.12.15 13:06:28.480,1.1808,1.18082,7.35,2.44
2017.12.15 13:06:29.856,1.18081,1.18082,1.00,3.19
2017.12.15 13:06:30.722,1.1808,1.18082,2.62,3.00
2017.12.15 13:06:30.880,1.18077,1.18079,1.00,6.19
2017.12.15 13:06:31.189,1.18076,1.18078,2.66,1.00
2017.12.15 13:06:31.810,1.18075,1.18076,3.07,5.62
2017.12.15 13:06:31.863,1.18072,1.18074,1.45,3.00
2017.12.15 13:06:31.967,1.1807,1.18074,8.74,5.62
2017.12.15 13:06:32.468,1.18072,1.18074,2.10,4.12
2017.12.15 13:06:33.033,1.18071,1.18072,1.20,1.50
2017.12.15 13:06:35.639,1.1807,1.18072,4.80,1.50
2017.12.15 13:06:37.288,1.1807,1.18073,3.75,9.94
2017.12.15 13:06:37.344,1.18068,1.18069,1.50,1.95
2017.12.15 13:06:37.398,1.18066,1.18069,1.76,4.76
2017.12.15 13:06:37.501,1.18065,1.18067,2.85,1.50
2017.12.15 13:06:38.520,1.18066,1.18067,1.00,1.50
2017.12.15 13:06:41.065,1.18065,1.18067,2.32,3.19
2017.12.15 13:06:41.426,1.18063,1.18064,3.00,5.81
2017.12.15 13:06:41.530,1.18061,1.18063,1.30,1.57
2017.12.15 13:06:42.517,1.18061,1.18062,2.10,1.00
2017.12.15 13:06:43.439,1.1806,1.18062,2.85,1.00
2017.12.15 13:06:44.251,1.18061,1.18063,1.00,9.56
2017.12.15 13:06:44.306,1.18057,1.18058,1.50,2.25
2017.12.15 13:06:44.824,1.18056,1.18057,1.00,2.81
2017.12.15 13:06:45.733,1.18055,1.18057,3.22,1.37
2017.12.15 13:06:46.358,1.18056,1.18057,1.00,2.81
2017.12.15 13:06:46.899,1.18055,1.18057,3.41,2.44
2017.12.15 13:06:46.951,1.18055,1.18058,4.12,7.31
2017.12.15 13:06:47.055,1.18055,1.18056,1.12,1.25
2017.12.15 13:06:47.614,1.18055,1.18057,1.87,3.19
2017.12.15 13:06:48.144,1.18058,1.18059,1.87,3.64
2017.12.15 13:06:48.249,1.1806,1.18061,2.47,1.10
2017.12.15 13:06:48.756,1.1806,1.18062,7.42,2.62
2017.12.15 13:06:50.024,1.1806,1.18062,5.66,2.06
2017.12.15 13:06:51.295,1.18061,1.18062,1.50,1.12
2017.12.15 13:06:51.837,1.1806,1.18062,3.75,2.06
2017.12.15 13:06:55.225,1.18061,1.18062,1.50,1.57
2017.12.15 13:06:56.099,1.1806,1.18062,2.62,1.57
2017.12.15 13:06:56.605,1.1806,1.18063,3.75,3.82
2017.12.15 13:06:58.114,1.1806,1.18063,4.50,3.82
2017.12.15 13:06:58.659,1.1806,1.18063,3.00,4.50
2017.12.15 13:06:59.943,1.18061,1.18062,1.50,1.00
2017.12.15 13:07:00.222,1.18061,1.18064,4.72,3.64
2017.12.15 13:07:00.748,1.1806,1.18063,3.45,6.45
2017.12.15 13:07:01.322,1.1806,1.18063,1.87,5.81
2017.12.15 13:07:02.105,1.1806,1.18062,1.87,1.25
2017.12.15 13:07:05.530,1.1806,1.18063,2.19,7.31
2017.12.15 13:07:05.820,1.18059,1.1806,1.07,3.19
2017.12.15 13:07:05.925,1.18057,1.18059,1.37,4.87
2017.12.15 13:07:06.447,1.18057,1.18058,1.00,1.00
2017.12.15 13:07:07.341,1.18056,1.18058,3.22,1.12
2017.12.15 13:07:09.911,1.18056,1.18058,1.00,1.87
2017.12.15 13:07:10.015,1.1806,1.18061,1.50,3.07
2017.12.15 13:07:10.120,1.18061,1.18062,1.00,1.12
2017.12.15 13:07:10.688,1.1806,1.18063,1.72,6.19
2017.12.15 13:07:12.524,1.1806,1.18063,1.35,3.37
2017.12.15 13:07:13.372,1.1806,1.18063,3.78,3.37
2017.12.15 13:07:18.493,1.1806,1.18062,3.07,1.00
2017.12.15 13:07:18.601,1.18059,1.1806,5.92,1.50
2017.12.15 13:07:18.653,1.18056,1.18058,2.74,4.12
2017.12.15 13:07:19.179,1.18055,1.18058,2.55,4.31
2017.12.15 13:07:19.697,1.18055,1.18058,4.20,3.37
2017.12.15 13:07:21.049,1.18056,1.18058,1.00,4.31
2017.12.15 13:07:24.150,1.18055,1.18057,2.92,1.12
2017.12.15 13:07:28.180,1.18054,1.18056,6.49,1.50
2017.12.15 13:07:28.289,1.18049,1.18052,5.89,2.62
2017.12.15 13:07:34.683,1.18051,1.18052,1.00,1.00
2017.12.15 13:07:35.501,1.1805,1.18051,1.87,1.00
2017.12.15 13:07:37.857,1.18049,1.18051,3.82,1.00
2017.12.15 13:07:38.125,1.18047,1.18048,1.87,3.00
2017.12.15 13:07:38.659,1.18045,1.18047,2.32,1.69
2017.12.15 13:07:39.145,1.18045,1.18046,1.95,1.69
2017.12.15 13:07:40.523,1.18046,1.18047,1.00,2.44
2017.12.15 13:07:41.422,1.18046,1.18047,1.50,2.81
2017.12.15 13:07:43.597,1.18045,1.18048,6.60,3.37
2017.12.15 13:07:44.125,1.18045,1.18047,3.75,1.00
2017.12.15 13:07:44.672,1.18045,1.18046,3.00,1.25
2017.12.15 13:07:44.725,1.18041,1.18042,1.00,1.00
2017.12.15 13:07:45.034,1.18038,1.18041,5.32,3.75
2017.12.15 13:07:45.328,1.1804,1.18041,1.12,2.25
2017.12.15 13:07:45.434,1.18039,1.18041,4.12,4.31
2017.12.15 13:07:45.540,1.1804,1.18041,4.50,1.31
2017.12.15 13:07:45.699,1.18043,1.18044,2.25,1.50
2017.12.15 13:07:46.216,1.18042,1.18043,1.00,1.50
2017.12.15 13:07:46.319,1.1804,1.18043,8.55,1.50
2017.12.15 13:07:47.120,1.18042,1.18043,1.00,2.25
2017.12.15 13:07:47.634,1.18041,1.18043,1.95,2.62
2017.12.15 13:07:49.382,1.18042,1.18043,1.00,3.19
2017.12.15 13:07:49.905,1.18041,1.18043,1.12,2.25
2017.12.15 13:07:49.957,1.18042,1.18044,1.00,5.06
2017.12.15 13:07:50.010,1.18042,1.18045,4.46,3.45
2017.12.15 13:07:50.322,1.18045,1.18046,1.00,1.12
2017.12.15 13:07:50.783,1.18049,1.1805,1.00,1.95
2017.12.15 13:07:50.888,1.1805,1.18053,1.87,3.56
2017.12.15 13:07:51.253,1.18049,1.1805,1.80,1.12
2017.12.15 13:07:51.754,1.1805,1.18051,1.12,1.00
2017.12.15 13:07:52.270,1.1805,1.18052,3.26,1.50
2017.12.15 13:07:53.672,1.1805,1.18052,2.62,4.50
2017.12.15 13:07:53.832,1.18047,1.18048,1.00,1.87
2017.12.15 13:07:54.545,1.18046,1.18048,3.45,1.00
2017.12.15 13:07:55.063,1.18046,1.18048,2.70,2.25
2017.12.15 13:07:55.724,1.18046,1.18047,3.45,1.00
2017.12.15 13:07:55.826,1.18047,1.18049,1.00,4.87
2017.12.15 13:07:56.354,1.18046,1.18049,2.70,4.87
2017.12.15 13:07:56.892,1.18046,1.18049,3.07,6.00
2017.12.15 13:08:00.287,1.18046,1.18048,1.20,1.87
2017.12.15 13:08:00.860,1.18045,1.18047,7.20,1.00
2017.12.15 13:08:01.588,1.18045,1.18047,4.20,3.00
2017.12.15 13:08:04.214,1.18046,1.18048,1.00,6.19
2017.12.15 13:08:04.842,1.18046,1.18048,2.70,3.75
2017.12.15 13:08:05.376,1.18046,1.18048,1.39,3.00
2017.12.15 13:08:06.382,1.18046,1.18048,1.25,3.00
2017.12.15 13:08:10.161,1.18045,1.18047,4.01,3.75
2017.12.15 13:08:10.317,1.18043,1.18045,4.87,2.25
2017.12.15 13:08:10.909,1.18043,1.18044,1.00,1.00
2017.12.15 13:08:11.453,1.18042,1.18044,2.70,1.00
2017.12.15 13:08:11.504,1.18042,1.18044,7.12,1.00
2017.12.15 13:08:11.773,1.18044,1.18045,1.00,4.12
2017.12.15 13:08:12.322,1.18044,1.18046,1.57,4.50
2017.12.15 13:08:12.910,1.18043,1.18045,3.07,1.50
2017.12.15 13:08:13.014,1.18042,1.18044,1.95,1.00
2017.12.15 13:08:13.573,1.18042,1.18044,1.20,1.12
2017.12.15 13:08:15.039,1.18041,1.18044,1.95,4.69
2017.12.15 13:08:15.553,1.18041,1.18044,1.57,3.56
2017.12.15 13:08:16.197,1.1804,1.18041,3.45,1.35
2017.12.15 13:08:16.452,1.18036,1.18037,2.70,1.50
2017.12.15 13:08:17.071,1.18037,1.18038,1.50,1.87
2017.12.15 13:08:17.609,1.18038,1.18039,1.50,9.00
2017.12.15 13:08:18.136,1.18037,1.18038,1.00,2.06
2017.12.15 13:08:18.444,1.18038,1.18039,1.50,4.12
2017.12.15 13:08:19.132,1.1804,1.18041,1.87,1.50
2017.12.15 13:08:19.184,1.1804,1.18042,3.37,1.10
2017.12.15 13:08:19.238,1.18041,1.18043,1.37,3.37
2017.12.15 13:08:19.502,1.18033,1.18035,1.12,2.62
2017.12.15 13:08:19.721,1.18036,1.18037,1.10,1.50
2017.12.15 13:08:19.981,1.18034,1.18036,1.25,2.44
2017.12.15 13:08:20.139,1.18035,1.18038,4.20,1.50
2017.12.15 13:08:20.647,1.18035,1.18037,1.95,1.00
2017.12.15 13:08:21.156,1.18035,1.18038,1.20,2.32
2017.12.15 13:08:21.538,1.18036,1.18039,2.70,5.25
2017.12.15 13:08:22.506,1.18036,1.18039,8.70,1.50
2017.12.15 13:08:26.815,1.18036,1.18038,2.32,1.00
2017.12.15 13:08:28.343,1.18035,1.18037,7.24,1.50
2017.12.15 13:08:28.597,1.18032,1.18034,1.12,1.87
2017.12.15 13:08:29.475,1.18031,1.18033,2.62,1.00
2017.12.15 13:08:30.013,1.1803,1.18032,6.07,1.50
2017.12.15 13:08:30.066,1.18028,1.1803,1.50,3.00
2017.12.15 13:08:30.186,1.18027,1.18029,1.10,1.87
2017.12.15 13:08:30.709,1.18027,1.18029,1.50,2.70
2017.12.15 13:08:32.067,1.18027,1.18029,1.12,3.90
2017.12.15 13:08:32.227,1.1803,1.18031,8.10,1.12
2017.12.15 13:08:32.733,1.18031,1.18034,1.00,5.32
2017.12.15 13:08:33.247,1.1803,1.18034,5.85,3.82
2017.12.15 13:08:34.040,1.18031,1.18034,1.12,4.20
2017.12.15 13:08:34.569,1.1803,1.18034,9.22,3.45
2017.12.15 13:08:35.698,1.18034,1.18035,1.87,1.10
2017.12.15 13:08:36.219,1.18034,1.18036,1.00,2.32
2017.12.15 13:08:36.723,1.18034,1.18037,1.10,2.32
2017.12.15 13:08:37.245,1.18035,1.18037,1.87,1.50
2017.12.15 13:08:37.797,1.18035,1.18039,1.50,5.32
2017.12.15 13:08:38.312,1.18036,1.18037,1.00,1.00
2017.12.15 13:08:38.627,1.18031,1.18034,6.37,2.25
2017.12.15 13:08:39.584,1.18033,1.18035,1.00,4.95
2017.12.15 13:08:40.311,1.18035,1.18036,1.50,3.00
2017.12.15 13:08:40.519,1.18036,1.18039,1.50,5.62
2017.12.15 13:08:41.068,1.18037,1.18039,1.50,3.00
2017.12.15 13:08:41.120,1.18039,1.1804,1.12,3.75
2017.12.15 13:08:41.224,1.18041,1.18043,4.01,2.25
2017.12.15 13:08:41.738,1.18041,1.18044,9.26,1.87
2017.12.15 13:08:42.625,1.18042,1.18044,2.25,2.25
2017.12.15 13:08:43.821,1.18042,1.18044,2.32,2.50
2017.12.15 13:08:44.210,1.18042,1.18045,4.01,4.95
2017.12.15 13:08:44.417,1.18042,1.18043,1.10,1.50
2017.12.15 13:08:44.469,1.18041,1.18042,4.39,1.00
2017.12.15 13:08:44.983,1.18041,1.18043,2.32,3.75
2017.12.15 13:08:49.570,1.18041,1.18042,1.20,1.00
2017.12.15 13:08:50.082,1.18041,1.18043,1.20,3.00
2017.12.15 13:08:50.137,1.1804,1.18041,1.20,3.00
2017.12.15 13:08:50.698,1.18037,1.1804,3.56,6.26
2017.12.15 13:08:51.008,1.18037,1.18038,1.69,4.12
2017.12.15 13:08:51.167,1.18033,1.18035,2.81,3.19
2017.12.15 13:08:51.453,1.18034,1.18037,2.25,4.65
2017.12.15 13:08:51.992,1.18035,1.18037,1.00,4.27
2017.12.15 13:08:52.720,1.18035,1.18037,1.12,3.15
2017.12.15 13:08:52.876,1.18034,1.18035,2.44,1.50
2017.12.15 13:08:55.627,1.18034,1.18036,1.87,1.00
2017.12.15 13:08:56.128,1.18035,1.18037,1.87,1.00
2017.12.15 13:08:57.208,1.18034,1.18036,1.12,2.44
2017.12.15 13:08:57.569,1.18032,1.18033,1.12,1.50
2017.12.15 13:09:01.967,1.18031,1.18033,3.75,1.50
2017.12.15 13:09:04.109,1.18031,1.18033,2.25,1.50
2017.12.15 13:09:05.252,1.18031,1.18033,7.50,1.50
2017.12.15 13:09:07.645,1.18031,1.18033,4.69,1.50
2017.12.15 13:09:08.011,1.18033,1.18035,3.37,1.00
2017.12.15 13:09:08.169,1.18044,1.18045,1.10,1.95
2017.12.15 13:09:08.221,1.18043,1.18044,1.12,2.25
2017.12.15 13:09:08.747,1.18043,1.18044,1.00,1.00
2017.12.15 13:09:09.828,1.18042,1.18044,4.95,1.50
2017.12.15 13:09:10.356,1.18041,1.18042,5.62,2.62
2017.12.15 13:09:10.512,1.18036,1.18039,3.00,4.87
2017.12.15 13:09:10.664,1.1804,1.18042,3.37,3.00
2017.12.15 13:09:11.183,1.18041,1.18044,2.62,2.62
2017.12.15 13:09:11.703,1.1804,1.18043,1.62,1.87
2017.12.15 13:09:13.444,1.18043,1.18044,2.25,1.57
2017.12.15 13:09:13.758,1.18043,1.18046,5.70,1.50
2017.12.15 13:09:14.004,1.1803,1.18032,2.25,1.50
2017.12.15 13:09:14.111,1.18027,1.18028,1.50,1.00
2017.12.15 13:09:15.100,1.18025,1.18028,3.07,5.25
2017.12.15 13:09:15.650,1.18026,1.18029,4.31,1.00
2017.12.15 13:09:16.170,1.18026,1.18029,1.69,2.25
2017.12.15 13:09:17.401,1.18026,1.1803,4.87,5.70
2017.12.15 13:09:19.518,1.18026,1.1803,2.32,6.07
2017.12.15 13:09:21.783,1.18027,1.18029,1.00,1.50
2017.12.15 13:09:22.710,1.18026,1.18029,2.25,1.00
2017.12.15 13:09:23.084,1.18026,1.18028,1.50,1.00
2017.12.15 13:09:23.640,1.18026,1.18028,2.32,1.00
2017.12.15 13:09:28.533,1.18024,1.18025,7.12,2.55
2017.12.15 13:09:28.660,1.18022,1.18023,1.00,1.20
2017.12.15 13:09:28.714,1.1802,1.18023,6.45,1.10
2017.12.15 13:09:28.820,1.18021,1.18023,4.00,6.37
2017.12.15 13:09:28.924,1.1802,1.18023,2.25,2.70
2017.12.15 13:09:29.662,1.18021,1.18023,1.12,3.07
2017.12.15 13:09:31.106,1.18021,1.18024,1.87,3.75
2017.12.15 13:09:31.504,1.18023,1.18024,1.00,2.25
2017.12.15 13:09:31.863,1.18021,1.18024,6.75,2.25
2017.12.15 13:09:32.629,1.18022,1.18024,1.00,2.25
2017.12.15 13:09:33.173,1.18021,1.18024,3.37,2.25
2017.12.15 13:09:33.692,1.18022,1.18024,1.50,2.62
2017.12.15 13:09:34.222,1.18021,1.18024,3.37,2.62
2017.12.15 13:09:35.091,1.1802,1.18021,12.67,1.30
2017.12.15 13:09:35.372,1.18016,1.18018,1.87,5.81
2017.12.15 13:09:35.700,1.18015,1.18018,3.37,4.50
2017.12.15 13:09:36.204,1.18016,1.18018,1.25,1.87
2017.12.15 13:09:36.719,1.18015,1.18018,5.44,1.12
2017.12.15 13:09:37.804,1.18015,1.18017,1.12,1.50
2017.12.15 13:09:37.962,1.18013,1.18016,1.10,3.86
2017.12.15 13:09:38.067,1.18011,1.18014,4.20,3.37
2017.12.15 13:09:38.120,1.18011,1.18014,1.00,4.95
2017.12.15 13:09:38.521,1.18012,1.18014,1.00,7.95
2017.12.15 13:09:39.034,1.18012,1.18014,1.50,1.87
2017.12.15 13:09:39.583,1.18013,1.18014,1.50,1.87
2017.12.15 13:09:40.011,1.18014,1.18015,1.00,2.32
2017.12.15 13:09:40.274,1.18015,1.18018,4.12,1.87
2017.12.15 13:09:42.622,1.18015,1.18019,4.87,1.95
2017.12.15 13:09:43.332,1.18016,1.18018,4.31,1.20
2017.12.15 13:09:43.850,1.18015,1.18017,2.62,1.20
2017.12.15 13:09:44.357,1.18016,1.18018,1.87,1.57
2017.12.15 13:09:44.902,1.18015,1.18018,4.88,1.57
2017.12.15 13:09:45.056,1.18016,1.18019,2.63,6.26
2017.12.15 13:09:46.392,1.18015,1.18018,3.75,5.32
2017.12.15 13:09:46.929,1.18014,1.18018,4.57,8.14
2017.12.15 13:09:47.466,1.18016,1.18018,1.12,4.95
2017.12.15 13:09:48.515,1.18016,1.18018,1.12,2.32
2017.12.15 13:09:51.297,1.18015,1.18018,1.87,1.57
2017.12.15 13:09:53.364,1.18016,1.18018,2.25,1.12
2017.12.15 13:09:54.615,1.18016,1.18019,10.95,1.87
2017.12.15 13:09:55.282,1.18017,1.18019,1.00,1.87
2017.12.15 13:09:56.671,1.18017,1.1802,1.12,1.87
2017.12.15 13:09:57.516,1.18017,1.18019,1.95,1.00
2017.12.15 13:09:58.112,1.18016,1.18019,4.57,2.25
2017.12.15 13:09:58.618,1.18017,1.18019,1.20,1.87
2017.12.15 13:09:59.355,1.18017,1.18019,1.57,1.12
2017.12.15 13:09:59.458,1.18019,1.18021,6.37,3.45
2017.12.15 13:09:59.962,1.18019,1.18023,14.92,4.50
2017.12.15 13:10:00.169,1.18022,1.18024,3.19,3.19
2017.12.15 13:10:00.648,1.18024,1.18025,1.00,1.12
2017.12.15 13:10:01.167,1.18023,1.18025,3.07,1.00
2017.12.15 13:10:01.682,1.18026,1.18027,4.12,2.25
2017.12.15 13:10:02.014,1.18029,1.1803,1.50,1.00
2017.12.15 13:10:02.636,1.18029,1.18031,2.25,3.45
2017.12.15 13:10:02.841,1.18032,1.18034,2.62,1.00
2017.12.15 13:10:03.431,1.18032,1.18035,1.12,4.50
2017.12.15 13:10:03.693,1.1803,1.18031,1.12,7.50
2017.12.15 13:10:03.745,1.18028,1.18031,1.12,4.87
2017.12.15 13:10:04.154,1.18028,1.18029,1.12,1.00
2017.12.15 13:10:04.750,1.18028,1.1803,1.12,1.50
2017.12.15 13:10:05.412,1.18027,1.18029,3.45,1.12
2017.12.15 13:10:06.034,1.18027,1.1803,1.10,5.89
2017.12.15 13:10:10.105,1.18026,1.18029,3.00,1.87
2017.12.15 13:10:11.628,1.18027,1.1803,3.82,4.20
2017.12.15 13:10:12.142,1.18026,1.18029,7.20,1.95
2017.12.15 13:10:14.172,1.18027,1.18029,1.00,1.87
2017.12.15 13:10:15.024,1.18028,1.18029,1.00,1.00
2017.12.15 13:10:15.181,1.18031,1.18033,1.12,1.00
2017.12.15 13:10:18.206,1.18031,1.18033,1.50,1.00
2017.12.15 13:10:18.754,1.1803,1.18033,3.45,1.00
2017.12.15 13:10:20.141,1.18031,1.18032,1.00,1.00
2017.12.15 13:10:20.245,1.18028,1.1803,1.00,3.00
2017.12.15 13:10:20.452,1.18027,1.18029,1.50,2.87
2017.12.15 13:10:20.963,1.18027,1.18029,1.50,1.87
2017.12.15 13:10:21.498,1.18027,1.18029,2.25,2.87
2017.12.15 13:10:22.091,1.18027,1.18029,1.00,1.12
2017.12.15 13:10:22.627,1.18026,1.18029,1.57,2.89
2017.12.15 13:10:23.210,1.18026,1.18028,1.20,1.00
2017.12.15 13:10:23.724,1.18025,1.18029,6.07,1.20
2017.12.15 13:10:24.371,1.18025,1.18028,6.67,1.00
2017.12.15 13:10:24.909,1.18027,1.18029,1.00,5.40
2017.12.15 13:10:25.779,1.18027,1.18028,1.00,1.00
2017.12.15 13:10:26.281,1.18027,1.18029,1.00,5.14
2017.12.15 13:10:26.972,1.18027,1.18028,1.00,1.00
2017.12.15 13:10:27.524,1.18027,1.18029,1.00,4.39
2017.12.15 13:10:28.573,1.18026,1.18029,1.00,4.50
2017.12.15 13:10:28.883,1.1802,1.18023,7.95,2.25
2017.12.15 13:10:29.782,1.1802,1.18023,6.45,1.12
2017.12.15 13:10:32.907,1.18019,1.18022,12.82,6.07
2017.12.15 13:10:32.963,1.18017,1.18019,2.25,1.00
2017.12.15 13:10:34.077,1.18017,1.18019,1.50,2.70
2017.12.15 13:10:34.593,1.18017,1.1802,3.75,3.90
2017.12.15 13:10:34.696,1.18018,1.1802,1.00,3.52
2017.12.15 13:10:34.750,1.18017,1.1802,3.07,4.20
2017.12.15 13:10:35.357,1.18017,1.1802,3.00,2.59
2017.12.15 13:10:36.370,1.18016,1.18018,1.12,1.00
2017.12.15 13:10:37.513,1.18015,1.18018,1.79,1.10
2017.12.15 13:10:40.455,1.18016,1.18018,1.50,1.95
2017.12.15 13:10:41.166,1.18015,1.18019,8.25,8.59
2017.12.15 13:10:42.092,1.18016,1.18019,2.25,5.77
2017.12.15 13:10:42.607,1.18016,1.18019,5.25,5.40
2017.12.15 13:10:43.146,1.18016,1.18019,1.12,3.07
2017.12.15 13:10:43.726,1.18016,1.18018,1.12,1.00
2017.12.15 13:10:44.653,1.18015,1.18017,1.37,1.00
2017.12.15 13:10:45.189,1.18014,1.18017,7.31,1.00
2017.12.15 13:10:46.439,1.18014,1.18016,4.87,1.20
2017.12.15 13:10:47.095,1.18014,1.18016,2.25,1.10
2017.12.15 13:10:47.198,1.18013,1.18015,1.12,3.37
2017.12.15 13:10:47.711,1.18012,1.18015,1.12,6.15
2017.12.15 13:10:48.225,1.18012,1.18014,1.12,2.25
2017.12.15 13:10:50.725,1.18015,1.18016,3.37,4.20
2017.12.15 13:10:50.777,1.18015,1.18018,5.25,2.25
2017.12.15 13:10:50.829,1.18016,1.18019,4.87,3.82
2017.12.15 13:10:51.364,1.18017,1.18019,2.25,1.57
2017.12.15 13:10:53.833,1.18016,1.18019,4.95,1.39
2017.12.15 13:10:54.347,1.18017,1.18019,1.00,2.06
2017.12.15 13:10:55.861,1.18017,1.1802,2.25,4.12
2017.12.15 13:10:57.874,1.1802,1.18022,1.50,3.07
2017.12.15 13:10:57.978,1.1802,1.18023,1.50,1.12
2017.12.15 13:10:58.160,1.18022,1.18024,1.00,1.57
2017.12.15 13:10:58.675,1.18021,1.18024,3.75,2.25
2017.12.15 13:10:59.201,1.18022,1.18024,1.12,1.50
2017.12.15 13:11:02.010,1.18023,1.18025,1.00,2.40
2017.12.15 13:11:02.115,1.18024,1.18027,7.95,2.70
2017.12.15 13:11:02.639,1.18026,1.18028,1.12,1.87
2017.12.15 13:11:03.245,1.18026,1.18028,1.00,1.00
2017.12.15 13:11:03.840,1.18025,1.18029,4.50,3.64
2017.12.15 13:11:06.274,1.18025,1.18029,3.00,2.14
2017.12.15 13:11:06.832,1.18025,1.18029,3.00,1.95
2017.12.15 13:11:08.067,1.18025,1.18029,6.07,3.82
2017.12.15 13:11:08.274,1.18027,1.18029,1.00,1.10
2017.12.15 13:11:09.223,1.18027,1.1803,1.00,2.70
2017.12.15 13:11:11.330,1.18028,1.18031,3.52,3.07
2017.12.15 13:11:11.870,1.18028,1.1803,2.06,2.81
2017.12.15 13:11:12.514,1.18028,1.1803,1.00,2.06
2017.12.15 13:11:13.162,1.18027,1.1803,2.62,2.44
2017.12.15 13:11:13.925,1.18027,1.1803,1.87,1.69
2017.12.15 13:11:17.241,1.18027,1.18029,1.87,1.00
2017.12.15 13:11:17.847,1.18027,1.1803,1.12,4.50
2017.12.15 13:11:18.368,1.18027,1.1803,2.06,2.44
2017.12.15 13:11:19.075,1.18027,1.1803,2.06,2.25
2017.12.15 13:11:21.329,1.18027,1.1803,5.81,1.87
2017.12.15 13:11:21.640,1.18031,1.18034,3.19,5.44
2017.12.15 13:11:22.601,1.18032,1.18034,1.50,3.37
2017.12.15 13:11:22.912,1.18033,1.18035,1.00,2.70
2017.12.15 13:11:23.019,1.18036,1.18038,1.12,1.57
2017.12.15 13:11:23.073,1.18037,1.18039,1.00,1.50
2017.12.15 13:11:23.231,1.1804,1.18042,1.87,1.12
2017.12.15 13:11:23.568,1.18037,1.18039,5.70,1.00
2017.12.15 13:11:24.241,1.18037,1.18039,1.37,1.00
2017.12.15 13:11:24.761,1.18036,1.18039,3.94,2.25
2017.12.15 13:11:25.274,1.18037,1.1804,1.00,5.62
2017.12.15 13:11:26.314,1.18037,1.18039,1.12,1.00
2017.12.15 13:11:26.829,1.18037,1.1804,1.00,3.37
2017.12.15 13:11:27.144,1.18039,1.18041,1.25,4.39
2017.12.15 13:11:28.174,1.18039,1.18043,2.06,5.32
2017.12.15 13:11:28.485,1.18042,1.18043,1.31,1.31
2017.12.15 13:11:28.846,1.18044,1.18045,1.31,3.00
2017.12.15 13:11:29.361,1.18043,1.18045,2.81,3.25
2017.12.15 13:11:29.888,1.18043,1.18045,3.56,1.50
2017.12.15 13:11:30.621,1.18043,1.18045,3.26,1.00
2017.12.15 13:11:31.574,1.18043,1.18045,1.00,1.20
2017.12.15 13:11:32.152,1.18043,1.18045,1.50,2.32
2017.12.15 13:11:33.346,1.18043,1.18044,1.00,1.00
2017.12.15 13:11:34.637,1.18042,1.18045,4.50,2.70
2017.12.15 13:11:39.151,1.18042,1.18044,2.25,1.50
2017.12.15 13:11:39.646,1.1804,1.18041,1.20,4.91
2017.12.15 13:11:39.699,1.18038,1.18039,1.12,1.10
2017.12.15 13:11:39.859,1.18035,1.18039,4.12,7.05
2017.12.15 13:11:40.814,1.18035,1.18038,2.06,3.45
2017.12.15 13:11:41.324,1.18036,1.18038,1.31,1.12
2017.12.15 13:11:41.838,1.18036,1.18039,2.06,1.95
2017.12.15 13:11:42.430,1.18036,1.18038,1.87,1.12
2017.12.15 13:11:43.303,1.18036,1.18039,1.00,1.95
2017.12.15 13:11:43.755,1.18037,1.1804,2.06,4.76
2017.12.15 13:11:44.169,1.1804,1.18041,1.12,1.20
2017.12.15 13:11:44.328,1.18044,1.18045,1.12,2.25
2017.12.15 13:11:44.690,1.18047,1.18048,1.50,2.32
2017.12.15 13:11:45.304,1.18047,1.1805,1.69,4.39
2017.12.15 13:11:46.641,1.18047,1.1805,1.00,1.95
2017.12.15 13:11:47.198,1.18046,1.1805,3.00,3.82
2017.12.15 13:11:47.780,1.18047,1.1805,1.00,7.20
2017.12.15 13:11:48.088,1.18046,1.18049,1.12,4.95
2017.12.15 13:11:48.427,1.18045,1.18046,1.87,1.00
2017.12.15 13:11:48.578,1.18042,1.18043,1.00,1.00
2017.12.15 13:11:49.092,1.1804,1.18043,5.44,1.39
2017.12.15 13:11:50.008,1.1804,1.18041,1.00,6.00
2017.12.15 13:11:50.112,1.18039,1.18041,2.81,1.95
2017.12.15 13:11:50.248,1.18041,1.18043,1.00,2.70
2017.12.15 13:11:51.456,1.18039,1.18043,3.94,2.70
2017.12.15 13:11:52.005,1.18039,1.18043,3.19,3.82
2017.12.15 13:11:52.750,1.18039,1.18043,2.06,3.82
2017.12.15 13:11:53.831,1.18039,1.18043,1.87,3.82
2017.12.15 13:11:54.764,1.18039,1.18042,3.37,1.10
2017.12.15 13:11:56.442,1.1804,1.18042,1.00,1.95
2017.12.15 13:11:56.955,1.18039,1.18042,2.25,1.95
2017.12.15 13:11:57.693,1.1804,1.18042,1.50,1.57
2017.12.15 13:11:58.157,1.18038,1.18042,1.95,3.07
2017.12.15 13:11:58.519,1.18037,1.18039,1.00,1.00
2017.12.15 13:11:59.024,1.18036,1.18038,1.12,1.10
2017.12.15 13:12:00.213,1.18035,1.18038,4.57,4.20
2017.12.15 13:12:00.524,1.18034,1.18036,2.06,1.00
2017.12.15 13:12:01.050,1.18034,1.18038,1.31,4.42
2017.12.15 13:12:01.652,1.18034,1.18038,2.06,3.30
2017.12.15 13:12:02.203,1.18034,1.18039,16.39,9.26
2017.12.15 13:12:02.723,1.18036,1.18039,1.25,7.39
2017.12.15 13:12:02.984,1.18038,1.18041,4.31,1.57
2017.12.15 13:12:03.494,1.18038,1.18042,2.06,4.95
2017.12.15 13:12:03.766,1.18037,1.1804,2.32,1.00
2017.12.15 13:12:03.819,1.18037,1.1804,2.62,6.52
2017.12.15 13:12:03.872,1.18037,1.18038,1.87,1.12
2017.12.15 13:12:04.403,1.18036,1.18038,5.81,1.12
2017.12.15 13:12:04.953,1.18036,1.18039,5.81,3.00
2017.12.15 13:12:07.843,1.18036,1.18039,5.06,1.50
2017.12.15 13:12:14.176,1.18035,1.18037,4.20,2.25
2017.12.15 13:12:14.486,1.18033,1.18035,2.70,1.50
2017.12.15 13:12:15.500,1.18033,1.18035,3.19,1.12
2017.12.15 13:12:16.004,1.18034,1.18035,1.25,1.12
2017.12.15 13:12:16.597,1.18034,1.18037,1.12,1.95
2017.12.15 13:12:17.381,1.18034,1.18037,1.31,3.26
2017.12.15 13:12:17.896,1.18033,1.18036,1.50,1.95
2017.12.15 13:12:17.949,1.18032,1.18035,4.50,1.12
2017.12.15 13:12:18.974,1.18032,1.18035,1.87,1.00
2017.12.15 13:12:19.567,1.18032,1.18036,1.50,3.45
2017.12.15 13:12:20.118,1.18032,1.18036,3.37,4.57
2017.12.15 13:12:20.913,1.18032,1.18036,2.06,5.32
2017.12.15 13:12:21.462,1.18032,1.18036,2.06,5.70
2017.12.15 13:12:22.509,1.18031,1.18034,4.20,1.12
2017.12.15 13:12:26.396,1.18034,1.18035,1.87,1.57
2017.12.15 13:12:26.500,1.18034,1.18036,2.62,1.12
2017.12.15 13:12:27.017,1.18035,1.18037,1.50,1.00
2017.12.15 13:12:27.705,1.18035,1.18037,2.06,1.00
2017.12.15 13:12:28.225,1.18035,1.18037,1.31,1.00
2017.12.15 13:12:29.106,1.18035,1.18039,4.01,3.37
2017.12.15 13:12:30.268,1.18035,1.18039,8.55,3.56
2017.12.15 13:12:30.797,1.18036,1.1804,4.12,4.57
2017.12.15 13:12:31.317,1.18036,1.18038,3.37,1.00
2017.12.15 13:12:31.832,1.18036,1.18039,3.37,3.37
2017.12.15 13:12:32.505,1.18036,1.18038,3.45,1.00
2017.12.15 13:12:33.030,1.18036,1.18038,3.26,1.20
2017.12.15 13:12:33.543,1.18036,1.18039,3.26,2.29
2017.12.15 13:12:34.172,1.18036,1.18038,3.26,1.20
2017.12.15 13:12:37.898,1.18036,1.18039,4.01,2.10
2017.12.15 13:12:39.470,1.18038,1.1804,1.00,3.45
2017.12.15 13:12:39.575,1.18039,1.18041,4.50,4.95
2017.12.15 13:12:39.885,1.1804,1.18044,10.69,2.89
2017.12.15 13:12:40.889,1.18041,1.18044,2.06,3.34
2017.12.15 13:12:41.394,1.18042,1.18044,1.00,1.95
2017.12.15 13:12:42.129,1.18041,1.18044,4.01,3.34
2017.12.15 13:12:42.656,1.18041,1.18043,3.75,1.10
2017.12.15 13:12:43.419,1.18042,1.18044,2.62,1.20
2017.12.15 13:12:43.957,1.18042,1.18044,3.37,1.57
2017.12.15 13:12:44.814,1.18042,1.18045,5.25,6.90
2017.12.15 13:12:45.378,1.18043,1.18045,1.00,3.90
2017.12.15 13:12:45.942,1.18043,1.18046,1.12,1.37
2017.12.15 13:12:46.983,1.18043,1.18047,8.25,3.45
2017.12.15 13:12:47.634,1.18045,1.18048,2.44,2.47
2017.12.15 13:12:48.164,1.18047,1.18048,1.00,1.00
2017.12.15 13:12:48.219,1.18047,1.18049,1.00,2.32
2017.12.15 13:12:48.662,1.18048,1.1805,1.10,6.37
2017.12.15 13:12:48.715,1.18053,1.18054,1.12,1.10
2017.12.15 13:12:48.768,1.18056,1.18057,1.87,1.67
2017.12.15 13:12:48.924,1.18057,1.18059,2.62,1.00
2017.12.15 13:12:49.234,1.18055,1.18057,5.32,2.25
2017.12.15 13:12:49.287,1.18053,1.18056,3.07,2.62
2017.12.15 13:12:49.443,1.18053,1.18054,1.95,1.00
2017.12.15 13:12:50.008,1.18054,1.18055,1.10,7.50
2017.12.15 13:12:50.356,1.18052,1.18054,1.10,1.00
2017.12.15 13:12:50.915,1.18052,1.18055,2.32,1.12
2017.12.15 13:12:51.020,1.18055,1.18056,1.12,1.57
2017.12.15 13:12:51.307,1.18056,1.18059,2.51,2.06
2017.12.15 13:12:53.124,1.18055,1.18057,3.45,1.00
2017.12.15 13:12:53.703,1.18055,1.18058,5.32,1.12
2017.12.15 13:12:54.223,1.18056,1.18059,1.10,2.25
2017.12.15 13:12:55.571,1.18055,1.18059,4.20,3.75
2017.12.15 13:12:55.625,1.18055,1.18056,4.39,1.87
2017.12.15 13:12:55.961,1.18051,1.18054,1.01,2.06
2017.12.15 13:12:56.324,1.18052,1.18055,7.42,1.00
2017.12.15 13:12:58.850,1.18053,1.18056,8.55,1.00
2017.12.15 13:12:58.902,1.18056,1.18057,1.00,1.50
2017.12.15 13:12:59.403,1.18056,1.18058,1.50,2.62
2017.12.15 13:13:01.449,1.18055,1.18056,1.10,1.00
2017.12.15 13:13:01.689,1.18052,1.18054,1.57,1.87
2017.12.15 13:13:02.578,1.18053,1.18055,1.87,1.80
2017.12.15 13:13:02.837,1.18053,1.18058,7.76,4.01
2017.12.15 13:13:03.128,1.18055,1.18058,1.20,3.22
2017.12.15 13:13:05.774,1.18058,1.18059,1.00,1.12
2017.12.15 13:13:05.882,1.18059,1.18061,1.12,1.00
2017.12.15 13:13:06.398,1.1806,1.18062,1.10,1.00
2017.12.15 13:13:06.890,1.18058,1.1806,3.07,1.30
2017.12.15 13:13:07.399,1.18059,1.18062,1.12,4.72
2017.12.15 13:13:07.557,1.1806,1.18063,1.00,7.24
2017.12.15 13:13:08.326,1.1806,1.18063,5.51,1.69
2017.12.15 13:13:08.572,1.18062,1.18065,1.20,1.12
2017.12.15 13:13:08.625,1.18062,1.18063,1.20,1.00
2017.12.15 13:13:08.729,1.18061,1.18063,1.50,1.50
2017.12.15 13:13:11.917,1.18058,1.1806,2.32,1.00
2017.12.15 13:13:12.263,1.18055,1.18058,1.57,1.57
2017.12.15 13:13:13.122,1.18055,1.18058,1.87,1.95
2017.12.15 13:13:13.707,1.18055,1.18058,1.00,1.87
2017.12.15 13:13:15.281,1.18055,1.18057,1.12,1.00
2017.12.15 13:13:16.523,1.18055,1.18058,1.20,1.20
2017.12.15 13:13:17.155,1.18054,1.18057,7.12,1.00
2017.12.15 13:13:17.208,1.18053,1.18055,2.25,3.75
2017.12.15 13:13:17.313,1.18051,1.18053,1.50,1.10
2017.12.15 13:13:20.196,1.18052,1.18054,1.25,2.51
2017.12.15 13:13:20.709,1.1805,1.18054,10.99,1.25
2017.12.15 13:13:22.357,1.18051,1.18055,2.62,9.26
2017.12.15 13:13:23.011,1.18052,1.18054,1.50,1.10
2017.12.15 13:13:23.560,1.18051,1.18054,2.70,1.95
2017.12.15 13:13:24.073,1.18051,1.18055,6.37,10.01
2017.12.15 13:13:24.800,1.18051,1.18055,6.00,9.64
2017.12.15 13:13:25.313,1.1805,1.18054,6.11,1.00
2017.12.15 13:13:26.015,1.1805,1.18054,7.24,1.12
2017.12.15 13:13:27.035,1.18051,1.18054,1.50,1.87
2017.12.15 13:13:29.829,1.18052,1.18054,1.12,2.81
2017.12.15 13:13:30.455,1.18051,1.18055,7.79,1.95
2017.12.15 13:13:30.699,1.18054,1.18057,1.87,7.20
2017.12.15 13:13:30.752,1.18055,1.18057,1.00,1.50
2017.12.15 13:13:31.292,1.18056,1.18058,2.25,1.00
2017.12.15 13:13:32.142,1.18055,1.18059,2.44,4.39
2017.12.15 13:13:32.297,1.18057,1.18059,1.00,5.89
2017.12.15 13:13:32.888,1.18057,1.18059,1.00,8.89
2017.12.15 13:13:33.844,1.18056,1.18059,1.00,9.64
2017.12.15 13:13:34.677,1.18057,1.18059,1.00,10.39
2017.12.15 13:13:35.286,1.18055,1.18058,11.06,1.25
2017.12.15 13:13:35.801,1.18055,1.18059,5.81,8.51
2017.12.15 13:13:37.819,1.18055,1.18058,5.06,1.25
2017.12.15 13:13:38.741,1.18056,1.18058,1.00,1.25
2017.12.15 13:13:39.490,1.18055,1.18058,2.06,1.25
2017.12.15 13:13:40.012,1.18055,1.18059,2.81,7.76
2017.12.15 13:13:41.280,1.18056,1.18059,1.50,9.26
2017.12.15 13:13:41.837,1.18055,1.18059,3.56,7.76
2017.12.15 13:13:42.371,1.18056,1.18059,1.00,9.26
2017.12.15 13:13:43.207,1.18055,1.18059,3.75,7.76
2017.12.15 13:13:43.519,1.1805,1.18053,2.81,1.39
2017.12.15 13:13:44.415,1.18052,1.18053,1.50,1.20
2017.12.15 13:13:45.706,1.18051,1.18053,4.50,1.95
2017.12.15 13:13:47.030,1.18051,1.18054,2.10,3.82
2017.12.15 13:13:49.278,1.18052,1.18054,1.00,3.45
2017.12.15 13:13:49.791,1.18051,1.18054,3.97,4.20
2017.12.15 13:13:50.304,1.18052,1.18054,1.00,3.45
2017.12.15 13:13:50.850,1.18051,1.18054,1.72,1.95
2017.12.15 13:13:53.588,1.18052,1.18054,1.00,3.64
2017.12.15 13:13:54.109,1.18051,1.18054,1.50,4.76
2017.12.15 13:13:54.659,1.18052,1.18053,1.00,1.00
2017.12.15 13:13:55.618,1.18051,1.18054,1.50,5.14
2017.12.15 13:13:56.420,1.18052,1.18054,1.00,5.14
2017.12.15 13:13:57.114,1.18051,1.18054,1.12,4.39
2017.12.15 13:13:57.689,1.1805,1.18054,5.48,3.07
2017.12.15 13:14:03.403,1.18051,1.18053,1.00,1.00
2017.12.15 13:14:04.097,1.1805,1.18054,5.85,4.20
2017.12.15 13:14:05.073,1.1805,1.18054,9.04,4.20
2017.12.15 13:14:05.973,1.18051,1.18054,1.00,4.20
2017.12.15 13:14:06.461,1.18053,1.18054,1.00,2.70
2017.12.15 13:14:07.067,1.18053,1.18056,1.87,4.95
2017.12.15 13:14:10.654,1.18052,1.18054,3.00,3.56
2017.12.15 13:14:12.358,1.1805,1.18053,1.00,6.07
2017.12.15 13:14:17.889,1.1805,1.18053,2.06,6.07
2017.12.15 13:14:19.101,1.1805,1.18053,3.64,2.25
2017.12.15 13:14:21.183,1.1805,1.18053,2.51,2.62
2017.12.15 13:14:21.775,1.1805,1.18052,2.33,1.69
2017.12.15 13:14:21.996,1.18052,1.18054,1.25,2.81
2017.12.15 13:14:22.526,1.18052,1.18055,1.01,4.69
2017.12.15 13:14:23.105,1.18051,1.18054,4.57,1.00
2017.12.15 13:14:23.613,1.18051,1.18054,2.70,1.00
2017.12.15 13:14:24.144,1.18051,1.18054,1.57,3.00
2017.12.15 13:14:25.032,1.18052,1.18054,1.29,1.69
2017.12.15 13:14:25.563,1.18053,1.18055,1.12,1.12
2017.12.15 13:14:28.213,1.18052,1.18055,4.75,1.69
2017.12.15 13:14:28.316,1.18052,1.18055,4.01,1.00
2017.12.15 13:14:28.866,1.18052,1.18055,4.76,1.69
2017.12.15 13:14:35.031,1.18054,1.18055,1.10,1.00
2017.12.15 13:14:37.019,1.18053,1.18056,4.80,1.00
2017.12.15 13:14:38.363,1.18053,1.18056,7.61,1.12
2017.12.15 13:14:39.203,1.18053,1.18056,3.03,1.95
2017.12.15 13:14:40.104,1.18053,1.18055,1.72,1.00
2017.12.15 13:14:40.797,1.18053,1.18055,3.94,2.32
2017.12.15 13:14:43.017,1.18053,1.18055,2.81,1.10
2017.12.15 13:14:45.696,1.18053,1.18055,3.94,2.32
2017.12.15 13:14:46.209,1.18053,1.18055,3.19,1.57
2017.12.15 13:14:48.642,1.18054,1.18056,1.00,4.95
2017.12.15 13:14:48.987,1.18056,1.18057,1.69,1.10
2017.12.15 13:14:49.503,1.18054,1.18057,2.62,5.32
2017.12.15 13:14:49.808,1.18054,1.18056,1.50,1.50
2017.12.15 13:14:50.370,1.18053,1.18056,1.00,1.47
2017.12.15 13:14:50.913,1.18052,1.18055,6.75,2.32
2017.12.15 13:14:51.464,1.18052,1.18055,5.25,1.95
2017.12.15 13:14:52.073,1.18052,1.18056,8.25,4.20
2017.12.15 13:14:53.222,1.18053,1.18056,1.00,3.07
2017.12.15 13:14:54.904,1.18053,1.18055,2.25,4.57
2017.12.15 13:14:55.419,1.18052,1.18055,3.00,6.64
2017.12.15 13:14:56.036,1.18052,1.18054,1.12,3.07
2017.12.15 13:14:56.571,1.18051,1.18053,3.75,1.20
2017.12.15 13:14:57.274,1.18052,1.18054,2.06,3.64
2017.12.15 13:14:57.790,1.18052,1.18054,1.12,1.95
2017.12.15 13:14:58.868,1.18053,1.18055,1.00,5.14
2017.12.15 13:14:59.399,1.18052,1.18054,1.25,2.51
2017.12.15 13:15:00.103,1.18053,1.18055,2.31,4.39
2017.12.15 13:15:00.616,1.18053,1.18056,4.69,1.95
2017.12.15 13:15:00.921,1.18056,1.18059,4.50,3.07
2017.12.15 13:15:01.590,1.18057,1.18059,1.00,3.07
2017.12.15 13:15:02.565,1.18057,1.18059,8.81,1.10
2017.12.15 13:15:02.670,1.1806,1.18062,3.97,1.95
2017.12.15 13:15:03.375,1.1806,1.18062,7.39,1.12
2017.12.15 13:15:03.896,1.1806,1.18063,6.07,1.50
2017.12.15 13:15:04.555,1.1806,1.18063,6.82,1.87
2017.12.15 13:15:05.740,1.18062,1.18065,1.25,3.19
2017.12.15 13:15:06.252,1.18062,1.18063,1.20,1.87
2017.12.15 13:15:06.867,1.18061,1.18063,1.10,1.87
2017.12.15 13:15:07.382,1.18061,1.18063,1.20,1.50
2017.12.15 13:15:07.909,1.18061,1.18063,1.57,4.31
2017.12.15 13:15:11.098,1.18062,1.18064,1.00,3.75
2017.12.15 13:15:11.630,1.18062,1.18065,1.80,1.69
2017.12.15 13:15:12.226,1.18062,1.18065,2.70,2.25
2017.12.15 13:15:12.546,1.18063,1.18065,1.45,1.00
2017.12.15 13:15:13.684,1.18063,1.18065,1.45,1.12
2017.12.15 13:15:13.894,1.18067,1.1807,1.31,11.70
2017.12.15 13:15:14.428,1.18066,1.18069,3.07,1.37
2017.12.15 13:15:14.789,1.18067,1.1807,2.70,3.19
2017.12.15 13:15:15.307,1.18068,1.18071,1.20,7.50
2017.12.15 13:15:15.910,1.18068,1.18071,5.14,3.94
2017.12.15 13:15:16.299,1.18069,1.18072,2.55,2.25
2017.12.15 13:15:16.978,1.18069,1.18072,3.67,1.12
2017.12.15 13:15:23.797,1.18069,1.18072,1.00,3.67
2017.12.15 13:15:27.685,1.18069,1.1807,1.00,3.00
2017.12.15 13:15:28.020,1.18067,1.18069,1.20,2.10
2017.12.15 13:15:28.595,1.18066,1.18067,1.12,1.57
2017.12.15 13:15:28.906,1.18062,1.18063,1.50,2.25
2017.12.15 13:15:29.013,1.18059,1.18061,5.81,2.70
2017.12.15 13:15:29.608,1.18059,1.18061,2.62,1.57
2017.12.15 13:15:30.148,1.18059,1.18061,4.50,1.95
2017.12.15 13:15:30.807,1.18059,1.18061,2.25,3.82
2017.12.15 13:15:31.346,1.18059,1.18061,3.19,1.57
2017.12.15 13:15:32.498,1.18059,1.18061,3.00,1.05
2017.12.15 13:15:34.538,1.18058,1.18061,2.25,2.17
2017.12.15 13:15:34.644,1.18056,1.18059,4.12,3.45
2017.12.15 13:15:35.264,1.18055,1.18058,2.06,1.20
2017.12.15 13:15:35.778,1.18057,1.18058,1.50,1.20
2017.12.15 13:15:36.422,1.18057,1.18059,1.00,1.20
2017.12.15 13:15:37.406,1.18055,1.18057,6.00,1.00
2017.12.15 13:15:37.933,1.18056,1.18059,1.12,4.20
2017.12.15 13:15:38.848,1.18055,1.18058,9.22,1.20
2017.12.15 13:15:39.392,1.18055,1.18058,1.12,3.90
2017.12.15 13:15:39.547,1.18055,1.18059,6.60,1.95
2017.12.15 13:15:39.601,1.18057,1.18059,1.72,1.95
2017.12.15 13:15:40.141,1.18056,1.18061,13.16,3.07
2017.12.15 13:15:40.986,1.18057,1.1806,1.67,1.95
2017.12.15 13:15:46.287,1.18057,1.1806,1.57,1.47
2017.12.15 13:15:47.199,1.18056,1.18058,1.47,1.00
2017.12.15 13:15:47.710,1.18056,1.18059,1.47,4.20
2017.12.15 13:15:48.622,1.18056,1.18059,1.10,2.70
2017.12.15 13:15:52.236,1.18056,1.18059,1.47,1.57
2017.12.15 13:15:52.770,1.18056,1.18058,1.95,1.00
2017.12.15 13:15:53.481,1.18056,1.18058,1.10,1.87
2017.12.15 13:15:53.997,1.18055,1.18057,1.95,1.00
2017.12.15 13:15:54.307,1.18053,1.18056,2.62,4.20
2017.12.15 13:15:54.359,1.18054,1.18056,1.00,1.57
2017.12.15 13:15:54.877,1.18055,1.18057,1.00,1.00
2017.12.15 13:15:55.052,1.18058,1.1806,1.87,1.57
2017.12.15 13:15:55.670,1.18058,1.1806,1.87,1.31
2017.12.15 13:15:56.009,1.18059,1.18061,5.62,1.00
2017.12.15 13:15:56.060,1.1806,1.18063,1.25,1.20
2017.12.15 13:15:57.189,1.1806,1.18063,4.50,1.87
2017.12.15 13:15:58.416,1.1806,1.18064,3.45,6.97
2017.12.15 13:15:58.920,1.1806,1.18064,4.95,5.17
2017.12.15 13:15:59.433,1.1806,1.18063,5.32,1.00
2017.12.15 13:16:00.046,1.1806,1.18063,6.82,1.00
2017.12.15 13:16:00.619,1.1806,1.18064,3.07,2.25
2017.12.15 13:16:01.146,1.18061,1.18064,1.12,2.25
2017.12.15 13:16:01.771,1.18061,1.18063,1.57,1.12
2017.12.15 13:16:03.268,1.1806,1.18063,1.69,2.44
2017.12.15 13:16:05.395,1.18059,1.18063,3.45,4.35
2017.12.15 13:16:05.904,1.18059,1.18062,5.32,3.22
2017.12.15 13:16:06.161,1.1806,1.18063,2.70,1.87
2017.12.15 13:16:08.267,1.18061,1.18065,5.51,2.70
2017.12.15 13:16:08.320,1.18063,1.18065,1.20,1.50
2017.12.15 13:16:08.846,1.18064,1.18067,1.95,6.30
2017.12.15 13:16:09.157,1.18063,1.18064,1.95,2.62
2017.12.15 13:16:09.659,1.18062,1.18064,4.05,1.87
2017.12.15 13:16:10.341,1.18063,1.18065,1.20,6.60
2017.12.15 13:16:10.937,1.18062,1.18064,4.80,1.87
2017.12.15 13:16:11.458,1.18061,1.18063,1.95,4.12
2017.12.15 13:16:13.566,1.1806,1.18063,1.00,1.50
2017.12.15 13:16:14.147,1.18059,1.18063,4.39,1.72
2017.12.15 13:16:14.796,1.1806,1.18063,1.00,3.60
2017.12.15 13:16:15.338,1.18061,1.18064,1.20,4.50
2017.12.15 13:16:15.775,1.18062,1.18064,1.20,3.75
2017.12.15 13:16:16.085,1.1806,1.18063,1.95,1.00
2017.12.15 13:16:16.628,1.18061,1.18064,1.20,3.26
2017.12.15 13:16:17.181,1.18061,1.18063,1.20,1.12
2017.12.15 13:16:17.698,1.18063,1.18066,1.12,3.67
2017.12.15 13:16:18.244,1.18063,1.18066,1.20,7.13
2017.12.15 13:16:18.555,1.18064,1.18067,1.95,9.22
2017.12.15 13:16:19.059,1.18064,1.18067,1.20,3.97
2017.12.15 13:16:20.004,1.18064,1.18067,1.20,4.35
2017.12.15 13:16:22.463,1.18063,1.18067,1.39,4.54
2017.12.15 13:16:23.044,1.18063,1.18066,9.86,1.00
2017.12.15 13:16:23.453,1.18064,1.18066,1.20,1.00
2017.12.15 13:16:24.033,1.18063,1.18066,2.51,1.00
2017.12.15 13:16:27.844,1.18063,1.18065,2.32,8.47
2017.12.15 13:16:27.896,1.18061,1.18063,6.45,1.00
2017.12.15 13:16:28.097,1.18062,1.18064,2.32,3.60
2017.12.15 13:16:28.609,1.18062,1.18063,1.20,1.00
2017.12.15 13:16:29.141,1.18063,1.18064,1.00,1.35
2017.12.15 13:16:30.647,1.18062,1.18064,5.32,1.00
2017.12.15 13:16:31.149,1.18063,1.18064,1.25,1.00
2017.12.15 13:16:33.299,1.18062,1.18064,4.76,1.00
2017.12.15 13:16:33.887,1.18061,1.18063,1.72,2.25
2017.12.15 13:16:34.586,1.18062,1.18063,1.00,3.75
2017.12.15 13:16:35.266,1.18063,1.18064,1.10,3.00
2017.12.15 13:16:35.325,1.18064,1.18067,3.19,4.99
2017.12.15 13:16:37.964,1.18064,1.18065,1.00,5.70
2017.12.15 13:16:39.422,1.18064,1.18065,1.00,3.82
2017.12.15 13:16:39.724,1.18061,1.18064,3.00,8.74
2017.12.15 13:16:40.265,1.1806,1.18062,1.69,2.89
2017.12.15 13:16:41.042,1.18061,1.18062,1.00,5.89
2017.12.15 13:16:41.633,1.1806,1.18061,2.06,1.20
2017.12.15 13:16:42.160,1.1806,1.18061,1.31,1.20
2017.12.15 13:16:42.708,1.1806,1.18062,1.50,4.95
2017.12.15 13:16:43.920,1.18061,1.18062,4.31,2.62
2017.12.15 13:16:44.442,1.18061,1.18063,4.12,1.12
2017.12.15 13:16:44.951,1.18061,1.18062,1.50,1.20
2017.12.15 13:16:45.494,1.18061,1.18063,1.00,1.57
2017.12.15 13:16:46.667,1.1806,1.18062,1.87,1.20
2017.12.15 13:16:46.878,1.18058,1.1806,1.50,5.92
2017.12.15 13:16:46.983,1.18057,1.18059,1.12,2.32
2017.12.15 13:16:48.116,1.18056,1.18058,4.87,1.20
2017.12.15 13:16:50.023,1.18056,1.18058,1.87,1.20
2017.12.15 13:16:50.177,1.18058,1.18059,1.00,2.51
2017.12.15 13:16:50.705,1.18057,1.18059,1.12,1.57
2017.12.15 13:16:51.217,1.18057,1.18058,1.12,1.20
2017.12.15 13:16:51.550,1.1806,1.18061,2.47,3.37
2017.12.15 13:16:52.224,1.1806,1.18062,2.70,2.32
2017.12.15 13:16:53.026,1.18059,1.18061,2.77,1.57
2017.12.15 13:16:53.677,1.18059,1.18061,3.41,4.01
2017.12.15 13:16:54.138,1.18061,1.18062,1.00,1.20
2017.12.15 13:16:54.190,1.18061,1.18064,2.62,3.37
2017.12.15 13:16:55.990,1.18062,1.18063,1.12,1.95
2017.12.15 13:16:58.762,1.18061,1.18063,3.75,1.95
2017.12.15 13:16:59.305,1.18061,1.18063,2.06,1.45
2017.12.15 13:16:59.809,1.18061,1.18063,1.69,1.39
2017.12.15 13:17:01.187,1.1806,1.18062,3.94,1.20
2017.12.15 13:17:01.730,1.1806,1.18062,3.56,1.20
2017.12.15 13:17:02.264,1.1806,1.18062,1.01,2.70
2017.12.15 13:17:05.530,1.18061,1.18062,1.00,2.32
2017.12.15 13:17:06.169,1.18061,1.18063,1.00,3.82
2017.12.15 13:17:06.277,1.1806,1.18062,7.95,1.20
2017.12.15 13:17:10.696,1.1806,1.18063,1.01,14.62
2017.12.15 13:17:11.561,1.1806,1.18063,1.08,9.97
2017.12.15 13:17:12.120,1.1806,1.18062,1.83,1.50
2017.12.15 13:17:12.174,1.18058,1.18061,4.12,7.42
2017.12.15 13:17:12.687,1.18058,1.1806,5.62,1.10
2017.12.15 13:17:13.231,1.18058,1.18061,3.22,6.30
2017.12.15 13:17:15.316,1.18058,1.1806,6.56,1.95
2017.12.15 13:17:16.761,1.18058,1.1806,2.85,1.10
2017.12.15 13:17:19.285,1.18059,1.1806,1.50,1.95
2017.12.15 13:17:19.842,1.18058,1.18061,3.04,8.55
2017.12.15 13:17:20.859,1.18059,1.1806,1.00,1.00
2017.12.15 13:17:21.447,1.1806,1.18061,2.85,3.07
2017.12.15 13:17:21.527,1.18063,1.18064,6.60,2.70
2017.12.15 13:17:21.686,1.18065,1.18066,1.00,1.20
2017.12.15 13:17:24.861,1.18064,1.18066,2.62,1.20
2017.12.15 13:17:28.885,1.18064,1.18066,1.31,1.57
2017.12.15 13:17:29.419,1.18064,1.18066,1.12,1.57
2017.12.15 13:17:32.649,1.18064,1.18066,2.62,3.07
2017.12.15 13:17:34.665,1.18064,1.18066,2.81,4.57
2017.12.15 13:17:37.480,1.18064,1.18066,3.56,3.07
2017.12.15 13:17:37.538,1.18066,1.18067,1.00,1.00
2017.12.15 13:17:37.695,1.18063,1.18066,7.12,2.70
2017.12.15 13:17:37.902,1.18065,1.18067,4.56,4.01
2017.12.15 13:17:38.430,1.18065,1.18067,3.37,1.37
2017.12.15 13:17:38.946,1.18064,1.18066,1.12,2.32
2017.12.15 13:17:44.203,1.18063,1.18066,2.06,2.32
2017.12.15 13:17:45.197,1.18063,1.18065,3.75,2.32
2017.12.15 13:17:45.688,1.1806,1.18063,5.06,5.32
2017.12.15 13:17:46.000,1.18058,1.1806,1.50,1.00
2017.12.15 13:17:46.544,1.18057,1.18059,2.06,1.10
2017.12.15 13:17:47.059,1.18058,1.1806,1.00,1.57
2017.12.15 13:17:47.607,1.18058,1.1806,1.12,1.20
2017.12.15 13:17:50.266,1.18058,1.1806,1.31,2.14
2017.12.15 13:17:50.820,1.18058,1.1806,1.31,1.20
2017.12.15 13:17:51.933,1.18059,1.1806,1.25,2.70
2017.12.15 13:17:52.717,1.1806,1.18061,1.00,1.20
2017.12.15 13:17:53.031,1.18063,1.18065,3.00,1.12
2017.12.15 13:17:53.574,1.18063,1.18065,5.62,2.62
2017.12.15 13:17:56.886,1.18063,1.18065,1.00,2.62
2017.12.15 13:17:59.359,1.18062,1.18064,12.04,1.00
2017.12.15 13:18:00.238,1.18062,1.18064,11.47,1.00
2017.12.15 13:18:00.750,1.18063,1.18065,2.25,3.45
2017.12.15 13:18:02.688,1.18062,1.18064,1.50,1.10
2017.12.15 13:18:03.208,1.18062,1.18065,3.19,4.57
2017.12.15 13:18:03.722,1.18061,1.18062,1.50,1.50
2017.12.15 13:18:04.310,1.1806,1.18062,2.25,4.95
2017.12.15 13:18:04.813,1.1806,1.18061,1.50,1.20
2017.12.15 13:18:06.100,1.18058,1.1806,4.12,1.20
2017.12.15 13:18:06.615,1.18058,1.1806,7.90,1.20
2017.12.15 13:18:08.426,1.18058,1.18061,4.69,4.95
2017.12.15 13:18:09.035,1.18058,1.1806,7.15,1.20
2017.12.15 13:18:09.140,1.1806,1.18062,4.50,7.20
2017.12.15 13:18:09.245,1.18062,1.18065,1.31,3.82
2017.12.15 13:18:09.748,1.18063,1.18065,1.25,1.95
2017.12.15 13:18:14.492,1.18062,1.18064,2.62,1.00
2017.12.15 13:18:15.009,1.18062,1.18064,2.62,1.10
2017.12.15 13:18:15.648,1.18063,1.18064,1.00,1.95
2017.12.15 13:18:16.214,1.18062,1.18064,2.44,1.95
2017.12.15 13:18:17.023,1.18062,1.18065,3.56,4.57
2017.12.15 13:18:17.541,1.18063,1.18065,2.25,1.12
2017.12.15 13:18:22.537,1.18063,1.18065,1.00,1.10
2017.12.15 13:18:23.049,1.18062,1.18065,4.87,2.70
2017.12.15 13:18:24.364,1.18062,1.18064,1.00,1.95
2017.12.15 13:18:24.975,1.18062,1.18064,1.25,1.10
2017.12.15 13:18:26.300,1.18062,1.18065,3.04,5.70
2017.12.15 13:18:26.825,1.18062,1.18065,2.25,3.07
2017.12.15 13:18:28.289,1.18063,1.18065,1.00,3.82
2017.12.15 13:18:28.832,1.18062,1.18065,1.69,3.82
2017.12.15 13:18:29.368,1.18063,1.18065,1.00,5.32
2017.12.15 13:18:29.576,1.18062,1.18063,1.12,2.85
2017.12.15 13:18:29.799,1.18056,1.18058,1.12,5.62
2017.12.15 13:18:29.905,1.18054,1.18055,2.25,1.00
2017.12.15 13:18:29.958,1.18053,1.18055,2.62,1.20
2017.12.15 13:18:30.540,1.18053,1.18056,3.37,4.20
2017.12.15 13:18:31.157,1.18054,1.18056,1.00,2.89
2017.12.15 13:18:31.849,1.18054,1.18056,3.00,4.76
2017.12.15 13:18:32.108,1.18055,1.18057,1.00,5.70
2017.12.15 13:18:32.596,1.18054,1.18057,9.56,1.50
2017.12.15 13:18:35.489,1.18053,1.18056,1.87,1.95
2017.12.15 13:18:36.074,1.18053,1.18056,2.62,2.70
2017.12.15 13:18:36.826,1.18052,1.18054,1.50,1.50
2017.12.15 13:18:37.439,1.18052,1.18054,1.50,1.95
2017.12.15 13:18:37.945,1.18053,1.18054,2.25,1.95
2017.12.15 13:18:38.665,1.18052,1.18054,2.25,1.00
2017.12.15 13:18:39.373,1.18051,1.18053,6.00,1.00
2017.12.15 13:18:39.895,1.18051,1.18054,3.04,4.95
2017.12.15 13:18:40.746,1.18051,1.18053,1.12,1.20
2017.12.15 13:18:41.259,1.18051,1.18053,1.00,2.70
2017.12.15 13:18:41.882,1.18051,1.18053,1.12,1.12
2017.12.15 13:18:42.424,1.18051,1.18054,1.37,2.32
2017.12.15 13:18:43.072,1.18051,1.18053,2.62,1.00
2017.12.15 13:18:43.683,1.18051,1.18054,1.37,2.32
2017.12.15 13:18:44.291,1.18051,1.18054,1.87,4.57
2017.12.15 13:18:44.804,1.18051,1.18053,1.12,1.57
2017.12.15 13:18:45.040,1.1805,1.18053,3.75,2.32
2017.12.15 13:18:45.632,1.18051,1.18052,1.00,1.57
2017.12.15 13:18:46.170,1.1805,1.18052,1.00,2.32
2017.12.15 13:18:46.887,1.18051,1.18052,1.00,3.07
2017.12.15 13:18:47.462,1.1805,1.18052,2.25,2.32
2017.12.15 13:18:48.841,1.1805,1.18052,1.00,3.82
2017.12.15 13:18:48.893,1.18049,1.18051,3.00,1.00
2017.12.15 13:18:49.029,1.18048,1.18049,6.37,1.50
2017.12.15 13:18:49.082,1.18046,1.18047,1.00,3.26
2017.12.15 13:18:49.693,1.18045,1.18047,1.12,2.32
2017.12.15 13:18:50.308,1.18046,1.18047,1.00,2.32
2017.12.15 13:18:51.106,1.18045,1.18047,1.00,2.32
2017.12.15 13:18:51.424,1.18047,1.18048,1.00,3.45
2017.12.15 13:18:51.708,1.18048,1.1805,4.50,1.95
2017.12.15 13:18:52.227,1.18048,1.1805,1.50,1.20
2017.12.15 13:18:52.914,1.18049,1.1805,1.00,1.20
2017.12.15 13:18:53.416,1.18047,1.18051,8.47,2.70
2017.12.15 13:18:53.985,1.18048,1.1805,3.22,1.57
2017.12.15 13:18:54.513,1.18048,1.1805,4.50,1.10
2017.12.15 13:18:55.043,1.18049,1.18051,1.00,2.70
2017.12.15 13:18:55.563,1.18049,1.18051,1.00,2.70
2017.12.15 13:18:56.085,1.18049,1.18051,1.50,3.45
2017.12.15 13:18:56.610,1.18047,1.18051,11.10,3.82
2017.12.15 13:18:58.263,1.18048,1.18049,5.25,1.00
2017.12.15 13:18:58.798,1.18047,1.18049,2.62,1.00
2017.12.15 13:18:59.105,1.18048,1.1805,2.62,1.95
2017.12.15 13:18:59.811,1.18048,1.18049,1.12,1.20
2017.12.15 13:19:00.109,1.18046,1.18048,2.62,1.45
2017.12.15 13:19:00.633,1.18045,1.18047,2.25,1.10
2017.12.15 13:19:01.162,1.18045,1.18047,1.50,1.95
2017.12.15 13:19:02.657,1.18045,1.18047,1.87,1.20
2017.12.15 13:19:05.396,1.18044,1.18047,1.72,1.57
2017.12.15 13:19:05.918,1.18045,1.18047,1.00,2.32
2017.12.15 13:19:06.431,1.18045,1.18046,1.50,1.00
2017.12.15 13:19:06.947,1.18044,1.18047,3.75,2.32
2017.12.15 13:19:09.346,1.18045,1.18048,2.62,2.70
2017.12.15 13:19:10.238,1.18045,1.18049,2.62,7.57
2017.12.15 13:19:10.766,1.18045,1.18047,3.37,1.00
2017.12.15 13:19:13.218,1.18048,1.1805,1.72,1.87
2017.12.15 13:19:13.323,1.18049,1.18052,1.57,1.69
2017.12.15 13:19:14.166,1.1805,1.18053,1.87,4.01
2017.12.15 13:19:14.759,1.1805,1.18051,1.50,1.00
2017.12.15 13:19:15.430,1.18048,1.18051,6.64,8.29
2017.12.15 13:19:16.032,1.18048,1.1805,1.50,3.75
2017.12.15 13:19:16.534,1.18047,1.18049,2.62,1.00
2017.12.15 13:19:17.459,1.18047,1.1805,1.87,4.20
2017.12.15 13:19:18.045,1.18047,1.1805,2.25,3.82
2017.12.15 13:19:19.158,1.18047,1.1805,1.50,3.82
2017.12.15 13:19:19.977,1.18047,1.18049,1.50,1.00
2017.12.15 13:19:20.527,1.18047,1.1805,4.50,4.95
2017.12.15 13:19:21.041,1.18047,1.18049,4.95,2.25
2017.12.15 13:19:21.614,1.18048,1.1805,1.12,1.10
2017.12.15 13:19:23.081,1.18048,1.18051,2.62,4.50
2017.12.15 13:19:23.690,1.18049,1.1805,1.00,1.50
2017.12.15 13:19:28.603,1.18049,1.18051,1.00,5.62
2017.12.15 13:19:29.130,1.18049,1.1805,1.00,1.00
2017.12.15 13:19:29.841,1.18049,1.18051,1.00,3.00
2017.12.15 13:19:30.447,1.18049,1.1805,1.00,1.00
2017.12.15 13:19:31.108,1.18049,1.18051,1.00,3.00
2017.12.15 13:19:31.830,1.18049,1.18052,1.00,5.92
2017.12.15 13:19:32.341,1.18049,1.18051,1.00,1.00
2017.12.15 13:19:32.853,1.18049,1.18052,1.00,7.80
2017.12.15 13:19:33.014,1.18047,1.18049,4.12,2.85
2017.12.15 13:19:33.614,1.18047,1.18049,1.12,1.12
2017.12.15 13:19:34.183,1.18046,1.1805,9.82,2.62
2017.12.15 13:19:36.111,1.18048,1.1805,1.37,1.87
2017.12.15 13:19:37.263,1.18049,1.18051,1.50,3.75
2017.12.15 13:19:38.756,1.18048,1.18052,2.32,3.56
2017.12.15 13:19:39.364,1.18048,1.18051,4.58,1.00
2017.12.15 13:19:39.911,1.18049,1.18051,1.00,2.25
2017.12.15 13:19:40.724,1.18048,1.18051,4.20,1.00
2017.12.15 13:19:41.343,1.18048,1.18052,4.20,3.56
2017.12.15 13:19:41.891,1.18048,1.18051,3.26,2.29
2017.12.15 13:19:42.433,1.18048,1.18051,2.32,1.50
2017.12.15 13:19:42.996,1.18048,1.18052,4.20,3.45
2017.12.15 13:19:43.598,1.18048,1.18052,3.82,3.82
2017.12.15 13:19:45.368,1.18049,1.1805,1.00,1.00
2017.12.15 13:19:45.678,1.18047,1.18048,2.14,1.00
2017.12.15 13:19:45.886,1.18048,1.18051,1.47,3.45
2017.12.15 13:19:46.157,1.18047,1.18049,2.51,1.00
2017.12.15 13:19:46.685,1.18046,1.18049,5.14,5.55
2017.12.15 13:19:47.686,1.18046,1.18049,1.87,6.22
2017.12.15 13:19:48.199,1.18047,1.18049,1.00,1.50
2017.12.15 13:19:49.626,1.18046,1.18048,4.12,1.50
2017.12.15 13:19:50.245,1.18046,1.18049,2.62,7.31
2017.12.15 13:19:50.801,1.18046,1.18048,4.50,1.50
2017.12.15 13:19:51.326,1.18046,1.18049,3.00,6.94
2017.12.15 13:19:52.164,1.18046,1.18048,4.50,1.50
2017.12.15 13:19:52.858,1.18046,1.18049,3.37,6.94
2017.12.15 13:19:53.422,1.18046,1.18048,4.87,1.50
2017.12.15 13:19:54.032,1.18047,1.18049,1.87,1.87
2017.12.15 13:19:54.743,1.18047,1.18048,1.87,1.00
2017.12.15 13:19:55.255,1.18047,1.18049,2.25,1.95
2017.12.15 13:19:55.756,1.18047,1.18049,3.07,1.87
2017.12.15 13:19:57.257,1.18046,1.18048,6.45,1.00
2017.12.15 13:19:57.932,1.18046,1.18049,1.50,2.32
2017.12.15 13:19:58.493,1.18046,1.18048,1.00,2.25
2017.12.15 13:20:00.106,1.18047,1.18048,1.00,1.00
2017.12.15 13:20:00.213,1.18048,1.1805,8.51,2.50
2017.12.15 13:20:00.839,1.18049,1.1805,1.12,1.00
2017.12.15 13:20:01.153,1.1805,1.18052,1.87,1.20
2017.12.15 13:20:01.205,1.18051,1.18053,1.12,1.12
2017.12.15 13:20:01.310,1.18053,1.18054,1.01,1.87
2017.12.15 13:20:01.845,1.18052,1.18055,4.76,1.50
2017.12.15 13:20:02.310,1.18049,1.1805,1.95,2.06
2017.12.15 13:20:02.465,1.18048,1.18049,1.50,1.12
2017.12.15 13:20:02.982,1.18046,1.18049,3.94,3.97
2017.12.15 13:20:03.535,1.18047,1.18048,1.69,1.50
2017.12.15 13:20:04.062,1.18047,1.18049,1.12,5.92
2017.12.15 13:20:04.584,1.18047,1.18048,1.87,1.00
2017.12.15 13:20:05.096,1.18048,1.18049,1.00,7.76
2017.12.15 13:20:05.650,1.18047,1.18048,1.12,1.00
2017.12.15 13:20:05.806,1.18049,1.1805,1.50,11.32
2017.12.15 13:20:05.910,1.18052,1.18053,1.87,2.62
2017.12.15 13:20:06.116,1.18054,1.18055,1.00,1.00
2017.12.15 13:20:06.668,1.18053,1.18056,4.69,2.10
2017.12.15 13:20:07.211,1.18053,1.18056,8.51,2.92
2017.12.15 13:20:07.882,1.18053,1.18057,3.00,7.80
2017.12.15 13:20:08.037,1.18053,1.18055,1.50,1.50
2017.12.15 13:20:08.554,1.18053,1.18056,1.00,8.33
2017.12.15 13:20:08.887,1.18051,1.18054,1.50,1.50
2017.12.15 13:20:09.390,1.1805,1.18053,5.44,3.56
2017.12.15 13:20:10.033,1.18051,1.18053,1.00,6.37
2017.12.15 13:20:10.428,1.18047,1.18048,6.07,2.85
2017.12.15 13:20:10.482,1.18046,1.18048,1.00,1.12
2017.12.15 13:20:11.183,1.18044,1.18047,7.80,2.17
2017.12.15 13:20:11.236,1.18044,1.18046,1.57,2.62
2017.12.15 13:20:11.292,1.18042,1.18043,1.87,2.10
2017.12.15 13:20:11.808,1.1804,1.18042,1.37,1.00
2017.12.15 13:20:12.402,1.1804,1.18042,1.00,1.12
2017.12.15 13:20:13.045,1.1804,1.18041,1.87,2.10
2017.12.15 13:20:13.360,1.18035,1.18038,2.14,1.10
2017.12.15 13:20:13.884,1.18036,1.18038,1.50,4.90
2017.12.15 13:20:14.310,1.18035,1.18038,3.75,4.24
2017.12.15 13:20:14.907,1.18036,1.18038,1.00,3.04
2017.12.15 13:20:15.168,1.18037,1.18039,1.00,12.94
2017.12.15 13:20:15.377,1.18036,1.18038,3.07,1.25
2017.12.15 13:20:15.893,1.18036,1.18039,3.82,1.50
2017.12.15 13:20:16.441,1.18038,1.1804,1.50,2.25
2017.12.15 13:20:16.494,1.18039,1.18041,1.95,2.62
2017.12.15 13:20:16.653,1.18042,1.18045,1.10,3.75
2017.12.15 13:20:16.915,1.18043,1.18047,5.32,3.37
2017.12.15 13:20:18.174,1.18044,1.18047,1.57,2.62
2017.12.15 13:20:18.792,1.18043,1.18046,5.32,2.25
2017.12.15 13:20:19.335,1.18044,1.18045,1.10,1.00
2017.12.15 13:20:19.886,1.18044,1.18046,1.57,2.62
2017.12.15 13:20:20.766,1.18044,1.18047,1.57,7.57
2017.12.15 13:20:21.530,1.18044,1.18046,2.32,1.00
2017.12.15 13:20:22.043,1.18044,1.18047,1.12,2.62
2017.12.15 13:20:22.356,1.18044,1.18045,2.44,1.00
2017.12.15 13:20:22.461,1.18044,1.18047,1.95,4.50
2017.12.15 13:20:22.995,1.18044,1.18046,2.70,1.50
2017.12.15 13:20:23.509,1.18043,1.18046,9.26,1.50
2017.12.15 13:20:24.021,1.18044,1.18047,1.47,1.87
2017.12.15 13:20:24.557,1.18044,1.18047,1.10,2.25
2017.12.15 13:20:25.085,1.18044,1.18046,3.45,1.00
2017.12.15 13:20:25.621,1.18044,1.18047,1.10,2.25
2017.12.15 13:20:26.420,1.18044,1.18046,1.57,1.50
2017.12.15 13:20:26.921,1.18043,1.18047,3.07,3.97
2017.12.15 13:20:27.650,1.18045,1.18046,1.50,1.50
2017.12.15 13:20:28.161,1.18044,1.18046,2.70,1.87
2017.12.15 13:20:31.074,1.18044,1.18047,1.95,5.81
2017.12.15 13:20:31.590,1.18044,1.18046,3.45,1.50
2017.12.15 13:20:32.161,1.18044,1.18047,1.20,5.25
2017.12.15 13:20:32.947,1.18045,1.18046,1.00,1.50
2017.12.15 13:20:33.562,1.18045,1.18047,1.00,4.87
2017.12.15 13:20:33.775,1.18047,1.18049,1.00,14.14
2017.12.15 13:20:33.880,1.18048,1.1805,3.37,1.00
2017.12.15 13:20:33.932,1.18048,1.18052,1.57,3.37
2017.12.15 13:20:34.677,1.18049,1.18051,1.00,1.00
2017.12.15 13:20:36.134,1.1805,1.18052,7.00,2.62
2017.12.15 13:20:36.187,1.18052,1.18054,2.70,1.87
2017.12.15 13:20:36.364,1.18054,1.18056,1.00,3.37
2017.12.15 13:20:36.630,1.18055,1.18058,3.82,1.87
2017.12.15 13:20:37.169,1.18056,1.18058,2.14,1.31
2017.12.15 13:20:39.620,1.18054,1.18056,8.44,3.00
2017.12.15 13:20:39.675,1.18052,1.18054,4.20,1.35
2017.12.15 13:20:40.191,1.18052,1.18053,1.12,1.00
2017.12.15 13:20:41.114,1.18054,1.18055,1.50,1.12
2017.12.15 13:20:41.321,1.18057,1.1806,3.07,8.06
2017.12.15 13:20:41.657,1.18055,1.18057,2.70,1.00
2017.12.15 13:20:42.062,1.18057,1.1806,1.00,6.07
2017.12.15 13:20:42.374,1.18056,1.18058,1.87,1.00
2017.12.15 13:20:42.946,1.18056,1.18058,1.12,1.00
2017.12.15 13:20:43.459,1.18055,1.18057,1.20,1.00
2017.12.15 13:20:44.000,1.18055,1.18058,3.82,1.87
2017.12.15 13:20:44.555,1.18055,1.18057,6.26,1.50
2017.12.15 13:20:44.860,1.18057,1.18059,2.32,1.00
2017.12.15 13:20:45.067,1.18058,1.18061,4.50,3.00
2017.12.15 13:20:45.581,1.18058,1.18062,3.82,1.50
2017.12.15 13:20:46.356,1.18059,1.18061,1.10,1.00
2017.12.15 13:20:47.057,1.18059,1.18062,1.10,2.44
2017.12.15 13:20:47.674,1.18059,1.18061,1.57,1.00
2017.12.15 13:20:48.189,1.18059,1.18062,1.10,1.12
2017.12.15 13:20:48.750,1.18059,1.18061,1.57,1.00
2017.12.15 13:20:49.277,1.18059,1.18062,2.70,2.62
2017.12.15 13:20:49.536,1.18061,1.18063,1.12,3.00
2017.12.15 13:20:49.943,1.18062,1.18065,1.50,3.94
2017.12.15 13:20:50.456,1.18064,1.18067,2.51,2.44
2017.12.15 13:20:51.144,1.18064,1.18067,2.70,3.75
2017.12.15 13:20:51.720,1.18064,1.18066,3.82,1.00
2017.12.15 13:20:53.149,1.18065,1.18066,1.00,1.00
2017.12.15 13:20:53.690,1.18064,1.18066,5.70,1.00
2017.12.15 13:20:54.234,1.18064,1.18067,1.95,1.50
2017.12.15 13:20:54.700,1.18064,1.18066,2.89,1.00
2017.12.15 13:20:55.683,1.18064,1.18066,3.07,1.50
2017.12.15 13:20:56.219,1.18064,1.18067,2.70,1.50
2017.12.15 13:20:56.762,1.18064,1.18066,5.14,1.00
2017.12.15 13:20:57.316,1.18064,1.18067,3.64,1.69
2017.12.15 13:20:57.860,1.18064,1.18066,5.89,1.00
2017.12.15 13:20:58.580,1.18064,1.18067,4.20,3.30
2017.12.15 13:21:00.004,1.18064,1.18067,4.76,2.74
2017.12.15 13:21:00.543,1.18064,1.18067,4.20,4.05
2017.12.15 13:21:01.169,1.18063,1.18064,2.32,1.05
2017.12.15 13:21:01.223,1.18061,1.18064,4.57,3.97
2017.12.15 13:21:02.081,1.18062,1.18065,2.32,6.00
2017.12.15 13:21:02.339,1.18064,1.18066,3.00,1.95
2017.12.15 13:21:02.920,1.18064,1.18067,1.95,6.30
2017.12.15 13:21:03.455,1.18064,1.18067,1.20,4.05
2017.12.15 13:21:05.138,1.18064,1.18067,1.20,5.47
2017.12.15 13:21:05.604,1.18064,1.18067,1.45,4.12
2017.12.15 13:21:06.116,1.18064,1.18067,2.32,5.25
2017.12.15 13:21:08.444,1.18064,1.18067,1.57,1.87
2017.12.15 13:21:10.955,1.18065,1.18067,1.20,1.00
2017.12.15 13:21:11.472,1.18068,1.1807,1.10,2.06
2017.12.15 13:21:11.525,1.18071,1.18072,1.12,3.00
2017.12.15 13:21:11.577,1.18071,1.18073,1.50,1.12
2017.12.15 13:21:11.632,1.18073,1.18074,2.06,3.00
2017.12.15 13:21:11.835,1.18074,1.18077,4.57,3.19
2017.12.15 13:21:12.126,1.18076,1.18079,2.32,1.37
2017.12.15 13:21:12.677,1.18076,1.1808,1.57,17.36
2017.12.15 13:21:13.203,1.18076,1.18079,3.07,4.65
2017.12.15 13:21:13.936,1.18076,1.18078,2.25,1.00
2017.12.15 13:21:14.486,1.18075,1.18079,4.57,4.24
2017.12.15 13:21:15.604,1.18076,1.1808,6.08,7.31
2017.12.15 13:21:16.118,1.18077,1.18078,1.00,1.00
2017.12.15 13:21:16.566,1.18076,1.18079,1.20,3.67
2017.12.15 13:21:16.618,1.18075,1.18077,1.12,1.20
2017.12.15 13:21:17.151,1.18077,1.18078,1.00,1.20
2017.12.15 13:21:17.255,1.18078,1.1808,1.12,4.20
2017.12.15 13:21:17.899,1.18078,1.18081,1.50,2.70
2017.12.15 13:21:18.586,1.18079,1.18082,1.00,2.40
2017.12.15 13:21:18.742,1.18081,1.18083,1.00,6.45
2017.12.15 13:21:19.051,1.18083,1.18084,1.00,1.95
2017.12.15 13:21:19.156,1.18082,1.18086,3.19,3.82
2017.12.15 13:21:19.260,1.18084,1.18086,1.00,1.95
2017.12.15 13:21:19.768,1.18084,1.18087,2.62,1.95
2017.12.15 13:21:20.080,1.18086,1.18088,1.00,2.51
2017.12.15 13:21:20.133,1.18086,1.18089,1.12,3.79
2017.12.15 13:21:20.386,1.18085,1.18087,1.12,1.10
2017.12.15 13:21:22.166,1.18085,1.18086,1.00,2.25
2017.12.15 13:21:22.470,1.18081,1.18083,1.62,1.50
2017.12.15 13:21:23.525,1.18081,1.18083,1.12,3.75
2017.12.15 13:21:23.970,1.18082,1.18084,1.87,1.12
2017.12.15 13:21:24.023,1.18081,1.18084,1.95,1.12
2017.12.15 13:21:24.764,1.1808,1.18084,10.01,1.12
2017.12.15 13:21:25.384,1.18084,1.18086,1.00,1.10
2017.12.15 13:21:25.437,1.18083,1.18087,4.20,13.69
2017.12.15 13:21:25.747,1.18082,1.18084,1.57,2.25
2017.12.15 13:21:25.899,1.18081,1.18084,4.12,1.00
2017.12.15 13:21:26.007,1.18083,1.18085,1.00,2.62
2017.12.15 13:21:26.371,1.18081,1.18084,1.10,1.00
2017.12.15 13:21:26.887,1.18081,1.18085,6.26,1.12
2017.12.15 13:21:26.940,1.18084,1.18085,1.00,1.00
2017.12.15 13:21:26.993,1.18084,1.18087,1.87,2.32
2017.12.15 13:21:27.566,1.18086,1.18088,1.00,2.06
2017.12.15 13:21:27.980,1.18084,1.18087,2.70,2.70
2017.12.15 13:21:29.447,1.18085,1.18087,1.00,1.00
2017.12.15 13:21:29.706,1.18083,1.18085,2.25,1.00
2017.12.15 13:21:30.257,1.18081,1.18085,2.70,3.00
2017.12.15 13:21:30.771,1.18082,1.18085,1.07,2.62
2017.12.15 13:21:31.298,1.18083,1.18086,1.76,3.19
2017.12.15 13:21:31.402,1.18083,1.18087,1.70,8.51
2017.12.15 13:21:32.026,1.18083,1.18086,3.00,1.20
2017.12.15 13:21:32.542,1.18082,1.18085,3.75,1.87
2017.12.15 13:21:32.594,1.18081,1.18083,2.32,1.50
2017.12.15 13:21:33.193,1.1808,1.18082,1.87,1.00
2017.12.15 13:21:33.706,1.1808,1.18083,1.87,2.70
2017.12.15 13:21:34.271,1.1808,1.18082,2.25,1.10
2017.12.15 13:21:36.764,1.18082,1.18083,1.00,1.20
2017.12.15 13:21:37.281,1.18081,1.18083,1.12,1.20
2017.12.15 13:21:37.871,1.18082,1.18083,1.00,1.20
2017.12.15 13:21:38.601,1.18081,1.18084,1.12,5.06
2017.12.15 13:21:39.053,1.18082,1.18084,1.45,1.00
2017.12.15 13:21:39.365,1.18077,1.18078,6.07,1.00
2017.12.15 13:21:39.538,1.1807,1.18072,1.00,1.87
2017.12.15 13:21:39.800,1.18068,1.18072,1.31,2.89
2017.12.15 13:21:40.058,1.1807,1.18071,1.25,1.25
2017.12.15 13:21:40.575,1.18067,1.18072,5.25,4.01
2017.12.15 13:21:41.159,1.1807,1.18073,2.44,6.07
2017.12.15 13:21:41.684,1.18069,1.18072,2.44,2.70
2017.12.15 13:21:42.198,1.18069,1.18072,1.25,4.57
2017.12.15 13:21:43.691,1.18069,1.18072,1.31,4.95
2017.12.15 13:21:44.252,1.18069,1.18071,2.62,1.12
2017.12.15 13:21:45.093,1.1807,1.18073,2.25,5.17
2017.12.15 13:21:45.145,1.18071,1.18073,1.69,1.72
2017.12.15 13:21:45.659,1.18071,1.18074,1.31,4.01
2017.12.15 13:21:45.713,1.18072,1.18074,1.19,1.25
2017.12.15 13:21:46.856,1.18072,1.18074,1.00,1.00
2017.12.15 13:21:47.531,1.18072,1.18075,1.00,6.26
2017.12.15 13:21:48.690,1.18072,1.18074,1.00,1.00
2017.12.15 13:21:49.347,1.18072,1.18075,1.25,1.95
2017.12.15 13:21:49.927,1.18072,1.18075,2.62,1.12
2017.12.15 13:21:50.480,1.18073,1.18077,2.44,6.26
2017.12.15 13:21:50.999,1.18073,1.18077,1.69,5.32
2017.12.15 13:21:51.534,1.18073,1.18077,3.00,4.01
2017.12.15 13:21:52.039,1.18073,1.18076,4.12,1.00
2017.12.15 13:21:52.641,1.18073,1.18077,3.00,4.58
2017.12.15 13:21:54.128,1.18073,1.18076,8.51,1.00
2017.12.15 13:21:55.582,1.18074,1.18076,1.10,1.00
2017.12.15 13:21:58.154,1.18073,1.18077,3.19,2.32
2017.12.15 13:21:58.727,1.18074,1.18077,1.50,2.32
2017.12.15 13:21:59.646,1.18074,1.18077,1.00,1.87
2017.12.15 13:22:00.787,1.18072,1.18074,3.07,1.00
2017.12.15 13:22:01.337,1.18073,1.18075,2.25,1.00
2017.12.15 13:22:02.747,1.18071,1.18074,6.82,1.87
2017.12.15 13:22:02.955,1.18068,1.18071,1.20,1.50
2017.12.15 13:22:03.301,1.18063,1.18065,1.57,1.50
2017.12.15 13:22:03.814,1.18063,1.18066,1.50,2.62
2017.12.15 13:22:06.690,1.18063,1.18066,2.14,2.32
2017.12.15 13:22:07.298,1.18063,1.18066,1.01,4.57
2017.12.15 13:22:08.042,1.18063,1.18066,1.39,2.51
2017.12.15 13:22:08.583,1.18063,1.18066,2.14,3.64
2017.12.15 13:22:09.242,1.18064,1.18066,1.00,2.62
2017.12.15 13:22:09.438,1.18065,1.18067,2.62,1.12
2017.12.15 13:22:10.534,1.18065,1.18068,3.19,2.44
2017.12.15 13:22:11.047,1.18066,1.18067,2.25,1.00
2017.12.15 13:22:11.151,1.18066,1.18069,3.26,3.07
2017.12.15 13:22:12.284,1.18066,1.18069,3.56,1.69
2017.12.15 13:22:12.798,1.18067,1.1807,1.39,1.50
2017.12.15 13:22:13.777,1.18067,1.1807,3.26,1.12
2017.12.15 13:22:14.305,1.18067,1.1807,2.44,1.00
2017.12.15 13:22:18.564,1.18067,1.1807,2.62,1.00
2017.12.15 13:22:19.786,1.18069,1.1807,1.69,1.50
2017.12.15 13:22:20.331,1.18068,1.18071,1.50,2.25
2017.12.15 13:22:20.668,1.18069,1.18072,2.51,3.00
2017.12.15 13:22:20.879,1.18081,1.18084,1.00,1.12
2017.12.15 13:22:21.400,1.18082,1.18084,1.00,1.10
2017.12.15 13:22:22.004,1.18082,1.18085,5.62,1.50
2017.12.15 13:22:23.140,1.18082,1.18085,6.82,1.12
2017.12.15 13:22:24.264,1.18082,1.18085,4.95,1.00
2017.12.15 13:22:24.773,1.18083,1.18085,1.00,1.00
2017.12.15 13:22:24.877,1.18085,1.18087,1.25,4.01
2017.12.15 13:22:24.982,1.18085,1.18088,2.44,1.12
2017.12.15 13:22:25.494,1.18088,1.1809,1.50,6.07
2017.12.15 13:22:25.822,1.1809,1.18092,2.44,1.10
2017.12.15 13:22:26.354,1.18089,1.18092,1.37,2.32
2017.12.15 13:22:26.612,1.18087,1.18091,6.19,1.10
2017.12.15 13:22:27.128,1.18087,1.1809,2.62,1.20
2017.12.15 13:22:27.852,1.18087,1.18091,3.56,2.70
2017.12.15 13:22:28.417,1.18087,1.18091,4.12,7.20
2017.12.15 13:22:28.945,1.18087,1.18091,5.28,5.70
2017.12.15 13:22:28.997,1.18087,1.18091,5.06,6.45
2017.12.15 13:22:29.049,1.18088,1.18091,1.12,7.57
2017.12.15 13:22:29.255,1.18087,1.18091,3.86,2.32
2017.12.15 13:22:29.800,1.18087,1.18091,4.16,2.32
2017.12.15 13:22:31.208,1.18088,1.18091,1.37,1.57
2017.12.15 13:22:32.273,1.18086,1.18087,2.74,2.25
2017.12.15 13:22:33.442,1.18085,1.18087,1.00,2.70
2017.12.15 13:22:34.257,1.18084,1.18087,2.62,1.95
2017.12.15 13:22:34.617,1.18083,1.18085,4.87,2.25
2017.12.15 13:22:35.482,1.18084,1.18085,1.00,1.00
2017.12.15 13:22:36.017,1.18084,1.18086,1.12,2.32
2017.12.15 13:22:36.069,1.18083,1.18086,2.25,2.32
2017.12.15 13:22:36.431,1.18083,1.18086,3.94,1.57
2017.12.15 13:22:37.379,1.18085,1.18087,2.25,1.57
2017.12.15 13:22:37.639,1.18085,1.18088,1.87,3.07
2017.12.15 13:22:37.794,1.18085,1.18087,1.00,2.32
2017.12.15 13:22:38.929,1.18084,1.18087,3.37,1.27
2017.12.15 13:22:39.033,1.18083,1.18087,2.62,3.07
2017.12.15 13:22:39.547,1.18083,1.18087,2.62,8.40
2017.12.15 13:22:40.097,1.18083,1.18086,2.25,1.07
2017.12.15 13:22:41.191,1.18082,1.18083,1.87,5.44
2017.12.15 13:22:41.294,1.1808,1.18083,2.06,4.95
2017.12.15 13:22:41.398,1.1808,1.18082,2.06,1.20
2017.12.15 13:22:41.905,1.1808,1.18082,3.94,3.45
2017.12.15 13:22:43.132,1.1808,1.18083,1.76,7.50
2017.12.15 13:22:43.547,1.18084,1.18085,1.00,2.25
2017.12.15 13:22:43.651,1.18085,1.18087,1.10,2.47
2017.12.15 13:22:43.847,1.18082,1.18085,2.70,1.87
2017.12.15 13:22:44.361,1.18083,1.18084,1.12,4.50
2017.12.15 13:22:45.198,1.18083,1.18085,1.31,1.20
2017.12.15 13:22:46.180,1.18081,1.18084,5.17,2.25
2017.12.15 13:22:46.475,1.18081,1.18084,1.35,1.50
2017.12.15 13:22:46.988,1.18081,1.18085,2.66,6.00
2017.12.15 13:22:47.953,1.18081,1.18084,1.61,3.00
2017.12.15 13:22:48.783,1.18081,1.18085,1.12,6.07
2017.12.15 13:22:49.320,1.18081,1.18085,2.25,11.32
2017.12.15 13:22:50.254,1.1808,1.18083,10.20,1.00
2017.12.15 13:22:51.183,1.1808,1.18083,2.62,1.12
2017.12.15 13:22:51.723,1.18081,1.18083,1.00,2.62
2017.12.15 13:22:52.201,1.18079,1.18082,5.62,1.87
2017.12.15 13:22:52.305,1.18078,1.1808,2.25,3.37
2017.12.15 13:22:52.813,1.18077,1.1808,2.06,5.62
2017.12.15 13:22:53.363,1.18077,1.1808,1.25,5.25
2017.12.15 13:22:53.864,1.18076,1.18079,2.62,1.87
2017.12.15 13:22:54.378,1.18076,1.18079,2.14,1.00
2017.12.15 13:22:55.042,1.18076,1.18079,5.51,1.12
2017.12.15 13:22:55.198,1.18076,1.18077,1.10,1.00
2017.12.15 13:22:55.707,1.18076,1.18078,2.62,1.10
2017.12.15 13:22:56.793,1.18076,1.18079,1.25,3.00
2017.12.15 13:22:57.306,1.18076,1.18079,1.69,5.25
2017.12.15 13:22:59.644,1.18076,1.18079,3.94,6.45
2017.12.15 13:23:00.573,1.18076,1.18079,2.06,5.51
2017.12.15 13:23:01.078,1.18076,1.18079,5.25,2.62
2017.12.15 13:23:02.643,1.18076,1.18079,3.75,1.87
2017.12.15 13:23:03.277,1.18077,1.18079,1.12,4.87
2017.12.15 13:23:03.574,1.18072,1.18074,3.45,3.37
2017.12.15 13:23:03.684,1.18071,1.18074,3.00,4.20
2017.12.15 13:23:04.402,1.18071,1.18073,3.00,1.10
2017.12.15 13:23:04.747,1.18074,1.18077,1.12,6.82
2017.12.15 13:23:05.437,1.18073,1.18077,2.62,9.07
2017.12.15 13:23:05.953,1.18073,1.18076,3.75,1.57
2017.12.15 13:23:07.006,1.18073,1.18076,2.25,3.07
2017.12.15 13:23:07.535,1.18072,1.18074,1.87,1.00
2017.12.15 13:23:08.052,1.18072,1.18073,3.19,1.00
2017.12.15 13:23:09.383,1.18072,1.18074,1.00,2.92
2017.12.15 13:23:10.237,1.18072,1.18074,1.69,1.65
2017.12.15 13:23:10.852,1.1807,1.18072,1.50,1.10
2017.12.15 13:23:11.852,1.1807,1.18072,1.12,1.10
2017.12.15 13:23:12.495,1.1807,1.18073,1.12,5.44
2017.12.15 13:23:13.009,1.1807,1.18072,1.87,1.00
2017.12.15 13:23:13.559,1.18069,1.18071,1.12,1.95
2017.12.15 13:23:13.875,1.18068,1.18069,1.50,1.00
2017.12.15 13:23:14.386,1.18068,1.18071,2.25,5.02
2017.12.15 13:23:15.023,1.18067,1.1807,1.50,1.57
2017.12.15 13:23:15.213,1.18065,1.18067,1.50,3.07
2017.12.15 13:23:15.319,1.18063,1.18065,1.00,2.02
2017.12.15 13:23:16.303,1.18063,1.18066,2.25,14.62
2017.12.15 13:23:16.887,1.18063,1.18065,4.31,1.57
2017.12.15 13:23:17.409,1.18062,1.18065,6.41,1.10
2017.12.15 13:23:18.202,1.18064,1.18065,1.00,1.10
2017.12.15 13:23:18.722,1.18063,1.18065,4.12,1.10
2017.12.15 13:23:19.311,1.18063,1.18066,3.07,5.32
2017.12.15 13:23:19.363,1.18065,1.18067,3.37,2.62
2017.12.15 13:23:19.936,1.18065,1.18067,9.75,1.00
2017.12.15 13:23:20.486,1.18065,1.18068,1.50,1.57
2017.12.15 13:23:21.329,1.18065,1.18067,2.29,1.00
2017.12.15 13:23:21.486,1.18064,1.18067,1.50,9.30
2017.12.15 13:23:21.642,1.18062,1.18065,3.37,3.82
2017.12.15 13:23:22.424,1.18062,1.18065,1.50,1.95
2017.12.15 13:23:22.937,1.18061,1.18065,13.12,2.70
2017.12.15 13:23:23.473,1.18062,1.18065,2.62,1.20
2017.12.15 13:23:25.113,1.18063,1.18065,1.00,1.57
2017.12.15 13:23:28.026,1.18063,1.18065,1.50,1.07
2017.12.15 13:23:28.335,1.18065,1.18066,1.87,1.57
2017.12.15 13:23:28.851,1.18064,1.18067,3.00,1.57
2017.12.15 13:23:29.369,1.18064,1.18068,2.62,13.12
2017.12.15 13:23:29.680,1.18063,1.18066,2.25,1.95
2017.12.15 13:23:30.222,1.18063,1.18066,2.62,1.65
2017.12.15 13:23:30.901,1.18063,1.18066,1.00,2.70
2017.12.15 13:23:35.067,1.18062,1.18065,1.30,1.50
2017.12.15 13:23:35.738,1.18062,1.18064,1.10,5.47
2017.12.15 13:23:36.301,1.1806,1.18063,3.56,2.32
2017.12.15 13:23:36.822,1.1806,1.18063,2.81,4.46
2017.12.15 13:23:38.692,1.18061,1.18062,1.00,1.20
2017.12.15 13:23:39.203,1.18059,1.18062,3.07,1.20
2017.12.15 13:23:39.963,1.18059,1.18063,3.64,8.25
2017.12.15 13:23:40.475,1.18059,1.18062,1.50,2.25
2017.12.15 13:23:42.145,1.18059,1.18062,2.25,5.70
2017.12.15 13:23:42.775,1.1806,1.18062,3.75,5.32
2017.12.15 13:23:42.829,1.18062,1.18064,1.00,7.95
2017.12.15 13:23:43.141,1.18063,1.18066,6.00,4.50
2017.12.15 13:23:43.713,1.18064,1.18065,1.12,1.00
2017.12.15 13:23:43.952,1.18064,1.18067,1.12,5.25
2017.12.15 13:23:47.823,1.18064,1.18067,6.45,1.00
2017.12.15 13:23:48.343,1.18064,1.18067,3.00,1.00
2017.12.15 13:23:49.080,1.18065,1.18067,1.00,3.75
2017.12.15 13:23:49.660,1.18064,1.18067,3.00,1.00
2017.12.15 13:23:50.232,1.18064,1.18067,4.50,2.25
2017.12.15 13:23:51.902,1.18064,1.18067,3.00,1.00
2017.12.15 13:23:53.099,1.18064,1.18067,1.20,1.50
2017.12.15 13:23:53.949,1.18065,1.18067,1.20,1.50
2017.12.15 13:23:54.434,1.18064,1.18068,2.51,7.01
2017.12.15 13:23:54.962,1.18064,1.18067,2.32,1.00
2017.12.15 13:23:55.481,1.18064,1.18067,3.45,1.87
2017.12.15 13:23:56.335,1.18065,1.18067,1.57,1.12
2017.12.15 13:23:56.883,1.18065,1.18067,1.00,1.10
2017.12.15 13:23:59.150,1.18064,1.18068,2.32,4.95
2017.12.15 13:23:59.662,1.18065,1.18068,1.95,5.44
2017.12.15 13:24:00.208,1.18066,1.18068,1.00,4.09
2017.12.15 13:24:00.739,1.18065,1.18068,1.20,4.57
2017.12.15 13:24:01.602,1.18065,1.18068,2.70,11.06
2017.12.15 13:24:02.112,1.18065,1.18067,1.20,1.12
2017.12.15 13:24:02.774,1.18065,1.18067,2.32,1.12
2017.12.15 13:24:03.540,1.18065,1.18067,1.20,1.87
2017.12.15 13:24:06.182,1.18066,1.18067,2.32,3.00
2017.12.15 13:24:06.846,1.18066,1.18068,1.10,5.25
2017.12.15 13:24:07.396,1.18066,1.18069,1.45,10.27
2017.12.15 13:24:08.059,1.18065,1.18069,3.07,7.27
2017.12.15 13:24:09.733,1.18066,1.18069,1.95,12.00
2017.12.15 13:24:11.034,1.18066,1.18069,2.70,1.87
2017.12.15 13:24:11.554,1.18066,1.18069,4.57,1.12
2017.12.15 13:24:14.562,1.18066,1.18069,1.57,1.87
2017.12.15 13:24:15.251,1.18066,1.18069,3.82,2.06
2017.12.15 13:24:17.567,1.18068,1.18069,1.00,2.06
2017.12.15 13:24:18.088,1.18066,1.18069,7.01,2.06
2017.12.15 13:24:19.633,1.18067,1.18069,2.89,2.06
2017.12.15 13:24:20.436,1.18069,1.1807,1.00,3.37
2017.12.15 13:24:20.489,1.18067,1.1807,1.20,4.87
2017.12.15 13:24:20.903,1.18067,1.18068,2.70,1.00
2017.12.15 13:24:21.477,1.18066,1.18069,4.20,3.00
2017.12.15 13:24:21.993,1.18066,1.18069,3.07,3.00
2017.12.15 13:24:22.695,1.18066,1.18068,1.20,1.50
2017.12.15 13:24:23.317,1.18065,1.18067,2.32,1.50
2017.12.15 13:24:25.861,1.18064,1.18068,5.32,7.87
2017.12.15 13:24:27.530,1.18065,1.18068,1.20,5.06
2017.12.15 13:24:28.161,1.18065,1.18068,4.01,4.12
2017.12.15 13:24:28.672,1.18065,1.18067,1.57,1.00
2017.12.15 13:24:29.571,1.18065,1.18068,1.57,6.45
2017.12.15 13:24:30.037,1.18065,1.18066,1.57,3.00
2017.12.15 13:24:30.557,1.18065,1.18067,1.01,3.37
2017.12.15 13:24:31.076,1.18066,1.18068,1.01,2.06
2017.12.15 13:24:31.593,1.18066,1.18068,4.01,1.00
2017.12.15 13:24:32.277,1.18066,1.18069,3.64,4.72
2017.12.15 13:24:32.865,1.18066,1.18069,5.32,6.52
2017.12.15 13:24:35.183,1.18067,1.18069,1.01,3.56
2017.12.15 13:24:36.005,1.18068,1.1807,1.20,3.00
2017.12.15 13:24:36.543,1.18068,1.18069,1.20,1.35
2017.12.15 13:24:37.053,1.18067,1.1807,1.87,4.72
2017.12.15 13:24:40.247,1.1807,1.18071,3.37,3.64
2017.12.15 13:24:40.301,1.18072,1.18074,1.87,1.00
2017.12.15 13:24:40.825,1.18072,1.18075,2.89,2.44
2017.12.15 13:24:41.444,1.18072,1.18075,3.64,1.87
2017.12.15 13:24:46.074,1.18074,1.18076,2.12,2.40
2017.12.15 13:24:46.127,1.18075,1.18077,1.50,2.32
2017.12.15 13:24:46.677,1.18073,1.18077,4.01,3.22
2017.12.15 13:24:47.277,1.18073,1.18076,3.82,2.10
2017.12.15 13:24:49.084,1.18073,1.18075,2.32,2.25
2017.12.15 13:24:49.592,1.18073,1.18076,2.32,6.67
2017.12.15 13:24:50.114,1.18073,1.18075,2.62,1.00
2017.12.15 13:24:50.726,1.18072,1.18075,3.00,3.15
2017.12.15 13:24:51.240,1.18072,1.18076,1.35,8.17
2017.12.15 13:24:51.843,1.18072,1.18076,2.25,1.80
2017.12.15 13:24:52.344,1.18072,1.18076,1.50,6.67
2017.12.15 13:24:54.539,1.18073,1.18074,1.12,1.57
2017.12.15 13:24:55.083,1.18072,1.18075,5.06,2.32
2017.12.15 13:24:57.393,1.18071,1.18072,1.87,1.12
2017.12.15 13:24:58.438,1.18072,1.18074,2.62,3.97
2017.12.15 13:24:58.943,1.18072,1.18075,4.57,2.32
2017.12.15 13:25:00.156,1.18073,1.18076,1.50,3.75
2017.12.15 13:25:04.788,1.18073,1.18076,1.00,2.77
2017.12.15 13:25:05.774,1.18073,1.18075,1.00,1.00
2017.12.15 13:25:09.522,1.18074,1.18077,1.69,5.59
2017.12.15 13:25:10.043,1.18073,1.18077,5.74,3.82
2017.12.15 13:25:10.555,1.18074,1.18077,5.81,2.62
2017.12.15 13:25:11.061,1.18073,1.18077,4.01,8.36
2017.12.15 13:25:11.975,1.18072,1.18075,1.75,1.72
2017.12.15 13:25:12.080,1.18071,1.18075,4.76,7.80
2017.12.15 13:25:12.607,1.18072,1.18075,1.12,4.80
2017.12.15 13:25:13.148,1.18071,1.18072,1.00,1.00
2017.12.15 13:25:13.659,1.18072,1.18073,1.87,1.00
2017.12.15 13:25:14.186,1.18072,1.18074,1.12,3.07
2017.12.15 13:25:14.873,1.18072,1.18073,1.12,2.25
2017.12.15 13:25:15.661,1.18072,1.18074,1.12,3.37
2017.12.15 13:25:17.393,1.18071,1.18073,4.12,2.25
2017.12.15 13:25:19.674,1.18071,1.18074,5.44,2.47
2017.12.15 13:25:21.471,1.18071,1.18072,1.00,1.12
2017.12.15 13:25:21.523,1.18069,1.18072,1.95,2.25
2017.12.15 13:25:21.629,1.18072,1.18073,1.00,1.10
2017.12.15 13:25:21.733,1.18068,1.18072,2.70,2.92
2017.12.15 13:25:22.118,1.18068,1.18069,1.69,1.57
2017.12.15 13:25:22.632,1.18068,1.1807,1.69,4.95
2017.12.15 13:25:23.142,1.18068,1.18069,1.00,1.57
2017.12.15 13:25:23.676,1.18068,1.18069,1.00,1.95
2017.12.15 13:25:24.302,1.18067,1.18069,1.69,1.20
2017.12.15 13:25:24.897,1.18068,1.18069,1.00,1.57
2017.12.15 13:25:27.617,1.18067,1.18069,2.25,2.32
2017.12.15 13:25:28.134,1.18067,1.1807,1.50,2.40
2017.12.15 13:25:28.665,1.18067,1.1807,1.69,1.95
2017.12.15 13:25:29.177,1.18068,1.18071,1.87,10.57
2017.12.15 13:25:29.683,1.18069,1.1807,1.00,1.50
2017.12.15 13:25:30.007,1.18065,1.18067,3.19,2.25
2017.12.15 13:25:30.110,1.18065,1.18066,2.14,1.57
2017.12.15 13:25:30.214,1.18063,1.18066,7.50,3.07
2017.12.15 13:25:30.319,1.18063,1.18065,2.62,1.57
2017.12.15 13:25:30.477,1.18061,1.18064,1.87,9.82
2017.12.15 13:25:30.882,1.18063,1.18064,1.00,3.45
2017.12.15 13:25:31.726,1.18061,1.18064,6.04,1.57
2017.12.15 13:25:32.248,1.18061,1.18064,2.47,3.64
2017.12.15 13:25:32.661,1.1806,1.18061,4.50,1.10
2017.12.15 13:25:33.014,1.18059,1.18061,4.31,1.57
2017.12.15 13:25:33.526,1.18059,1.18061,3.56,1.57
2017.12.15 13:25:34.160,1.18059,1.18061,3.37,1.10
2017.12.15 13:25:34.707,1.1806,1.18061,1.25,1.10
2017.12.15 13:25:35.140,1.18058,1.18062,5.85,7.57
2017.12.15 13:25:35.194,1.18057,1.18059,1.12,4.05
2017.12.15 13:25:38.174,1.18057,1.18059,1.00,1.27
2017.12.15 13:25:39.099,1.18056,1.18058,2.44,1.20
2017.12.15 13:25:39.758,1.18057,1.18058,1.00,1.95
2017.12.15 13:25:39.912,1.18055,1.18057,3.19,1.20
2017.12.15 13:25:40.016,1.18054,1.18056,4.50,1.80
2017.12.15 13:25:40.173,1.18052,1.18055,3.37,3.45
2017.12.15 13:25:40.327,1.18053,1.18054,1.00,1.20
2017.12.15 13:25:40.670,1.18053,1.18055,1.25,3.45
2017.12.15 13:25:41.188,1.18053,1.18055,1.69,3.82
2017.12.15 13:25:41.725,1.18053,1.18055,2.06,4.95
2017.12.15 13:25:42.313,1.18053,1.18055,2.06,4.57
2017.12.15 13:25:43.142,1.18052,1.18055,2.06,2.32
2017.12.15 13:25:43.753,1.18053,1.18055,1.50,3.07
2017.12.15 13:25:44.293,1.18053,1.18055,1.00,1.87
2017.12.15 13:25:44.608,1.18052,1.18055,7.01,1.87
2017.12.15 13:25:44.707,1.18053,1.18055,1.00,1.87
2017.12.15 13:25:44.759,1.18052,1.18055,7.01,1.87
2017.12.15 13:25:44.964,1.18053,1.18055,1.00,3.82
2017.12.15 13:25:46.061,1.18053,1.18055,1.87,2.32
2017.12.15 13:25:46.604,1.18054,1.18055,1.20,1.12
2017.12.15 13:25:48.603,1.18054,1.18056,1.00,4.57
2017.12.15 13:25:48.759,1.18053,1.18055,3.19,1.12
2017.12.15 13:25:49.370,1.18054,1.18056,1.00,4.20
2017.12.15 13:25:49.684,1.18053,1.18056,5.06,3.82
2017.12.15 13:25:50.216,1.18054,1.18056,1.50,6.82
2017.12.15 13:25:51.023,1.18053,1.18055,2.62,1.95
2017.12.15 13:25:51.595,1.18053,1.18055,2.25,1.95
2017.12.15 13:25:52.130,1.18054,1.18055,1.50,1.95
2017.12.15 13:25:52.651,1.18055,1.18057,2.62,1.10
2017.12.15 13:25:53.158,1.18055,1.18057,2.06,1.20
2017.12.15 13:25:54.374,1.18056,1.18058,1.50,2.70
2017.12.15 13:25:54.942,1.18055,1.18058,2.81,2.70
2017.12.15 13:25:55.464,1.18056,1.18057,1.00,1.00
2017.12.15 13:25:55.984,1.18055,1.18058,2.06,2.70
2017.12.15 13:25:56.037,1.18055,1.18057,2.06,1.20
2017.12.15 13:25:58.036,1.18055,1.18058,2.81,2.70
2017.12.15 13:25:58.586,1.18056,1.18057,1.00,1.00
2017.12.15 13:25:59.154,1.18055,1.18058,5.06,1.95
2017.12.15 13:25:59.501,1.18056,1.18058,1.25,1.95
2017.12.15 13:26:00.014,1.18056,1.18058,2.25,1.95
2017.12.15 13:26:02.523,1.18055,1.18059,9.19,2.40
2017.12.15 13:26:03.427,1.18056,1.18058,1.12,1.95
2017.12.15 13:26:06.733,1.18056,1.18058,1.12,1.20
2017.12.15 13:26:09.809,1.18055,1.18056,1.87,1.20
2017.12.15 13:26:09.863,1.18054,1.18055,1.00,1.00
2017.12.15 13:26:10.385,1.18053,1.18055,2.06,2.32
2017.12.15 13:26:10.436,1.18053,1.18054,2.06,1.95
2017.12.15 13:26:10.946,1.18052,1.18054,2.62,1.20
2017.12.15 13:26:11.492,1.18052,1.18054,1.50,1.20
2017.12.15 13:26:15.847,1.18052,1.18054,1.12,2.32
2017.12.15 13:26:16.351,1.18052,1.18054,3.56,1.20
2017.12.15 13:26:16.906,1.18052,1.18054,1.31,2.32
2017.12.15 13:26:17.493,1.18052,1.18054,1.12,2.32
2017.12.15 13:26:17.934,1.18052,1.18053,3.37,1.20
2017.12.15 13:26:19.111,1.18052,1.18054,1.87,3.07
2017.12.15 13:26:21.627,1.18052,1.18054,1.00,3.07
2017.12.15 13:26:22.177,1.18052,1.18053,1.50,1.20
2017.12.15 13:26:27.489,1.1805,1.18052,1.50,1.20
2017.12.15 13:26:28.469,1.1805,1.18052,3.19,1.20
2017.12.15 13:26:29.024,1.18051,1.18052,1.00,1.20
2017.12.15 13:26:30.192,1.18051,1.18053,2.44,1.87
2017.12.15 13:26:32.710,1.18051,1.18053,3.56,1.12
2017.12.15 13:26:33.340,1.18051,1.18053,1.12,1.12
2017.12.15 13:26:33.883,1.18051,1.18053,2.06,1.12
2017.12.15 13:26:34.388,1.18051,1.18053,3.19,1.12
2017.12.15 13:26:34.905,1.18051,1.18053,3.19,1.12
2017.12.15 13:26:35.654,1.18051,1.18053,1.12,1.12
2017.12.15 13:26:36.205,1.1805,1.18052,4.31,1.12
2017.12.15 13:26:36.958,1.1805,1.18052,2.62,1.12
2017.12.15 13:26:38.402,1.1805,1.18052,1.00,1.95
2017.12.15 13:26:39.024,1.18049,1.18052,2.25,4.57
2017.12.15 13:26:39.928,1.1805,1.18052,1.00,3.82
2017.12.15 13:26:40.513,1.18049,1.18052,2.25,4.57
