2009.11.02 23:00:02.935,1.47715,1.47719,1.30,1.50
2009.11.02 23:00:09.445,1.4772,1.4773,1.90,1.70
2009.11.02 23:00:28.623,1.47719,1.47729,2.30,1.50
2009.11.02 23:00:31.087,1.47706,1.47717,5.10,2.30
2009.11.02 23:00:40.259,1.47699,1.47709,5.90,4.40
2009.11.02 23:00:43.379,1.47705,1.47715,1.90,1.50
2009.11.02 23:00:53.791,1.4771,1.47718,1.90,3.40
2009.11.02 23:01:00.838,1.47703,1.47713,3.60,1.50
2009.11.02 23:01:10.105,1.47691,1.47697,1.70,1.20
2009.11.02 23:01:19.870,1.47689,1.47697,12.60,3.80
2009.11.02 23:01:20.698,1.477,1.47712,1.50,1.50
2009.11.02 23:01:22.814,1.47712,1.4772,1.50,6.80
2009.11.02 23:01:23.000,1.47708,1.47724,1.50,1.90
2009.11.02 23:01:28.168,1.47707,1.47719,3.60,1.50
2009.11.02 23:02:01.613,1.47694,1.47706,1.20,11.10
2009.11.02 23:02:03.806,1.47705,1.47717,1.70,3.00
2009.11.02 23:02:08.132,1.47708,1.47712,3.00,3.60
2009.11.02 23:02:13.315,1.4769,1.477,1.50,1.20
2009.11.02 23:02:19.923,1.4768,1.47687,1.50,1.20
2009.11.02 23:02:23.791,1.47681,1.47689,2.90,3.00
2009.11.02 23:02:24.416,1.47683,1.47697,1.50,2.50
2009.11.02 23:02:31.896,1.47695,1.47701,1.50,4.50
2009.11.02 23:02:38.343,1.47699,1.47709,1.90,1.50
2009.11.02 23:02:55.168,1.47702,1.47712,3.60,4.70
2009.11.02 23:03:02.341,1.47713,1.47717,2.70,1.90
2009.11.02 23:03:10.505,1.47714,1.47726,3.10,2.70
2009.11.02 23:03:16.076,1.4771,1.4772,2.80,3.40
2009.11.02 23:03:19.577,1.47696,1.47706,1.50,2.50
2009.11.02 23:03:20.226,1.47688,1.477,2.10,3.00
2009.11.02 23:03:24.388,1.47691,1.47701,2.30,1.70
2009.11.02 23:03:39.362,1.47699,1.47705,1.50,4.40
2009.11.02 23:03:44.698,1.47708,1.47712,2.10,1.50
2009.11.02 23:03:52.868,1.47712,1.47717,1.50,11.70
2009.11.02 23:03:53.148,1.4771,1.47724,2.50,2.30
2009.11.02 23:04:01.252,1.47713,1.47721,1.50,3.20
2009.11.02 23:04:08.082,1.47719,1.47729,1.50,1.70
2009.11.02 23:04:16.488,1.47718,1.47726,2.30,1.50
2009.11.02 23:04:18.029,1.47701,1.47711,3.40,9.50
2009.11.02 23:04:30.183,1.47697,1.47705,11.30,1.50
2009.11.02 23:04:40.276,1.47709,1.47713,2.30,1.40
2009.11.02 23:04:45.411,1.47715,1.47725,4.50,2.50
2009.11.02 23:05:07.251,1.47715,1.47721,1.70,2.50
2009.11.02 23:05:09.690,1.47701,1.47708,2.30,1.40
2009.11.02 23:05:12.797,1.47698,1.47706,3.80,7.40
2009.11.02 23:05:15.523,1.47712,1.47719,1.90,1.70
2009.11.02 23:05:17.226,1.47723,1.47727,1.50,1.20
2009.11.02 23:05:22.846,1.47715,1.47731,1.50,2.50
2009.11.02 23:05:23.744,1.47709,1.47723,4.40,3.10
2009.11.02 23:05:40.411,1.47704,1.47712,2.70,1.50
2009.11.02 23:05:49.833,1.477,1.4771,2.70,1.70
2009.11.02 23:06:06.994,1.47709,1.47717,1.50,1.10
2009.11.02 23:06:07.248,1.47702,1.47709,3.80,3.60
2009.11.02 23:06:08.180,1.47701,1.47715,2.80,2.80
2009.11.02 23:06:20.411,1.47721,1.47729,3.00,2.50
2009.11.02 23:06:24.399,1.47733,1.47739,1.70,4.20
2009.11.02 23:06:26.431,1.47734,1.4774,4.50,26.00
2009.11.02 23:06:26.656,1.47725,1.47737,3.80,2.50
2009.11.02 23:06:34.349,1.47721,1.4773,3.60,1.70
2009.11.02 23:06:48.872,1.47718,1.47728,2.30,1.50
2009.11.02 23:07:04.457,1.47722,1.47728,1.50,1.50
2009.11.02 23:07:08.714,1.47713,1.47725,1.50,1.20
2009.11.02 23:07:09.795,1.47718,1.47726,1.50,4.20
2009.11.02 23:07:11.812,1.47732,1.47736,4.50,7.00
2009.11.02 23:07:26.613,1.47738,1.47746,1.70,1.50
2009.11.02 23:07:31.675,1.4774,1.47745,1.50,1.20
2009.11.02 23:07:43.827,1.47737,1.47745,1.70,12.60
2009.11.02 23:08:03.643,1.47712,1.47724,1.50,2.10
2009.11.02 23:08:04.983,1.4771,1.47722,1.30,1.70
2009.11.02 23:08:10.830,1.47719,1.47731,1.50,2.50
2009.11.02 23:08:14.684,1.47739,1.47749,2.30,1.90
2009.11.02 23:08:26.881,1.47753,1.47763,2.30,1.50
2009.11.02 23:08:32.351,1.47756,1.47766,1.50,2.50
2009.11.02 23:08:34.705,1.47757,1.47766,1.70,4.20
2009.11.02 23:08:54.243,1.47757,1.47763,2.30,1.90
2009.11.02 23:09:12.016,1.47767,1.47777,2.30,1.40
2009.11.02 23:09:23.071,1.47767,1.4778,1.50,2.10
2009.11.02 23:09:25.464,1.47763,1.47767,2.30,3.20
2009.11.02 23:09:30.525,1.47743,1.47751,2.30,1.50
2009.11.02 23:09:35.807,1.47733,1.47745,4.20,1.50
2009.11.02 23:09:45.443,1.4774,1.4775,3.60,7.90
2009.11.02 23:09:48.975,1.47748,1.47756,2.30,5.70
2009.11.02 23:10:15.583,1.47733,1.47743,1.50,1.50
2009.11.02 23:10:19.019,1.47734,1.4774,2.30,2.50
2009.11.02 23:10:20.611,1.47738,1.47746,6.00,3.20
2009.11.02 23:10:24.218,1.4775,1.47766,1.20,4.70
2009.11.02 23:10:26.470,1.47762,1.47774,4.00,2.50
2009.11.02 23:10:29.760,1.47765,1.47775,2.30,1.40
2009.11.02 23:10:47.533,1.47763,1.47773,1.90,1.50
2009.11.02 23:10:48.157,1.47763,1.47771,3.20,1.90
2009.11.02 23:10:49.774,1.47764,1.47773,1.50,3.50
2009.11.02 23:10:55.577,1.47767,1.47773,1.50,5.30
2009.11.02 23:11:02.437,1.47738,1.47748,1.50,6.60
2009.11.02 23:11:05.530,1.4773,1.47739,1.80,1.50
2009.11.02 23:11:09.735,1.47731,1.47741,2.10,1.70
2009.11.02 23:11:13.741,1.47746,1.47753,3.40,2.30
2009.11.02 23:11:16.975,1.47755,1.47762,1.90,1.10
2009.11.02 23:11:25.696,1.47755,1.47763,1.50,2.10
2009.11.02 23:11:45.912,1.47752,1.47762,8.30,1.50
2009.11.02 23:11:51.864,1.47748,1.47758,1.50,3.00
2009.11.02 23:11:55.927,1.47746,1.47758,1.70,4.20
2009.11.02 23:11:56.270,1.47748,1.47756,5.10,1.50
2009.11.02 23:11:58.110,1.47746,1.47754,1.50,3.20
2009.11.02 23:12:01.268,1.47735,1.47745,1.50,1.50
2009.11.02 23:12:01.320,1.47749,1.47753,1.70,1.50
2009.11.02 23:12:02.394,1.47749,1.47757,4.20,1.50
2009.11.02 23:12:24.680,1.47735,1.47746,2.90,3.30
2009.11.02 23:12:30.037,1.4773,1.4774,3.00,1.70
2009.11.02 23:12:30.144,1.47735,1.47743,1.50,4.50
2009.11.02 23:12:34.048,1.47737,1.47751,4.20,3.40
2009.11.02 23:13:07.128,1.47752,1.47758,1.90,1.50
2009.11.02 23:13:08.989,1.47756,1.47764,1.50,2.70
2009.11.02 23:13:12.248,1.47753,1.47761,2.50,1.50
2009.11.02 23:13:23.172,1.47741,1.47751,2.30,2.90
2009.11.02 23:13:25.051,1.47734,1.47744,2.10,1.10
2009.11.02 23:13:37.809,1.47734,1.47744,1.50,1.70
2009.11.02 23:13:38.836,1.47735,1.47747,3.00,2.90
2009.11.02 23:13:39.460,1.47734,1.4775,1.50,1.70
2009.11.02 23:13:40.431,1.4774,1.47748,2.30,1.50
2009.11.02 23:13:40.490,1.4774,1.47751,1.90,1.50
2009.11.02 23:13:48.913,1.47744,1.47752,1.50,1.50
2009.11.02 23:14:02.260,1.47759,1.47767,1.70,2.50
2009.11.02 23:14:09.367,1.47768,1.47785,1.50,2.50
2009.11.02 23:14:16.490,1.47768,1.47784,1.90,1.50
2009.11.02 23:14:24.482,1.47755,1.47761,1.90,1.20
2009.11.02 23:14:26.805,1.47741,1.47753,1.50,2.50
2009.11.02 23:14:30.098,1.47744,1.47754,2.30,1.70
2009.11.02 23:14:39.831,1.47754,1.4776,5.10,1.50
2009.11.02 23:14:40.345,1.4776,1.47772,2.50,1.50
2009.11.02 23:14:49.519,1.47767,1.47777,1.50,1.90
2009.11.02 23:14:54.641,1.4777,1.4778,1.20,2.70
2009.11.02 23:15:00.722,1.47763,1.47773,3.80,1.20
2009.11.02 23:15:06.717,1.4775,1.47759,1.80,1.50
2009.11.02 23:15:09.425,1.47747,1.47755,3.80,1.70
2009.11.02 23:15:12.399,1.47763,1.47769,4.40,1.50
2009.11.02 23:15:12.774,1.4777,1.47782,2.70,1.50
2009.11.02 23:15:32.480,1.4777,1.47778,1.50,1.50
2009.11.02 23:15:39.107,1.47762,1.47774,1.50,2.50
2009.11.02 23:15:42.861,1.47753,1.47767,1.50,1.70
2009.11.02 23:15:45.496,1.47751,1.47755,3.60,1.50
2009.11.02 23:15:47.318,1.47742,1.4775,2.30,1.70
2009.11.02 23:15:53.501,1.4774,1.47748,3.40,1.50
2009.11.02 23:16:05.520,1.47742,1.47758,2.30,2.30
2009.11.02 23:16:09.293,1.47735,1.47743,1.50,4.50
2009.11.02 23:16:13.196,1.47736,1.47744,1.50,1.40
2009.11.02 23:16:22.491,1.47751,1.47761,1.70,3.00
2009.11.02 23:16:30.189,1.47762,1.47772,3.20,1.50
2009.11.02 23:16:31.967,1.47762,1.47774,3.80,4.00
2009.11.02 23:16:33.651,1.47762,1.47768,1.50,10.00
2009.11.02 23:16:40.880,1.47759,1.47769,2.10,3.00
2009.11.02 23:16:48.098,1.47758,1.4777,2.30,1.50
2009.11.02 23:16:48.904,1.47758,1.47773,3.40,1.40
2009.11.02 23:16:51.635,1.47764,1.47772,1.30,1.50
2009.11.02 23:17:02.708,1.47752,1.47764,2.50,2.30
2009.11.02 23:17:17.109,1.4775,1.47761,1.90,1.50
2009.11.02 23:17:19.803,1.47752,1.47764,1.50,1.50
2009.11.02 23:17:24.468,1.4776,1.47772,4.50,1.50
2009.11.02 23:17:33.004,1.47767,1.47777,5.90,1.90
2009.11.02 23:17:34.302,1.47769,1.47771,1.70,1.20
2009.11.02 23:17:34.542,1.47763,1.47773,2.30,4.70
2009.11.02 23:17:35.430,1.47762,1.47773,1.50,1.70
2009.11.02 23:17:36.721,1.47762,1.47772,3.80,1.50
2009.11.02 23:17:45.197,1.47763,1.47773,1.70,1.90
2009.11.02 23:17:57.874,1.47763,1.47775,2.50,1.70
2009.11.02 23:18:07.934,1.47746,1.4775,3.00,2.30
2009.11.02 23:18:11.366,1.4774,1.47752,1.50,1.50
2009.11.02 23:18:17.376,1.47753,1.47757,1.50,2.10
2009.11.02 23:18:20.540,1.47772,1.47776,1.90,4.40
2009.11.02 23:18:20.722,1.47781,1.47791,2.30,1.80
2009.11.02 23:18:25.657,1.4778,1.4779,1.50,1.70
2009.11.02 23:18:45.496,1.47775,1.47784,1.50,3.00
2009.11.02 23:18:54.796,1.47771,1.47779,4.50,2.50
2009.11.02 23:19:09.400,1.47756,1.47764,1.50,8.90
2009.11.02 23:19:14.527,1.47743,1.47755,5.10,1.50
2009.11.02 23:19:26.242,1.47745,1.47755,1.20,11.10
2009.11.02 23:19:29.436,1.4776,1.4777,2.50,6.40
2009.11.02 23:19:35.672,1.47773,1.47779,3.40,2.50
2009.11.02 23:19:36.792,1.47768,1.47778,2.10,1.50
2009.11.02 23:19:43.311,1.47763,1.47771,3.00,1.20
2009.11.02 23:19:50.959,1.47762,1.47766,3.20,4.50
2009.11.02 23:20:02.983,1.47742,1.47752,3.20,1.90
2009.11.02 23:20:04.911,1.47753,1.47757,1.40,1.50
2009.11.02 23:20:07.062,1.47748,1.4776,1.90,1.70
2009.11.02 23:20:17.255,1.47737,1.47745,1.50,1.50
2009.11.02 23:20:25.112,1.47728,1.47732,1.50,1.50
2009.11.02 23:20:33.513,1.47724,1.47734,2.30,1.10
2009.11.02 23:20:35.552,1.47724,1.47736,2.30,1.90
2009.11.02 23:20:38.057,1.47728,1.47734,6.40,1.50
2009.11.02 23:20:45.744,1.47726,1.47736,2.80,2.30
2009.11.02 23:20:54.162,1.47723,1.47737,5.10,2.30
2009.11.02 23:21:04.443,1.47738,1.47748,1.70,1.50
2009.11.02 23:21:09.758,1.47732,1.4774,3.80,1.50
2009.11.02 23:21:10.795,1.47738,1.47744,1.50,1.90
2009.11.02 23:21:16.381,1.47753,1.47767,1.70,16.20
2009.11.02 23:21:26.195,1.47769,1.47783,2.30,1.70
2009.11.02 23:21:26.741,1.47778,1.47782,1.70,1.50
2009.11.02 23:21:55.928,1.47779,1.47783,5.30,1.50
2009.11.02 23:22:10.754,1.47767,1.47777,1.50,4.70
2009.11.02 23:22:12.932,1.4777,1.47776,1.20,1.50
2009.11.02 23:22:19.258,1.47763,1.47773,4.20,4.90
2009.11.02 23:22:22.365,1.47749,1.47756,3.20,1.20
2009.11.02 23:22:27.507,1.47737,1.47745,4.20,1.50
2009.11.02 23:22:27.633,1.47735,1.47745,2.30,1.50
2009.11.02 23:22:29.481,1.4774,1.47748,2.30,1.40
2009.11.02 23:22:34.319,1.47745,1.47751,3.00,1.50
2009.11.02 23:22:53.152,1.47751,1.47759,2.50,2.50
2009.11.02 23:22:54.290,1.47758,1.47767,1.40,1.50
2009.11.02 23:22:54.899,1.47759,1.47771,1.50,3.60
2009.11.02 23:23:10.879,1.4776,1.4777,1.50,8.90
2009.11.02 23:23:21.207,1.47764,1.47773,2.30,2.50
2009.11.02 23:23:23.984,1.47761,1.47769,1.10,1.50
2009.11.02 23:23:25.778,1.47746,1.47756,1.30,1.70
2009.11.02 23:23:34.632,1.47734,1.47746,3.40,1.50
2009.11.02 23:23:42.869,1.47736,1.47742,3.00,5.10
2009.11.02 23:23:44.773,1.47735,1.47745,21.60,4.50
2009.11.02 23:23:53.907,1.47742,1.4775,1.50,4.50
2009.11.02 23:23:57.805,1.47746,1.47756,1.50,5.10
2009.11.02 23:23:59.063,1.4775,1.4776,1.50,2.30
2009.11.02 23:23:59.865,1.47753,1.47761,1.50,4.40
2009.11.02 23:24:06.646,1.47732,1.47738,1.50,3.80
2009.11.02 23:24:13.509,1.47727,1.47736,12.20,4.50
2009.11.02 23:24:24.110,1.47729,1.47741,1.50,4.00
2009.11.02 23:24:33.145,1.47744,1.47754,2.30,2.70
2009.11.02 23:24:33.482,1.47755,1.47761,6.40,1.50
2009.11.02 23:24:36.877,1.47752,1.4776,5.30,1.50
2009.11.02 23:24:37.440,1.47745,1.47758,1.90,2.70
2009.11.02 23:24:51.354,1.47741,1.47754,2.50,1.50
2009.11.02 23:24:54.224,1.47738,1.47748,1.50,4.00
2009.11.02 23:24:56.913,1.47736,1.47748,3.80,3.60
2009.11.02 23:25:05.689,1.47727,1.47739,1.90,1.50
2009.11.02 23:25:13.580,1.4772,1.4773,2.90,2.70
2009.11.02 23:25:23.581,1.47719,1.47731,3.40,2.30
2009.11.02 23:25:25.951,1.47735,1.47744,1.50,1.50
2009.11.02 23:25:27.825,1.47744,1.47754,4.50,1.50
2009.11.02 23:25:29.325,1.47749,1.47756,1.70,1.20
2009.11.02 23:25:37.953,1.47747,1.47755,1.50,2.70
2009.11.02 23:26:01.140,1.47746,1.47758,2.50,1.70
2009.11.02 23:26:04.051,1.47749,1.47757,3.00,2.30
2009.11.02 23:26:04.130,1.4774,1.47746,2.50,1.50
2009.11.02 23:26:12.811,1.47717,1.47722,1.40,5.30
2009.11.02 23:26:24.165,1.47699,1.47713,3.60,1.50
2009.11.02 23:26:40.863,1.477,1.47708,1.70,1.50
2009.11.02 23:26:45.817,1.47705,1.47713,3.80,1.50
2009.11.02 23:26:55.767,1.47712,1.47719,1.70,3.00
2009.11.02 23:26:57.139,1.47718,1.47726,3.00,4.40
2009.11.02 23:26:57.872,1.47719,1.47733,45.40,1.50
2009.11.02 23:27:16.772,1.47737,1.47747,1.50,2.50
2009.11.02 23:27:18.708,1.47737,1.47749,1.50,1.70
2009.11.02 23:27:26.096,1.47727,1.47737,1.70,3.00
2009.11.02 23:27:26.563,1.47705,1.47715,1.90,14.00
2009.11.02 23:27:34.552,1.4769,1.477,1.50,1.50
2009.11.02 23:27:35.556,1.47688,1.477,1.50,2.90
2009.11.02 23:27:37.301,1.47695,1.47703,1.50,4.20
2009.11.02 23:27:40.109,1.47702,1.4771,2.50,3.00
2009.11.02 23:27:46.661,1.47707,1.47717,2.30,5.70
2009.11.02 23:27:58.425,1.47711,1.47721,2.00,4.40
2009.11.02 23:28:21.266,1.47705,1.47715,3.00,1.90
2009.11.02 23:28:21.827,1.47694,1.47705,1.50,1.40
2009.11.02 23:28:23.183,1.47696,1.47704,7.50,3.00
2009.11.02 23:28:23.418,1.47711,1.47719,2.50,1.50
2009.11.02 23:28:29.495,1.47722,1.47732,2.00,1.90
2009.11.02 23:28:39.253,1.47721,1.47733,2.30,12.00
2009.11.02 23:28:41.024,1.4772,1.47728,1.50,3.80
2009.11.02 23:28:43.273,1.47716,1.47724,1.50,3.60
2009.11.02 23:28:51.826,1.4771,1.4772,1.50,3.60
2009.11.02 23:28:53.728,1.47698,1.47728,2.30,1.40
2009.11.02 23:28:56.864,1.47706,1.47718,4.40,3.00
2009.11.02 23:29:15.175,1.47698,1.47708,1.70,1.50
2009.11.02 23:29:17.296,1.47689,1.47701,1.90,1.50
2009.11.02 23:29:17.912,1.47692,1.477,1.50,1.50
2009.11.02 23:29:25.595,1.47705,1.47713,4.50,8.10
2009.11.02 23:29:31.285,1.47713,1.47723,5.90,4.40
2009.11.02 23:29:38.905,1.47717,1.47721,2.80,2.30
2009.11.02 23:29:44.922,1.47716,1.47718,1.50,1.50
2009.11.02 23:29:45.240,1.4771,1.47716,1.50,3.60
2009.11.02 23:29:45.379,1.47706,1.47719,6.40,1.50
2009.11.02 23:29:47.376,1.47707,1.47715,1.60,1.50
2009.11.02 23:30:08.929,1.47715,1.47719,4.50,5.30
2009.11.02 23:30:11.778,1.47718,1.47732,3.10,2.70
2009.11.02 23:30:13.208,1.47718,1.47725,1.20,2.30
2009.11.02 23:30:13.677,1.47699,1.47713,1.20,2.30
2009.11.02 23:30:21.410,1.47691,1.47697,3.00,1.90
2009.11.02 23:30:21.736,1.47691,1.47698,1.70,5.30
2009.11.02 23:30:40.051,1.47693,1.47705,1.50,1.70
2009.11.02 23:30:40.800,1.47697,1.47709,1.50,1.50
2009.11.02 23:30:47.764,1.47702,1.47712,5.10,2.30
2009.11.02 23:30:52.772,1.47703,1.47713,3.00,1.50
2009.11.02 23:30:54.014,1.47703,1.47715,1.50,2.50
2009.11.02 23:31:03.692,1.47712,1.47722,2.30,6.00
2009.11.02 23:31:16.374,1.47724,1.47726,1.90,4.40
2009.11.02 23:31:25.618,1.47721,1.47725,1.50,2.50
2009.11.02 23:31:27.906,1.47705,1.47717,2.50,1.50
2009.11.02 23:31:46.377,1.47696,1.47704,6.00,2.50
2009.11.02 23:31:47.214,1.47693,1.47703,7.40,1.50
2009.11.02 23:31:56.941,1.47695,1.47703,2.50,3.00
2009.11.02 23:32:07.208,1.47709,1.47721,2.90,2.50
2009.11.02 23:32:11.046,1.47692,1.477,3.40,5.10
2009.11.02 23:32:14.423,1.47679,1.47689,4.50,2.30
2009.11.02 23:32:22.085,1.4768,1.4769,1.20,1.70
2009.11.02 23:32:30.064,1.47689,1.47693,4.50,1.40
2009.11.02 23:32:48.079,1.47693,1.47705,2.90,3.00
2009.11.02 23:32:53.327,1.477,1.47708,1.90,2.70
2009.11.02 23:33:11.252,1.47695,1.47705,4.20,1.20
2009.11.02 23:33:13.193,1.47685,1.47692,2.10,1.50
2009.11.02 23:33:26.960,1.47679,1.47695,1.70,4.90
2009.11.02 23:33:27.399,1.47696,1.47702,1.50,3.60
2009.11.02 23:33:36.689,1.47701,1.47713,1.90,1.50
2009.11.02 23:33:42.631,1.47699,1.47709,1.50,8.30
2009.11.02 23:33:45.013,1.47696,1.477,1.70,1.50
2009.11.02 23:33:53.019,1.47688,1.477,2.30,2.50
2009.11.02 23:34:03.656,1.47692,1.47702,1.70,1.20
2009.11.02 23:34:05.873,1.47699,1.47709,1.50,1.50
2009.11.02 23:34:08.405,1.47697,1.47707,4.50,5.70
2009.11.02 23:34:11.711,1.4768,1.4769,4.40,1.20
2009.11.02 23:34:26.307,1.4767,1.47676,3.40,1.50
2009.11.02 23:34:34.823,1.47668,1.47679,2.80,1.70
2009.11.02 23:34:39.264,1.4767,1.4768,1.40,1.50
2009.11.02 23:34:41.481,1.47674,1.47686,1.70,3.00
2009.11.02 23:34:47.155,1.47679,1.47691,2.30,10.00
2009.11.02 23:34:56.619,1.47684,1.47692,1.50,1.50
2009.11.02 23:34:57.380,1.47684,1.47694,1.50,5.30
2009.11.02 23:35:03.448,1.4769,1.477,1.50,2.50
2009.11.02 23:35:21.629,1.47697,1.47701,1.90,5.30
2009.11.02 23:35:22.438,1.47691,1.47699,3.00,1.90
2009.11.02 23:35:27.160,1.47676,1.47686,1.70,4.80
2009.11.02 23:35:28.271,1.47666,1.47678,1.50,1.50
2009.11.02 23:35:29.402,1.47668,1.47679,1.50,1.50
2009.11.02 23:35:34.547,1.47677,1.47685,3.00,2.10
2009.11.02 23:35:45.762,1.47685,1.47694,1.50,2.50
2009.11.02 23:35:53.777,1.47688,1.477,3.40,3.40
2009.11.02 23:36:10.918,1.47692,1.47702,1.50,1.70
2009.11.02 23:36:19.132,1.47701,1.4771,1.50,2.50
2009.11.02 23:36:40.791,1.477,1.4771,3.00,2.70
2009.11.02 23:36:43.825,1.47688,1.47695,5.70,1.50
2009.11.02 23:36:47.018,1.47677,1.47687,2.70,1.50
2009.11.02 23:36:51.967,1.4768,1.47688,2.30,1.70
2009.11.02 23:36:57.789,1.47684,1.4769,1.20,4.70
2009.11.02 23:37:15.862,1.47681,1.47689,1.70,12.60
2009.11.02 23:37:22.888,1.47674,1.47686,1.50,1.50
2009.11.02 23:37:32.166,1.4768,1.4769,3.00,3.60
2009.11.02 23:37:41.179,1.47692,1.47704,1.40,1.50
2009.11.02 23:37:41.490,1.47704,1.47712,2.30,1.90
2009.11.02 23:37:50.647,1.47704,1.47709,1.50,2.50
2009.11.02 23:37:52.313,1.477,1.47708,1.50,1.20
2009.11.02 23:38:01.797,1.47673,1.47681,4.50,2.30
2009.11.02 23:38:08.041,1.4768,1.47689,2.50,3.40
2009.11.02 23:38:13.325,1.4769,1.47702,1.50,1.70
2009.11.02 23:38:14.374,1.47701,1.47711,4.50,8.10
2009.11.02 23:38:23.873,1.47709,1.47715,1.70,1.50
2009.11.02 23:38:25.244,1.47705,1.47717,13.60,3.80
2009.11.02 23:38:40.934,1.47701,1.47711,1.50,1.70
2009.11.02 23:38:54.184,1.47697,1.47711,1.50,3.20
2009.11.02 23:39:02.155,1.47709,1.47715,1.50,3.60
2009.11.02 23:39:08.105,1.47707,1.4772,1.40,1.50
2009.11.02 23:39:08.901,1.47704,1.47712,2.70,3.40
2009.11.02 23:39:09.744,1.47687,1.47698,3.00,5.90
2009.11.02 23:39:20.722,1.47677,1.47687,3.60,1.50
2009.11.02 23:39:21.666,1.47677,1.47685,1.50,1.40
2009.11.02 23:39:24.883,1.4768,1.47688,1.50,1.50
2009.11.02 23:39:29.694,1.47685,1.47692,3.80,1.50
2009.11.02 23:39:43.459,1.47685,1.47699,1.50,1.70
2009.11.02 23:39:50.133,1.47692,1.47701,21.60,4.50
2009.11.02 23:39:53.121,1.47693,1.47703,4.40,1.50
2009.11.02 23:40:02.259,1.47682,1.47692,1.50,2.30
2009.11.02 23:40:12.151,1.47693,1.477,1.50,1.10
2009.11.02 23:40:15.392,1.47693,1.47699,3.80,4.90
2009.11.02 23:40:32.140,1.47683,1.4769,2.50,23.50
2009.11.02 23:40:40.450,1.47676,1.47684,1.70,1.20
2009.11.02 23:40:43.920,1.47679,1.47687,1.50,2.30
2009.11.02 23:40:45.149,1.47684,1.47688,1.50,1.70
2009.11.02 23:41:12.791,1.47675,1.47685,1.50,1.50
2009.11.02 23:41:17.330,1.47666,1.47673,3.00,1.70
2009.11.02 23:41:25.224,1.4767,1.47674,2.10,1.50
2009.11.02 23:41:38.328,1.47687,1.47694,1.50,5.90
2009.11.02 23:41:43.270,1.47694,1.47706,3.60,7.90
2009.11.02 23:41:47.810,1.47687,1.47703,1.70,4.70
2009.11.02 23:41:51.946,1.47683,1.47693,1.70,2.60
2009.11.02 23:42:09.628,1.47675,1.47689,1.50,1.70
2009.11.02 23:42:10.767,1.47672,1.47678,1.50,3.40
2009.11.02 23:42:30.235,1.47675,1.47682,1.90,1.70
2009.11.02 23:42:32.716,1.4769,1.477,1.50,1.50
2009.11.02 23:42:33.363,1.47704,1.47708,2.30,1.70
2009.11.02 23:42:35.913,1.47704,1.47716,1.40,1.50
2009.11.02 23:42:43.151,1.47702,1.47712,1.50,1.50
2009.11.02 23:42:49.092,1.477,1.47707,3.60,1.50
2009.11.02 23:42:49.996,1.47698,1.47706,1.70,1.50
2009.11.02 23:43:05.435,1.47703,1.47711,2.50,1.70
2009.11.02 23:43:06.843,1.47711,1.47718,2.80,1.50
2009.11.02 23:43:15.517,1.47705,1.47715,1.50,1.90
2009.11.02 23:43:18.601,1.47685,1.47695,1.50,1.70
2009.11.02 23:43:18.938,1.47675,1.47681,3.40,1.50
2009.11.02 23:43:20.818,1.47675,1.47684,1.70,1.50
2009.11.02 23:43:21.933,1.47683,1.47691,2.30,1.20
2009.11.02 23:43:29.601,1.4769,1.47702,3.00,2.70
2009.11.02 23:43:38.019,1.477,1.4771,1.50,2.50
2009.11.02 23:43:43.308,1.47706,1.47716,4.50,1.50
2009.11.02 23:43:54.691,1.47709,1.47721,1.50,5.10
2009.11.02 23:44:15.642,1.477,1.4771,2.30,2.50
2009.11.02 23:44:26.940,1.47705,1.47715,1.70,4.20
2009.11.02 23:44:27.190,1.47701,1.47711,1.50,1.50
2009.11.02 23:44:31.904,1.47684,1.47698,4.70,3.00
2009.11.02 23:44:32.628,1.47679,1.47687,3.60,1.50
2009.11.02 23:44:33.244,1.4768,1.4769,3.00,3.00
2009.11.02 23:44:49.511,1.47689,1.47695,3.00,4.00
2009.11.02 23:44:52.226,1.47689,1.47701,2.30,2.90
2009.11.02 23:45:15.321,1.47698,1.47708,4.50,1.50
2009.11.02 23:45:17.436,1.4769,1.477,2.90,1.50
2009.11.02 23:45:19.566,1.47692,1.477,5.10,1.50
2009.11.02 23:45:21.262,1.47704,1.47712,1.70,4.20
2009.11.02 23:45:25.558,1.47712,1.47724,1.50,1.50
2009.11.02 23:45:34.780,1.47714,1.47718,6.00,3.20
2009.11.02 23:45:48.501,1.47711,1.47715,1.50,2.30
2009.11.02 23:46:06.851,1.47701,1.47709,1.70,2.70
2009.11.02 23:46:09.146,1.47681,1.47694,1.50,1.70
2009.11.02 23:46:31.497,1.47681,1.47691,3.00,1.50
2009.11.02 23:46:36.742,1.47698,1.47704,2.50,1.50
2009.11.02 23:46:38.468,1.47708,1.47718,4.40,1.50
2009.11.02 23:46:40.098,1.47706,1.4771,1.70,1.50
2009.11.02 23:46:51.749,1.47697,1.47704,5.50,1.50
2009.11.02 23:46:55.919,1.47689,1.47703,3.40,1.50
2009.11.02 23:47:02.425,1.47707,1.47717,4.70,1.50
2009.11.02 23:47:06.807,1.4771,1.4772,1.50,1.70
2009.11.02 23:47:08.309,1.47708,1.47716,1.50,2.50
2009.11.02 23:47:14.439,1.47701,1.47705,1.50,2.50
2009.11.02 23:47:21.694,1.47693,1.47703,1.50,3.20
2009.11.02 23:47:23.052,1.47696,1.47704,8.30,13.20
2009.11.02 23:47:31.055,1.477,1.47706,2.50,1.50
2009.11.02 23:47:32.703,1.47703,1.47711,1.20,6.20
2009.11.02 23:47:42.900,1.47703,1.47713,2.30,1.50
2009.11.02 23:47:47.924,1.47704,1.47712,2.50,1.50
2009.11.02 23:48:07.878,1.47718,1.47722,3.80,2.90
2009.11.02 23:48:17.873,1.47703,1.47712,1.40,1.50
2009.11.02 23:48:20.701,1.47694,1.47706,1.30,4.70
2009.11.02 23:48:23.835,1.47696,1.47706,3.00,5.10
2009.11.02 23:48:27.597,1.47699,1.47709,1.70,2.30
2009.11.02 23:48:28.716,1.47704,1.47712,3.00,5.10
2009.11.02 23:48:33.492,1.47705,1.47711,3.20,1.50
2009.11.02 23:49:12.708,1.47698,1.47708,2.50,1.50
2009.11.02 23:49:24.618,1.47681,1.47707,2.50,2.30
2009.11.02 23:49:29.972,1.47692,1.47704,4.50,2.50
2009.11.02 23:49:31.527,1.47709,1.47721,1.70,12.60
2009.11.02 23:49:39.405,1.47722,1.47729,1.50,1.70
2009.11.02 23:49:44.364,1.47722,1.47728,1.40,1.50
2009.11.02 23:49:55.747,1.47718,1.47728,2.10,2.30
2009.11.02 23:50:04.188,1.47704,1.4771,2.30,1.50
2009.11.02 23:50:04.331,1.47712,1.47719,13.50,1.40
2009.11.02 23:50:07.701,1.4771,1.47718,1.50,1.50
2009.11.02 23:50:08.406,1.47692,1.47708,1.50,1.70
2009.11.02 23:50:23.297,1.47686,1.47694,1.70,4.20
2009.11.02 23:50:24.610,1.47684,1.47694,4.00,1.70
2009.11.02 23:50:28.377,1.47687,1.47697,1.90,1.90
2009.11.02 23:50:29.026,1.47693,1.47701,2.30,1.50
2009.11.02 23:50:31.272,1.47699,1.47711,5.10,1.90
2009.11.02 23:50:31.444,1.47708,1.47715,1.20,9.20
2009.11.02 23:50:49.808,1.47712,1.47718,1.50,1.50
2009.11.02 23:51:04.889,1.47717,1.47727,2.70,1.50
2009.11.02 23:51:11.858,1.47718,1.4773,2.30,1.50
2009.11.02 23:51:16.897,1.47712,1.47722,1.50,1.50
2009.11.02 23:51:17.839,1.47697,1.47709,1.50,1.90
2009.11.02 23:51:40.133,1.47689,1.47701,6.60,1.10
2009.11.02 23:51:41.035,1.47694,1.47706,4.50,1.50
2009.11.02 23:51:49.856,1.47704,1.47713,3.80,1.70
2009.11.02 23:51:56.141,1.47711,1.47715,3.00,1.50
2009.11.02 23:52:02.337,1.4772,1.4773,3.40,1.50
2009.11.02 23:52:06.900,1.47724,1.47732,2.30,2.30
2009.11.02 23:52:12.313,1.4772,1.47727,2.10,1.90
2009.11.02 23:52:15.950,1.47702,1.47708,3.80,3.80
2009.11.02 23:52:27.093,1.4769,1.47697,1.50,1.50
2009.11.02 23:52:32.990,1.47692,1.47696,2.30,1.50
2009.11.02 23:52:33.148,1.47696,1.47702,1.50,6.00
2009.11.02 23:52:34.129,1.47701,1.47711,1.50,5.10
2009.11.02 23:52:48.021,1.47704,1.47722,1.50,1.70
2009.11.02 23:52:48.930,1.47711,1.47721,1.50,2.70
2009.11.02 23:53:06.759,1.47706,1.47714,1.50,3.60
2009.11.02 23:53:15.042,1.47715,1.47725,1.70,1.50
2009.11.02 23:53:22.749,1.47714,1.4772,1.50,1.70
2009.11.02 23:53:25.802,1.47693,1.47703,1.50,1.50
2009.11.02 23:53:30.025,1.47679,1.47689,1.50,1.50
2009.11.02 23:53:32.222,1.4768,1.47688,1.70,1.50
2009.11.02 23:53:32.980,1.47685,1.47693,6.40,1.50
2009.11.02 23:53:44.917,1.4769,1.477,3.60,3.20
2009.11.02 23:53:49.351,1.47699,1.47709,1.50,2.50
2009.11.02 23:53:51.631,1.47707,1.47715,1.50,1.40
2009.11.02 23:53:53.355,1.47711,1.47719,1.50,2.10
2009.11.02 23:54:28.300,1.47696,1.47704,17.30,1.20
2009.11.02 23:54:30.172,1.47685,1.47693,2.50,1.50
2009.11.02 23:54:31.854,1.47684,1.47696,2.50,1.50
2009.11.02 23:54:32.077,1.47699,1.47711,1.50,2.30
2009.11.02 23:54:34.234,1.47715,1.47719,1.50,1.50
2009.11.02 23:54:40.094,1.47712,1.47724,1.50,3.80
2009.11.02 23:54:44.982,1.4771,1.4772,1.50,1.70
2009.11.02 23:54:52.620,1.47709,1.47715,1.50,1.50
2009.11.02 23:54:53.345,1.47707,1.47714,3.80,1.50
2009.11.02 23:54:53.532,1.47705,1.47715,1.30,4.70
2009.11.02 23:55:02.469,1.47711,1.47719,2.10,1.20
2009.11.02 23:55:04.858,1.47715,1.47725,1.50,2.50
2009.11.02 23:55:07.777,1.47712,1.47722,5.70,1.50
2009.11.02 23:55:08.652,1.47705,1.47709,3.80,1.70
2009.11.02 23:55:10.255,1.47697,1.47703,2.70,1.90
2009.11.02 23:55:14.533,1.47698,1.47706,1.50,2.10
2009.11.02 23:55:24.068,1.47699,1.47709,2.40,1.50
2009.11.02 23:55:27.872,1.47704,1.47712,1.50,1.70
2009.11.02 23:55:30.512,1.47704,1.47714,5.50,2.30
2009.11.02 23:55:39.163,1.47704,1.47716,3.40,1.50
2009.11.02 23:55:46.098,1.47705,1.47715,3.40,2.50
2009.11.02 23:56:27.670,1.47706,1.47714,2.60,1.50
2009.11.02 23:56:33.926,1.47715,1.47728,1.40,1.40
2009.11.02 23:56:34.271,1.47717,1.47727,1.20,3.00
2009.11.02 23:56:39.801,1.47705,1.47713,4.50,2.50
2009.11.02 23:56:44.703,1.47697,1.47707,1.50,1.50
2009.11.02 23:56:49.753,1.47698,1.4771,1.50,4.80
2009.11.02 23:56:50.803,1.47702,1.47712,3.00,1.40
2009.11.02 23:57:02.362,1.4772,1.4773,2.70,3.80
2009.11.02 23:57:03.512,1.47726,1.47733,1.20,3.00
2009.11.02 23:57:15.857,1.47721,1.47733,2.90,1.20
2009.11.02 23:57:17.805,1.47713,1.47721,6.10,1.30
2009.11.02 23:57:19.389,1.47704,1.47714,1.50,2.70
2009.11.02 23:57:25.177,1.47706,1.47713,1.20,2.50
2009.11.02 23:57:36.373,1.47708,1.47714,2.30,1.50
2009.11.02 23:57:41.302,1.47712,1.4772,7.20,1.90
2009.11.02 23:57:50.485,1.47714,1.47722,1.50,1.70
2009.11.02 23:58:04.376,1.47708,1.47718,4.40,17.50
2009.11.02 23:58:07.161,1.47699,1.47707,2.00,1.50
2009.11.02 23:58:15.603,1.47699,1.47709,3.40,1.50
2009.11.02 23:58:16.670,1.4771,1.47718,1.50,3.00
2009.11.02 23:58:20.774,1.47717,1.47727,2.10,1.50
2009.11.02 23:58:30.293,1.47715,1.47729,1.50,1.70
2009.11.02 23:58:33.930,1.47718,1.47724,1.70,16.20
2009.11.02 23:59:05.042,1.47718,1.47728,2.30,3.40
2009.11.02 23:59:07.413,1.4772,1.47728,1.50,1.20
2009.11.02 23:59:11.029,1.47711,1.47719,2.10,1.20
2009.11.02 23:59:12.179,1.47691,1.47701,1.50,2.90
2009.11.02 23:59:38.555,1.47688,1.47694,3.00,2.50
2009.11.02 23:59:41.696,1.47693,1.47709,1.50,1.50
2009.11.02 23:59:46.748,1.47705,1.47713,1.90,1.50
