2009.11.19 18:00:05.355,1.49048,1.49062,1.70,4.20
2009.11.19 18:00:07.935,1.49044,1.49055,2.30,2.50
2009.11.19 18:00:10.144,1.49035,1.49046,1.50,4.50
2009.11.19 18:00:10.477,1.49028,1.49036,1.70,1.50
2009.11.19 18:00:15.935,1.49017,1.49027,4.70,1.50
2009.11.19 18:00:18.775,1.49006,1.49018,3.00,2.10
2009.11.19 18:00:25.015,1.49006,1.49018,3.40,2.90
2009.11.19 18:00:28.554,1.49016,1.49026,5.10,2.30
2009.11.19 18:00:29.595,1.49032,1.4904,4.70,3.00
2009.11.19 18:00:34.823,1.49045,1.49059,1.50,2.90
2009.11.19 18:00:36.926,1.49063,1.49073,2.70,1.90
2009.11.19 18:00:41.841,1.49073,1.49081,1.50,2.10
2009.11.19 18:00:41.957,1.49069,1.49077,1.20,6.20
2009.11.19 18:00:44.829,1.49059,1.49071,1.50,2.50
2009.11.19 18:00:46.754,1.4905,1.49062,2.70,2.90
2009.11.19 18:00:46.850,1.49044,1.49053,1.20,24.30
2009.11.19 18:00:49.117,1.49037,1.49047,2.70,1.50
2009.11.19 18:00:54.167,1.4903,1.49042,2.70,4.70
2009.11.19 18:00:56.355,1.49027,1.49039,4.50,1.50
2009.11.19 18:01:02.843,1.49003,1.49017,2.70,2.50
2009.11.19 18:01:06.092,1.49007,1.49015,2.70,1.70
2009.11.19 18:01:08.785,1.49004,1.49014,2.70,3.00
2009.11.19 18:01:10.797,1.49002,1.49014,12.60,3.80
2009.11.19 18:01:13.565,1.49003,1.49011,1.50,1.50
2009.11.19 18:01:14.579,1.48997,1.49013,2.30,1.70
2009.11.19 18:01:16.795,1.48994,1.49006,5.90,1.50
2009.11.19 18:01:18.855,1.4899,1.49004,1.50,4.50
2009.11.19 18:01:20.939,1.48988,1.49,2.70,1.50
2009.11.19 18:01:23.120,1.48991,1.49003,1.50,1.70
2009.11.19 18:01:23.838,1.48995,1.49007,2.10,1.50
2009.11.19 18:01:26.899,1.49,1.49012,3.40,1.40
2009.11.19 18:01:29.639,1.49007,1.49019,1.70,3.60
2009.11.19 18:01:32.448,1.49018,1.49028,2.30,2.50
2009.11.19 18:01:36.516,1.49028,1.4904,1.80,1.50
2009.11.19 18:01:41.416,1.49036,1.49044,1.30,1.50
2009.11.19 18:01:46.073,1.49033,1.49045,1.50,2.50
2009.11.19 18:01:46.378,1.49029,1.49039,2.10,1.90
2009.11.19 18:01:48.879,1.49024,1.49036,1.50,1.50
2009.11.19 18:01:51.148,1.49023,1.49036,1.50,1.50
2009.11.19 18:01:53.551,1.49024,1.49032,2.10,1.40
2009.11.19 18:01:55.347,1.49023,1.49034,1.70,9.30
2009.11.19 18:01:56.013,1.49024,1.49036,1.40,1.50
2009.11.19 18:02:02.351,1.49024,1.49036,1.50,2.30
2009.11.19 18:02:05.249,1.49025,1.49038,1.50,1.70
2009.11.19 18:02:07.576,1.49024,1.49037,1.50,1.90
2009.11.19 18:02:09.781,1.49024,1.49036,2.70,1.50
2009.11.19 18:02:12.872,1.4902,1.49034,2.70,4.00
2009.11.19 18:02:22.993,1.49015,1.49029,1.50,2.50
2009.11.19 18:02:26.620,1.49007,1.49021,3.00,2.90
2009.11.19 18:02:29.342,1.48998,1.4901,1.70,4.90
2009.11.19 18:02:29.895,1.48996,1.49006,3.40,15.00
2009.11.19 18:02:31.812,1.48999,1.49011,3.80,4.70
2009.11.19 18:02:33.842,1.49007,1.49018,1.90,1.50
2009.11.19 18:02:36.552,1.49014,1.49025,1.70,1.50
2009.11.19 18:02:38.851,1.4902,1.49032,1.50,1.70
2009.11.19 18:02:40.941,1.49027,1.49039,4.40,17.50
2009.11.19 18:02:42.969,1.49034,1.49046,1.50,1.70
2009.11.19 18:02:45.137,1.49036,1.49046,5.10,5.10
2009.11.19 18:02:45.257,1.49031,1.49035,3.00,2.30
2009.11.19 18:02:46.823,1.49019,1.49033,1.40,23.00
2009.11.19 18:02:48.902,1.49013,1.49026,1.50,3.60
2009.11.19 18:02:51.494,1.4901,1.49022,4.40,1.50
2009.11.19 18:02:53.850,1.49007,1.49019,1.50,3.80
2009.11.19 18:02:54.373,1.49006,1.49018,1.90,1.70
2009.11.19 18:02:54.921,1.49005,1.49017,2.30,2.90
2009.11.19 18:03:04.171,1.49014,1.4902,1.90,1.70
2009.11.19 18:03:06.124,1.49021,1.49031,1.50,2.50
2009.11.19 18:03:08.226,1.49029,1.4904,1.50,2.50
2009.11.19 18:03:11.146,1.49037,1.49048,1.50,2.50
2009.11.19 18:03:13.381,1.49043,1.49053,1.50,1.40
2009.11.19 18:03:15.657,1.49048,1.4906,1.70,3.00
2009.11.19 18:03:17.724,1.49052,1.49064,2.90,1.50
2009.11.19 18:03:20.195,1.49055,1.49067,1.90,2.70
2009.11.19 18:03:23.426,1.49059,1.49069,2.30,1.70
2009.11.19 18:03:27.376,1.49053,1.49063,1.50,4.40
2009.11.19 18:03:32.868,1.49048,1.49058,3.00,1.40
2009.11.19 18:03:32.983,1.49044,1.49054,2.10,1.50
2009.11.19 18:03:35.096,1.49039,1.49049,4.40,1.50
2009.11.19 18:03:37.920,1.4904,1.49046,4.40,1.20
2009.11.19 18:03:43.697,1.49038,1.49046,1.50,2.50
2009.11.19 18:03:46.695,1.49038,1.49046,1.20,4.70
2009.11.19 18:03:48.185,1.49036,1.4905,15.30,1.70
2009.11.19 18:03:48.748,1.49038,1.49048,3.40,1.50
2009.11.19 18:03:50.793,1.49038,1.4905,3.80,2.90
2009.11.19 18:03:51.024,1.49042,1.49047,1.50,1.70
2009.11.19 18:03:51.367,1.49036,1.4905,5.50,2.40
2009.11.19 18:03:54.836,1.49034,1.4905,1.50,3.40
2009.11.19 18:03:57.305,1.49032,1.49048,3.20,1.50
2009.11.19 18:04:02.306,1.49033,1.49043,1.40,8.70
2009.11.19 18:04:04.387,1.4903,1.4904,1.70,1.50
2009.11.19 18:04:05.985,1.49026,1.49035,1.50,1.90
2009.11.19 18:04:08.982,1.49024,1.49032,1.50,1.70
2009.11.19 18:04:12.981,1.49019,1.49031,1.90,1.50
2009.11.19 18:04:15.107,1.49014,1.49027,1.50,2.50
2009.11.19 18:04:17.136,1.49009,1.49021,3.00,2.50
2009.11.19 18:04:19.599,1.49002,1.49016,3.00,2.70
2009.11.19 18:04:21.636,1.49004,1.49014,1.70,1.50
2009.11.19 18:04:24.376,1.49013,1.49022,3.40,2.90
2009.11.19 18:04:26.451,1.49024,1.49032,2.10,1.50
2009.11.19 18:04:26.562,1.49035,1.49041,1.50,3.80
2009.11.19 18:04:27.813,1.49044,1.49052,2.10,1.70
2009.11.19 18:04:30.616,1.49053,1.4906,1.50,1.70
2009.11.19 18:04:31.809,1.49057,1.49065,1.40,8.70
2009.11.19 18:04:32.746,1.49051,1.49061,1.20,3.00
2009.11.19 18:04:34.936,1.49047,1.49055,3.40,2.50
2009.11.19 18:04:37.015,1.49039,1.49051,2.50,3.80
2009.11.19 18:04:38.459,1.49038,1.49046,1.50,1.20
2009.11.19 18:04:41.804,1.49035,1.49045,3.00,2.50
2009.11.19 18:04:44.496,1.49034,1.49044,1.90,5.30
2009.11.19 18:04:46.947,1.49036,1.49046,2.30,2.50
2009.11.19 18:04:47.327,1.49036,1.49049,1.50,2.50
2009.11.19 18:04:49.036,1.49039,1.49048,1.50,1.50
2009.11.19 18:04:51.511,1.49042,1.4905,1.50,2.30
2009.11.19 18:04:55.177,1.49045,1.49051,1.70,2.30
2009.11.19 18:05:08.680,1.49055,1.49065,2.50,1.50
2009.11.19 18:05:13.658,1.49054,1.49067,1.50,4.40
2009.11.19 18:05:14.741,1.49058,1.49065,1.90,2.00
2009.11.19 18:05:17.510,1.49059,1.49069,1.50,4.50
2009.11.19 18:05:21.011,1.4906,1.49068,2.30,3.20
2009.11.19 18:05:24.296,1.49053,1.49063,3.60,1.50
2009.11.19 18:05:26.358,1.49045,1.49057,3.40,2.30
2009.11.19 18:05:28.398,1.49038,1.49046,1.50,1.50
2009.11.19 18:05:30.430,1.49026,1.49038,3.00,2.90
2009.11.19 18:05:30.970,1.49016,1.49028,1.40,1.50
2009.11.19 18:05:31.090,1.49011,1.49015,2.70,1.50
2009.11.19 18:05:31.337,1.49005,1.49015,1.50,1.50
2009.11.19 18:05:33.016,1.49013,1.49019,2.70,1.50
2009.11.19 18:05:34.231,1.49016,1.49032,1.70,1.50
2009.11.19 18:05:36.613,1.49027,1.49035,3.00,2.10
2009.11.19 18:05:37.220,1.49032,1.4904,4.90,1.50
2009.11.19 18:05:40.320,1.49035,1.49045,3.80,1.70
2009.11.19 18:05:44.651,1.49039,1.49049,1.50,1.90
2009.11.19 18:05:59.601,1.49043,1.49053,1.90,1.50
2009.11.19 18:06:01.174,1.49043,1.49055,2.70,1.50
2009.11.19 18:06:03.185,1.49041,1.49054,1.20,4.70
2009.11.19 18:06:05.635,1.49038,1.49049,10.30,6.50
2009.11.19 18:06:08.451,1.49032,1.49044,1.50,1.70
2009.11.19 18:06:10.452,1.49025,1.49037,1.50,2.90
2009.11.19 18:06:14.496,1.49023,1.49035,1.50,3.00
2009.11.19 18:06:15.162,1.49031,1.49043,2.90,3.80
2009.11.19 18:06:17.286,1.49043,1.49051,2.70,1.50
2009.11.19 18:06:19.668,1.49051,1.49062,1.50,1.50
2009.11.19 18:06:26.428,1.49058,1.4907,1.50,1.50
2009.11.19 18:06:29.947,1.49065,1.49077,1.60,5.10
2009.11.19 18:06:32.254,1.49068,1.4908,3.40,1.50
2009.11.19 18:06:34.273,1.4907,1.49078,1.50,1.70
2009.11.19 18:06:35.187,1.49065,1.49075,1.40,1.50
2009.11.19 18:06:37.876,1.49062,1.49073,5.50,1.50
2009.11.19 18:06:43.396,1.49061,1.49071,3.20,1.90
2009.11.19 18:06:49.096,1.4906,1.49068,3.00,4.40
2009.11.19 18:06:51.635,1.49055,1.49069,2.30,1.50
2009.11.19 18:07:07.163,1.49056,1.49072,2.70,1.50
2009.11.19 18:07:22.255,1.49064,1.49078,3.20,1.50
2009.11.19 18:07:24.914,1.49074,1.49084,1.40,8.70
2009.11.19 18:07:28.907,1.49082,1.49094,1.50,2.50
2009.11.19 18:07:32.536,1.49082,1.49094,2.30,2.50
2009.11.19 18:07:34.634,1.49071,1.49085,7.00,4.50
2009.11.19 18:07:38.346,1.49056,1.4907,1.70,5.70
2009.11.19 18:07:40.795,1.49042,1.49056,4.50,1.70
2009.11.19 18:07:42.964,1.49036,1.49046,5.90,4.40
2009.11.19 18:07:43.624,1.49039,1.49049,7.40,1.50
2009.11.19 18:07:51.175,1.49043,1.49057,2.70,4.00
2009.11.19 18:07:53.553,1.49052,1.49068,4.70,1.50
2009.11.19 18:07:53.662,1.49062,1.49074,1.50,1.70
2009.11.19 18:07:58.289,1.49066,1.49082,4.20,1.50
2009.11.19 18:08:11.146,1.49056,1.49064,2.60,2.30
2009.11.19 18:08:14.471,1.49038,1.49052,1.70,1.90
2009.11.19 18:08:16.741,1.49022,1.49035,5.40,1.20
2009.11.19 18:08:18.928,1.49005,1.49017,1.20,4.40
2009.11.19 18:08:20.851,1.48998,1.49012,2.90,2.50
2009.11.19 18:08:23.000,1.49005,1.49017,3.40,2.30
2009.11.19 18:08:25.019,1.49014,1.49028,1.90,14.00
2009.11.19 18:08:27.159,1.49027,1.49039,1.70,3.60
2009.11.19 18:08:30.540,1.49041,1.49055,1.50,1.50
2009.11.19 18:08:30.901,1.49059,1.49071,4.20,1.70
2009.11.19 18:08:33.120,1.49073,1.49087,1.70,3.00
2009.11.19 18:08:37.721,1.49079,1.49092,4.70,1.50
2009.11.19 18:08:39.890,1.49072,1.49084,1.50,1.70
2009.11.19 18:08:42.010,1.49062,1.49076,3.80,1.50
2009.11.19 18:08:43.181,1.49051,1.49067,2.70,1.50
2009.11.19 18:08:44.425,1.49042,1.49054,1.50,1.90
2009.11.19 18:08:46.456,1.49034,1.49046,1.50,1.50
2009.11.19 18:08:48.130,1.49023,1.49037,1.70,1.50
2009.11.19 18:08:50.250,1.49015,1.49027,1.50,1.50
2009.11.19 18:08:58.379,1.49007,1.49023,3.20,2.90
2009.11.19 18:09:06.304,1.49032,1.49044,1.70,1.20
2009.11.19 18:09:08.228,1.49032,1.49044,2.30,3.40
2009.11.19 18:09:10.252,1.49031,1.49042,1.70,3.00
2009.11.19 18:09:12.287,1.49032,1.49044,1.50,3.80
2009.11.19 18:09:14.356,1.49033,1.49048,3.40,4.20
2009.11.19 18:09:14.624,1.49037,1.49049,1.50,1.70
2009.11.19 18:09:16.936,1.49036,1.49049,1.90,1.50
2009.11.19 18:09:19.241,1.49032,1.49038,1.50,1.50
2009.11.19 18:09:20.195,1.49022,1.49034,1.50,1.20
2009.11.19 18:09:22.083,1.49019,1.49029,1.70,1.50
2009.11.19 18:09:22.867,1.49016,1.4903,1.50,3.00
2009.11.19 18:09:25.175,1.49014,1.49028,1.50,3.20
2009.11.19 18:09:27.209,1.49015,1.49029,1.50,2.70
2009.11.19 18:09:27.505,1.49021,1.49025,8.30,13.20
2009.11.19 18:09:28.273,1.49018,1.49027,1.50,2.50
2009.11.19 18:09:30.519,1.49014,1.49026,22.20,1.40
2009.11.19 18:09:32.584,1.49008,1.49022,3.40,1.50
2009.11.19 18:09:32.754,1.49004,1.49012,1.50,1.20
2009.11.19 18:09:34.667,1.48995,1.49007,2.30,1.70
2009.11.19 18:09:36.668,1.48995,1.49007,6.60,3.40
2009.11.19 18:09:36.956,1.49006,1.49014,2.30,1.70
2009.11.19 18:09:37.294,1.49012,1.49024,1.70,3.20
2009.11.19 18:09:39.107,1.49017,1.49031,3.00,1.90
2009.11.19 18:09:42.116,1.49022,1.49034,1.90,3.80
2009.11.19 18:09:43.935,1.49022,1.49034,3.40,4.40
2009.11.19 18:09:46.048,1.49022,1.49033,1.50,2.70
2009.11.19 18:09:46.164,1.49022,1.4903,9.80,1.20
2009.11.19 18:09:48.242,1.49019,1.4903,2.30,5.10
2009.11.19 18:09:50.305,1.49016,1.4903,1.70,1.50
2009.11.19 18:09:55.583,1.49015,1.49029,1.70,1.50
2009.11.19 18:10:03.239,1.49013,1.49023,1.90,4.50
2009.11.19 18:10:08.287,1.48993,1.49007,1.20,1.70
2009.11.19 18:10:14.076,1.48976,1.48988,2.70,1.70
2009.11.19 18:10:16.319,1.4897,1.48982,1.50,4.40
2009.11.19 18:10:18.579,1.48977,1.48989,1.70,5.70
2009.11.19 18:10:21.293,1.4899,1.49002,2.80,1.70
2009.11.19 18:10:25.658,1.49004,1.49016,1.50,1.40
2009.11.19 18:10:36.329,1.49014,1.4903,1.50,2.50
2009.11.19 18:10:39.008,1.49022,1.49034,4.50,2.50
2009.11.19 18:10:41.080,1.49015,1.49031,2.30,1.20
2009.11.19 18:10:41.516,1.49008,1.49022,1.90,1.50
2009.11.19 18:10:49.890,1.49001,1.49017,1.50,4.50
2009.11.19 18:10:53.440,1.49001,1.49009,2.50,21.80
2009.11.19 18:11:02.517,1.48996,1.49008,5.70,1.60
2009.11.19 18:11:06.528,1.48984,1.48997,7.50,1.70
2009.11.19 18:11:10.090,1.48971,1.48985,1.50,3.60
2009.11.19 18:11:12.438,1.48961,1.48971,1.50,1.90
2009.11.19 18:11:12.690,1.48957,1.48971,1.90,1.50
2009.11.19 18:11:17.385,1.48968,1.48982,1.70,1.50
2009.11.19 18:11:19.516,1.48984,1.48993,1.50,1.50
2009.11.19 18:11:21.697,1.48997,1.49009,5.70,1.50
2009.11.19 18:11:24.370,1.49007,1.49017,1.50,3.80
2009.11.19 18:11:26.706,1.49004,1.49018,3.60,1.50
2009.11.19 18:11:41.115,1.49003,1.49015,1.70,5.30
2009.11.19 18:11:44.378,1.48998,1.49011,1.20,1.20
2009.11.19 18:11:47.945,1.48995,1.49005,1.50,1.70
2009.11.19 18:11:50.495,1.48989,1.49001,1.50,1.50
2009.11.19 18:11:56.099,1.48984,1.49,2.30,1.50
2009.11.19 18:12:01.811,1.49,1.49014,1.50,2.50
2009.11.19 18:12:05.139,1.48998,1.49009,1.50,1.20
2009.11.19 18:12:07.190,1.48992,1.49005,2.40,4.40
2009.11.19 18:12:10.937,1.48985,1.48998,1.50,1.50
2009.11.19 18:12:12.581,1.48977,1.48991,3.80,1.50
2009.11.19 18:12:14.600,1.48967,1.4898,2.30,5.10
2009.11.19 18:12:21.367,1.48961,1.48975,2.30,1.50
2009.11.19 18:12:23.369,1.48964,1.48972,1.50,2.10
2009.11.19 18:12:28.887,1.48968,1.48976,1.50,1.60
2009.11.19 18:12:31.640,1.48972,1.48982,1.70,1.50
2009.11.19 18:12:34.616,1.48974,1.48988,3.00,2.50
2009.11.19 18:12:37.750,1.48977,1.48993,5.40,1.20
2009.11.19 18:12:41.101,1.48981,1.48991,1.50,1.40
2009.11.19 18:12:41.322,1.48982,1.48993,3.60,7.90
2009.11.19 18:12:43.341,1.48982,1.48993,3.00,1.40
2009.11.19 18:12:45.360,1.48982,1.48996,1.50,2.50
2009.11.19 18:13:02.109,1.48989,1.49003,1.50,5.10
2009.11.19 18:13:02.972,1.48983,1.48996,5.40,1.20
2009.11.19 18:13:14.790,1.48974,1.4899,7.90,1.40
2009.11.19 18:13:19.285,1.48965,1.4898,4.20,1.20
2009.11.19 18:13:19.618,1.48963,1.48973,3.00,4.00
2009.11.19 18:13:20.607,1.48963,1.48979,4.20,1.70
2009.11.19 18:13:23.287,1.48971,1.48985,1.50,6.60
2009.11.19 18:13:25.727,1.48981,1.48991,2.30,2.30
2009.11.19 18:13:29.027,1.4899,1.49002,1.50,2.30
2009.11.19 18:13:31.059,1.49,1.49013,3.00,1.50
2009.11.19 18:13:33.259,1.49004,1.49016,2.90,2.30
2009.11.19 18:13:35.363,1.49001,1.49013,1.50,2.50
2009.11.19 18:13:37.490,1.48995,1.49011,1.50,2.70
2009.11.19 18:13:40.917,1.48992,1.49006,7.20,1.90
2009.11.19 18:13:43.623,1.48993,1.49005,1.50,1.70
2009.11.19 18:13:48.649,1.4899,1.49006,2.70,1.90
2009.11.19 18:13:53.065,1.48993,1.49005,2.30,1.50
2009.11.19 18:13:55.256,1.48992,1.49008,1.20,2.30
2009.11.19 18:14:02.906,1.48977,1.48989,2.50,1.50
2009.11.19 18:14:05.885,1.48969,1.48982,2.10,33.10
2009.11.19 18:14:09.569,1.48958,1.48971,1.90,1.50
2009.11.19 18:14:12.871,1.48949,1.48961,2.00,1.50
2009.11.19 18:14:16.066,1.48944,1.48957,2.90,1.50
2009.11.19 18:14:18.365,1.4895,1.48962,2.30,2.30
2009.11.19 18:14:21.966,1.48957,1.48971,1.50,1.90
2009.11.19 18:14:24.348,1.48968,1.4898,2.70,1.90
2009.11.19 18:14:26.373,1.48979,1.48992,3.20,4.70
2009.11.19 18:14:31.483,1.48989,1.49003,1.50,1.70
2009.11.19 18:14:34.193,1.48999,1.49011,1.50,3.60
2009.11.19 18:14:36.185,1.49003,1.49015,30.00,4.50
2009.11.19 18:14:37.395,1.48997,1.49011,1.50,3.80
2009.11.19 18:14:40.716,1.4899,1.49004,6.60,3.80
2009.11.19 18:14:48.817,1.48985,1.48993,1.50,1.90
2009.11.19 18:14:49.016,1.48975,1.4899,1.20,1.70
2009.11.19 18:14:51.825,1.4897,1.48986,1.70,1.20
2009.11.19 18:14:52.153,1.48967,1.48983,1.50,3.20
2009.11.19 18:14:54.159,1.48968,1.48978,1.50,1.70
2009.11.19 18:15:02.124,1.48968,1.48978,5.10,1.50
2009.11.19 18:15:06.265,1.48973,1.48982,1.70,1.50
2009.11.19 18:15:10.325,1.48979,1.48988,1.50,2.50
2009.11.19 18:15:10.732,1.48982,1.48998,1.90,1.50
2009.11.19 18:15:12.732,1.48981,1.48989,2.70,1.50
2009.11.19 18:15:15.006,1.48966,1.48974,1.50,2.30
2009.11.19 18:15:17.983,1.48947,1.48957,1.90,2.50
2009.11.19 18:15:22.696,1.48937,1.48947,1.50,2.90
2009.11.19 18:15:25.904,1.48937,1.48947,3.00,3.00
2009.11.19 18:15:28.275,1.4894,1.4895,1.20,11.10
2009.11.19 18:15:33.792,1.48944,1.48955,1.70,1.50
2009.11.19 18:15:37.683,1.48948,1.4896,1.20,24.30
2009.11.19 18:15:40.265,1.48953,1.48967,1.40,1.50
2009.11.19 18:15:42.365,1.48959,1.4897,1.50,1.90
2009.11.19 18:15:50.506,1.48968,1.48977,22.20,1.40
2009.11.19 18:15:56.136,1.4897,1.48982,1.70,1.50
2009.11.19 18:16:16.642,1.48975,1.48985,1.50,1.50
2009.11.19 18:16:31.443,1.48965,1.48974,5.40,1.20
2009.11.19 18:16:36.563,1.48965,1.48975,1.70,1.90
2009.11.19 18:16:39.692,1.48978,1.48992,3.40,9.50
2009.11.19 18:16:43.192,1.4899,1.49004,3.40,1.50
2009.11.19 18:16:45.502,1.48993,1.49,4.20,1.50
2009.11.19 18:16:47.972,1.48988,1.49,1.70,2.70
2009.11.19 18:16:50.324,1.48985,1.48999,1.50,2.70
2009.11.19 18:16:53.572,1.48984,1.49,2.30,1.80
2009.11.19 18:17:25.323,1.48975,1.48991,1.70,1.50
2009.11.19 18:17:28.174,1.48967,1.48981,6.80,4.70
2009.11.19 18:17:31.475,1.48954,1.48966,6.60,3.40
2009.11.19 18:17:32.448,1.48941,1.48957,2.30,1.50
2009.11.19 18:17:37.800,1.4894,1.48954,3.00,3.60
2009.11.19 18:17:40.085,1.48952,1.48967,6.40,1.50
2009.11.19 18:17:45.765,1.48969,1.48983,2.70,1.50
2009.11.19 18:17:47.824,1.48985,1.48997,1.20,3.40
2009.11.19 18:17:50.093,1.48988,1.49002,2.70,1.50
2009.11.19 18:17:52.261,1.48979,1.48994,3.00,2.90
2009.11.19 18:17:54.367,1.4897,1.4898,3.00,4.50
2009.11.19 18:17:56.502,1.48961,1.48975,4.70,3.80
2009.11.19 18:18:03.175,1.48971,1.48983,14.80,1.40
2009.11.19 18:18:06.444,1.48967,1.48976,3.00,1.90
2009.11.19 18:18:09.595,1.48959,1.48972,1.50,1.50
2009.11.19 18:18:12.023,1.48951,1.48965,1.50,5.30
2009.11.19 18:18:14.351,1.48943,1.48957,7.50,3.00
2009.11.19 18:18:14.577,1.48937,1.48945,2.10,3.00
2009.11.19 18:18:16.876,1.48932,1.48944,1.50,1.50
2009.11.19 18:18:24.860,1.48936,1.48946,1.20,5.30
2009.11.19 18:18:27.322,1.48943,1.48956,1.50,1.20
2009.11.19 18:18:30.214,1.48956,1.48968,3.20,1.50
2009.11.19 18:18:32.626,1.48969,1.48979,2.70,1.90
2009.11.19 18:18:32.962,1.48974,1.48986,1.50,1.50
2009.11.19 18:18:37.033,1.48972,1.48984,20.00,1.50
2009.11.19 18:18:39.587,1.48967,1.48979,1.50,4.00
2009.11.19 18:18:43.341,1.48964,1.48976,3.00,1.90
2009.11.19 18:18:45.352,1.48963,1.48977,1.50,2.50
2009.11.19 18:18:52.150,1.48965,1.4898,1.50,1.50
2009.11.19 18:18:52.261,1.4897,1.48981,1.50,2.90
2009.11.19 18:18:55.773,1.4897,1.48984,1.80,1.50
2009.11.19 18:19:09.177,1.48973,1.48987,2.70,3.00
2009.11.19 18:19:10.843,1.48971,1.48986,1.50,5.90
2009.11.19 18:19:11.226,1.48975,1.48987,1.50,2.90
2009.11.19 18:19:18.784,1.48978,1.48986,2.70,1.50
2009.11.19 18:19:19.778,1.4898,1.48988,1.50,2.50
2009.11.19 18:19:22.705,1.48976,1.48986,3.60,3.20
2009.11.19 18:19:24.034,1.48964,1.48976,2.10,3.00
2009.11.19 18:19:27.065,1.48954,1.48962,1.50,3.20
2009.11.19 18:19:27.957,1.4894,1.48952,1.50,1.70
2009.11.19 18:19:40.737,1.48928,1.48941,1.50,4.90
2009.11.19 18:19:42.556,1.4892,1.48928,1.70,1.50
2009.11.19 18:19:47.008,1.48908,1.48922,1.50,2.50
2009.11.19 18:19:49.077,1.48907,1.48917,3.60,2.30
2009.11.19 18:19:51.248,1.48913,1.48927,1.90,2.30
2009.11.19 18:19:54.415,1.48923,1.48935,1.50,1.70
2009.11.19 18:19:56.165,1.48935,1.48945,1.70,1.20
2009.11.19 18:19:59.535,1.48937,1.48951,4.50,3.20
2009.11.19 18:20:01.221,1.48941,1.48955,1.70,1.50
2009.11.19 18:20:03.542,1.4894,1.48951,3.00,2.10
2009.11.19 18:20:08.073,1.48936,1.48946,5.30,1.50
2009.11.19 18:20:12.163,1.48933,1.48943,1.50,2.10
2009.11.19 18:20:14.164,1.48938,1.4895,4.00,1.70
2009.11.19 18:20:17.144,1.48956,1.48966,2.50,5.10
2009.11.19 18:20:21.422,1.48973,1.48985,1.50,2.30
2009.11.19 18:20:24.564,1.48982,1.48996,1.50,2.50
2009.11.19 18:20:26.793,1.48984,1.48994,1.50,3.40
2009.11.19 18:20:31.820,1.48981,1.48991,6.60,2.30
2009.11.19 18:20:38.191,1.48976,1.48987,1.80,2.70
2009.11.19 18:20:41.270,1.48973,1.48985,1.50,1.70
2009.11.19 18:20:44.551,1.48973,1.48985,1.70,10.20
2009.11.19 18:20:47.572,1.4897,1.48984,1.50,1.50
2009.11.19 18:20:52.193,1.48973,1.48984,1.50,1.50
2009.11.19 18:20:54.534,1.48975,1.48985,1.50,4.00
2009.11.19 18:21:00.425,1.48961,1.48977,1.20,1.70
2009.11.19 18:21:03.675,1.48962,1.48971,2.30,3.00
2009.11.19 18:21:04.142,1.48955,1.48967,2.30,1.70
2009.11.19 18:21:06.987,1.48948,1.48957,2.10,1.70
2009.11.19 18:21:10.585,1.48938,1.4895,1.50,2.70
2009.11.19 18:21:12.743,1.48935,1.48949,1.80,1.50
2009.11.19 18:21:14.947,1.48946,1.48958,1.70,12.60
2009.11.19 18:21:16.996,1.48958,1.4897,4.40,1.50
2009.11.19 18:21:19.476,1.48971,1.48984,2.70,1.50
2009.11.19 18:21:24.693,1.48981,1.48993,1.90,1.20
2009.11.19 18:21:30.529,1.48981,1.48995,1.50,1.50
2009.11.19 18:21:33.966,1.48974,1.48986,1.50,6.60
2009.11.19 18:21:36.006,1.48964,1.48977,3.40,9.50
2009.11.19 18:21:38.484,1.48957,1.48969,1.20,2.30
2009.11.19 18:21:42.032,1.48952,1.48968,5.50,1.50
2009.11.19 18:21:42.404,1.48954,1.48968,1.70,3.60
2009.11.19 18:21:44.946,1.48956,1.48972,1.50,2.70
2009.11.19 18:21:46.952,1.48968,1.48975,1.50,1.50
2009.11.19 18:21:47.784,1.48975,1.48985,2.30,5.10
2009.11.19 18:21:48.205,1.48977,1.48991,1.10,1.50
2009.11.19 18:22:05.075,1.48985,1.49001,2.30,2.30
2009.11.19 18:22:08.596,1.48989,1.49006,2.10,1.50
2009.11.19 18:22:11.714,1.48997,1.49012,2.80,2.80
2009.11.19 18:22:13.281,1.49004,1.49018,1.80,1.50
2009.11.19 18:22:13.745,1.49009,1.49019,3.20,6.20
2009.11.19 18:22:19.370,1.49008,1.49018,2.70,1.50
2009.11.19 18:22:26.573,1.49002,1.49014,1.50,1.90
2009.11.19 18:22:29.325,1.48999,1.49009,1.70,1.50
2009.11.19 18:22:32.877,1.4899,1.49001,1.50,3.00
2009.11.19 18:22:36.445,1.48981,1.48992,1.50,1.20
2009.11.19 18:22:39.335,1.4897,1.48982,3.90,1.20
2009.11.19 18:22:41.312,1.48959,1.48971,1.70,1.50
2009.11.19 18:22:43.900,1.48953,1.48967,2.30,1.50
2009.11.19 18:22:48.325,1.48957,1.48971,1.50,1.70
2009.11.19 18:22:53.056,1.48962,1.48978,4.50,3.20
2009.11.19 18:22:55.482,1.48969,1.4898,2.70,1.50
2009.11.19 18:22:56.585,1.48972,1.48984,3.00,4.50
2009.11.19 18:22:56.915,1.48975,1.48983,3.40,1.50
2009.11.19 18:23:03.792,1.4897,1.4898,1.90,1.50
2009.11.19 18:23:08.095,1.48976,1.48992,4.50,7.00
2009.11.19 18:23:10.297,1.48989,1.49002,2.70,1.50
2009.11.19 18:23:12.413,1.49,1.4901,2.30,1.50
2009.11.19 18:23:13.864,1.49002,1.49016,1.90,5.30
2009.11.19 18:23:13.982,1.49001,1.49009,1.50,11.70
2009.11.19 18:23:15.796,1.48991,1.49003,5.70,2.80
2009.11.19 18:23:19.116,1.48984,1.48994,3.40,4.50
2009.11.19 18:23:25.353,1.48978,1.48985,1.50,1.20
2009.11.19 18:23:27.424,1.48968,1.48975,1.90,1.50
2009.11.19 18:23:29.253,1.48957,1.48967,1.50,1.90
2009.11.19 18:23:29.632,1.4895,1.48964,3.60,1.50
2009.11.19 18:23:33.883,1.48953,1.48963,3.00,1.90
2009.11.19 18:23:44.374,1.48952,1.4897,1.50,1.40
2009.11.19 18:23:47.566,1.48957,1.48971,2.70,3.00
2009.11.19 18:23:49.676,1.48958,1.48974,2.30,2.50
2009.11.19 18:23:53.888,1.4896,1.48974,1.90,1.50
2009.11.19 18:23:54.646,1.48961,1.48975,18.10,7.50
2009.11.19 18:23:57.716,1.48962,1.48976,2.30,2.50
2009.11.19 18:24:03.129,1.48967,1.48977,53.90,1.50
2009.11.19 18:24:04.346,1.4897,1.4898,3.00,2.70
2009.11.19 18:24:04.499,1.48971,1.48986,2.50,14.10
2009.11.19 18:24:04.871,1.48977,1.48985,6.00,1.90
2009.11.19 18:24:06.248,1.48976,1.4899,3.60,7.90
2009.11.19 18:24:07.209,1.48982,1.48992,1.40,1.50
2009.11.19 18:24:09.350,1.48984,1.48998,5.10,1.50
2009.11.19 18:24:12.289,1.4899,1.49002,3.40,3.40
2009.11.19 18:24:12.971,1.48997,1.49011,1.50,1.70
2009.11.19 18:24:15.086,1.49006,1.49016,2.30,1.40
2009.11.19 18:24:17.288,1.49006,1.49018,2.30,1.50
2009.11.19 18:24:20.426,1.48998,1.49012,1.50,1.50
2009.11.19 18:24:21.000,1.48992,1.49005,1.70,1.50
2009.11.19 18:24:23.061,1.48984,1.48997,1.70,3.80
2009.11.19 18:24:23.501,1.48978,1.48988,1.70,2.30
2009.11.19 18:24:25.561,1.48971,1.48979,1.50,3.60
2009.11.19 18:24:26.489,1.48962,1.48974,1.50,4.70
2009.11.19 18:24:26.934,1.48957,1.48969,1.50,3.40
2009.11.19 18:24:27.175,1.4895,1.4896,17.30,1.20
2009.11.19 18:24:29.331,1.48945,1.48952,3.40,1.50
2009.11.19 18:24:30.562,1.4894,1.48952,4.20,1.50
2009.11.19 18:24:33.902,1.48944,1.48957,3.30,1.70
2009.11.19 18:24:36.990,1.4895,1.48963,7.00,3.80
2009.11.19 18:24:41.052,1.48955,1.4897,3.00,1.70
2009.11.19 18:24:43.332,1.48959,1.48974,1.50,1.70
2009.11.19 18:24:45.462,1.48963,1.48977,1.50,1.70
2009.11.19 18:24:49.752,1.48968,1.48982,1.70,1.50
2009.11.19 18:24:53.470,1.48972,1.48984,1.90,1.50
2009.11.19 18:25:04.196,1.48982,1.48992,5.30,2.50
2009.11.19 18:25:04.534,1.48979,1.48987,2.30,1.50
2009.11.19 18:25:04.983,1.48973,1.48984,3.00,1.50
2009.11.19 18:25:20.907,1.48966,1.48979,1.90,7.00
2009.11.19 18:25:26.653,1.48959,1.48972,2.30,1.50
2009.11.19 18:25:27.630,1.48951,1.48967,3.60,1.50
2009.11.19 18:25:28.475,1.48953,1.48963,2.90,1.50
2009.11.19 18:25:30.491,1.48961,1.48971,1.50,1.20
2009.11.19 18:25:32.543,1.48972,1.48982,2.50,1.70
2009.11.19 18:25:32.987,1.48983,1.48995,1.10,1.50
2009.11.19 18:25:33.107,1.48998,1.49006,3.80,4.00
2009.11.19 18:25:33.985,1.49002,1.49015,1.50,1.70
2009.11.19 18:25:36.364,1.48997,1.49009,1.50,2.50
2009.11.19 18:25:38.475,1.48989,1.49005,1.50,1.70
2009.11.19 18:25:41.047,1.48985,1.48998,5.10,1.70
2009.11.19 18:25:43.194,1.48982,1.48994,1.80,1.50
2009.11.19 18:25:45.345,1.48982,1.48994,3.20,1.50
2009.11.19 18:25:48.815,1.48984,1.48996,1.70,5.10
2009.11.19 18:25:50.835,1.48989,1.48998,1.50,3.80
2009.11.19 18:25:51.195,1.48989,1.49005,1.50,3.20
2009.11.19 18:26:02.120,1.48996,1.49014,1.50,1.50
2009.11.19 18:26:06.139,1.49016,1.49028,20.90,1.70
2009.11.19 18:26:07.442,1.49016,1.49028,1.50,2.10
2009.11.19 18:26:08.181,1.48996,1.4901,1.10,1.50
2009.11.19 18:26:16.462,1.48983,1.48995,1.90,1.50
2009.11.19 18:26:21.601,1.48985,1.48997,5.90,4.40
2009.11.19 18:26:37.210,1.48993,1.49007,6.60,3.80
2009.11.19 18:26:41.129,1.49001,1.49017,1.20,3.00
2009.11.19 18:26:46.323,1.49013,1.49025,3.80,2.90
2009.11.19 18:26:51.108,1.49017,1.49031,1.70,1.50
2009.11.19 18:27:02.072,1.49021,1.49035,4.40,3.10
2009.11.19 18:27:04.194,1.49022,1.49031,2.10,1.50
2009.11.19 18:27:06.227,1.49021,1.49031,1.50,2.90
2009.11.19 18:27:08.247,1.4902,1.49032,3.80,2.90
2009.11.19 18:27:11.196,1.49022,1.49034,1.50,3.80
2009.11.19 18:27:13.215,1.49029,1.49039,3.40,2.50
2009.11.19 18:27:15.225,1.49035,1.49047,1.50,1.70
2009.11.19 18:27:17.815,1.49044,1.49052,3.00,1.50
2009.11.19 18:27:18.142,1.49045,1.49059,1.50,3.60
2009.11.19 18:27:18.494,1.49043,1.4905,1.50,1.50
2009.11.19 18:27:18.604,1.49034,1.49046,1.50,1.70
2009.11.19 18:27:21.525,1.49028,1.4904,6.60,3.80
2009.11.19 18:27:24.015,1.49024,1.49036,1.50,1.50
2009.11.19 18:27:26.196,1.49016,1.49026,5.70,1.50
2009.11.19 18:27:28.249,1.49006,1.4902,3.00,3.60
2009.11.19 18:27:32.020,1.48998,1.4901,3.00,4.10
2009.11.19 18:27:34.206,1.48994,1.49006,53.90,1.50
2009.11.19 18:27:36.367,1.48998,1.4901,3.60,4.70
2009.11.19 18:27:38.683,1.49004,1.49018,2.70,2.30
2009.11.19 18:27:38.902,1.49012,1.49018,1.90,3.20
2009.11.19 18:27:39.187,1.4901,1.49026,1.70,4.40
2009.11.19 18:27:39.459,1.49014,1.49022,2.70,1.90
2009.11.19 18:27:42.652,1.49015,1.49023,1.70,1.90
2009.11.19 18:27:42.992,1.49016,1.49026,5.70,1.50
2009.11.19 18:27:43.112,1.49018,1.49027,1.50,2.50
2009.11.19 18:27:45.124,1.49017,1.49032,4.20,1.50
2009.11.19 18:27:45.787,1.49018,1.49032,5.70,3.00
2009.11.19 18:27:47.186,1.49021,1.49032,1.50,2.10
2009.11.19 18:27:49.267,1.49023,1.49033,22.20,1.40
2009.11.19 18:27:52.315,1.49024,1.49035,2.10,1.70
2009.11.19 18:27:54.836,1.49025,1.49035,4.60,2.40
2009.11.19 18:28:02.112,1.49025,1.49039,1.50,1.70
2009.11.19 18:28:03.359,1.49028,1.49043,3.20,1.50
2009.11.19 18:28:03.588,1.49036,1.49044,5.10,1.50
2009.11.19 18:28:04.121,1.4904,1.4905,1.40,1.40
2009.11.19 18:28:06.692,1.49047,1.49059,2.40,1.50
2009.11.19 18:28:07.916,1.49052,1.49068,1.50,9.80
2009.11.19 18:28:09.024,1.49054,1.49066,1.70,1.90
2009.11.19 18:28:12.121,1.49045,1.49057,1.30,1.50
2009.11.19 18:28:14.433,1.49033,1.49046,2.30,2.50
2009.11.19 18:28:16.793,1.4902,1.49033,6.10,1.30
2009.11.19 18:28:21.373,1.49007,1.49021,1.70,3.00
2009.11.19 18:28:25.531,1.49004,1.49016,11.60,2.10
2009.11.19 18:28:26.654,1.49006,1.49018,1.50,1.20
2009.11.19 18:28:29.962,1.49013,1.49025,1.60,1.50
2009.11.19 18:28:32.743,1.49016,1.49029,1.50,3.00
2009.11.19 18:28:38.029,1.4902,1.49034,1.50,1.50
2009.11.19 18:28:48.623,1.49021,1.49035,4.20,3.40
2009.11.19 18:28:54.174,1.49021,1.49035,1.50,1.50
2009.11.19 18:29:05.669,1.49012,1.49026,1.50,1.50
2009.11.19 18:29:12.677,1.4901,1.49022,2.70,4.00
2009.11.19 18:29:18.938,1.49005,1.49017,2.30,2.50
2009.11.19 18:29:24.057,1.49003,1.49012,1.50,2.10
2009.11.19 18:29:27.318,1.49002,1.49014,3.40,15.00
2009.11.19 18:29:29.669,1.49007,1.49019,3.80,1.50
2009.11.19 18:29:33.108,1.49017,1.49027,1.50,2.50
2009.11.19 18:29:36.548,1.49026,1.49034,4.40,1.50
2009.11.19 18:29:38.747,1.49034,1.49042,2.30,1.20
2009.11.19 18:29:40.956,1.49043,1.49052,1.70,1.50
2009.11.19 18:29:43.387,1.49054,1.49063,4.50,1.40
2009.11.19 18:29:45.398,1.49061,1.49073,2.50,4.70
2009.11.19 18:29:48.948,1.49069,1.49077,1.20,5.30
2009.11.19 18:29:51.068,1.49067,1.49075,5.30,5.10
2009.11.19 18:29:53.089,1.49064,1.49073,1.20,1.70
2009.11.19 18:29:55.118,1.49059,1.49069,1.20,1.70
2009.11.19 18:29:58.569,1.49058,1.49066,3.80,1.50
2009.11.19 18:30:04.410,1.49057,1.49069,1.50,1.50
2009.11.19 18:30:12.151,1.49062,1.49073,7.40,1.50
2009.11.19 18:30:14.184,1.49067,1.4908,1.50,1.50
2009.11.19 18:30:17.698,1.49077,1.49085,1.50,3.20
2009.11.19 18:30:17.930,1.49088,1.49092,5.10,1.50
2009.11.19 18:30:20.484,1.49095,1.49105,1.40,1.50
2009.11.19 18:30:22.673,1.49103,1.49113,1.20,3.00
2009.11.19 18:30:25.545,1.49102,1.49112,3.40,1.50
2009.11.19 18:30:28.629,1.49091,1.49101,3.40,1.50
2009.11.19 18:30:32.554,1.49078,1.49086,1.70,1.50
2009.11.19 18:30:34.584,1.49063,1.49073,1.90,4.20
2009.11.19 18:30:34.805,1.49049,1.49058,1.50,1.50
2009.11.19 18:30:34.915,1.49032,1.49044,1.50,2.10
2009.11.19 18:30:37.885,1.49029,1.49039,2.30,1.50
2009.11.19 18:30:40.202,1.49035,1.49045,1.20,1.20
2009.11.19 18:30:40.630,1.49044,1.49054,2.30,3.20
2009.11.19 18:30:42.896,1.49052,1.49062,1.80,1.50
2009.11.19 18:30:45.375,1.49057,1.49068,1.50,3.40
2009.11.19 18:30:48.173,1.49059,1.49072,3.00,1.90
2009.11.19 18:30:50.242,1.49059,1.49071,3.80,4.90
2009.11.19 18:30:50.573,1.49061,1.49067,2.50,1.50
2009.11.19 18:30:51.714,1.49054,1.4907,2.90,8.70
2009.11.19 18:31:31.438,1.4907,1.49084,1.60,2.50
2009.11.19 18:31:41.776,1.49079,1.49091,3.00,1.90
2009.11.19 18:31:44.439,1.49076,1.49086,1.10,16.20
2009.11.19 18:31:47.683,1.49061,1.49071,4.40,3.10
2009.11.19 18:31:50.423,1.49051,1.49061,3.20,1.20
2009.11.19 18:31:52.854,1.49056,1.49066,2.90,3.00
2009.11.19 18:31:55.087,1.49064,1.49075,1.50,1.50
2009.11.19 18:31:57.337,1.49069,1.49079,2.30,1.50
2009.11.19 18:32:18.011,1.49068,1.4908,1.30,3.00
2009.11.19 18:32:23.505,1.49074,1.49085,1.50,1.10
2009.11.19 18:32:23.947,1.49079,1.49092,1.50,4.00
2009.11.19 18:32:24.671,1.49085,1.49097,4.50,3.20
2009.11.19 18:32:27.011,1.49081,1.49093,1.50,2.70
2009.11.19 18:32:33.840,1.49065,1.49077,1.50,1.70
2009.11.19 18:32:39.121,1.49048,1.4906,1.50,2.50
2009.11.19 18:32:39.871,1.49039,1.49049,1.50,4.00
2009.11.19 18:32:42.958,1.49041,1.49053,3.20,6.20
2009.11.19 18:32:45.362,1.49049,1.49059,3.40,1.50
2009.11.19 18:32:48.281,1.49055,1.49068,3.40,4.40
2009.11.19 18:32:51.081,1.49061,1.49075,3.20,1.70
2009.11.19 18:32:53.128,1.49067,1.49079,1.50,1.20
2009.11.19 18:32:58.442,1.49071,1.49083,3.80,1.50
2009.11.19 18:33:02.385,1.49069,1.49081,2.30,1.50
2009.11.19 18:33:04.543,1.49063,1.49074,2.10,3.00
2009.11.19 18:33:08.181,1.49055,1.49067,2.10,1.50
2009.11.19 18:33:10.190,1.49045,1.49057,3.40,1.50
2009.11.19 18:33:10.410,1.49045,1.49053,1.50,2.50
2009.11.19 18:33:11.232,1.49049,1.49061,1.50,1.50
2009.11.19 18:33:15.240,1.49055,1.49069,1.50,1.50
2009.11.19 18:33:19.192,1.49063,1.49076,1.50,1.50
2009.11.19 18:33:27.813,1.49072,1.49085,2.70,1.90
2009.11.19 18:33:32.579,1.49082,1.49095,1.80,1.50
2009.11.19 18:33:35.026,1.49094,1.49102,2.70,2.30
2009.11.19 18:33:37.170,1.49097,1.49107,1.90,3.00
2009.11.19 18:33:39.283,1.49096,1.49106,1.70,1.50
2009.11.19 18:33:40.174,1.49094,1.49101,3.80,1.50
2009.11.19 18:33:41.193,1.49087,1.491,1.50,3.40
2009.11.19 18:33:44.413,1.49086,1.49098,3.40,1.50
2009.11.19 18:33:54.386,1.49085,1.49097,2.10,2.30
2009.11.19 18:34:03.354,1.49075,1.49087,2.30,2.70
2009.11.19 18:34:06.144,1.49065,1.49076,1.50,1.50
2009.11.19 18:34:12.363,1.49052,1.49061,3.20,1.50
2009.11.19 18:34:14.998,1.49042,1.49049,15.60,5.50
2009.11.19 18:34:17.582,1.49037,1.49047,1.50,6.20
2009.11.19 18:34:19.885,1.49045,1.49057,1.40,3.20
2009.11.19 18:34:22.254,1.49057,1.49067,1.50,1.70
2009.11.19 18:34:24.465,1.49069,1.49081,1.70,1.50
2009.11.19 18:34:32.783,1.49081,1.49095,3.40,1.50
2009.11.19 18:34:40.743,1.49091,1.49104,1.70,17.10
2009.11.19 18:34:40.972,1.49094,1.49104,5.70,1.50
2009.11.19 18:34:41.096,1.49088,1.491,3.00,2.50
2009.11.19 18:34:43.785,1.49081,1.49093,1.50,1.50
2009.11.19 18:34:46.000,1.49073,1.49085,1.50,2.10
2009.11.19 18:34:49.583,1.49066,1.49076,2.30,2.30
2009.11.19 18:34:50.933,1.4906,1.4907,1.50,1.70
2009.11.19 18:34:54.961,1.49054,1.49063,1.50,2.50
2009.11.19 18:34:57.514,1.49049,1.49061,1.50,1.50
2009.11.19 18:34:57.632,1.4905,1.49056,3.40,2.50
2009.11.19 18:35:03.412,1.49053,1.49067,1.50,3.40
2009.11.19 18:35:11.603,1.49054,1.49066,1.50,1.20
2009.11.19 18:35:14.610,1.49056,1.49069,1.90,1.50
2009.11.19 18:35:14.760,1.49058,1.49071,2.10,2.30
2009.11.19 18:35:15.831,1.49064,1.49076,1.50,1.70
2009.11.19 18:35:16.057,1.49071,1.49078,2.10,4.00
2009.11.19 18:35:17.671,1.49075,1.49087,1.50,2.10
2009.11.19 18:35:20.058,1.49074,1.49087,1.70,1.50
2009.11.19 18:35:22.171,1.49068,1.49078,4.50,1.50
2009.11.19 18:35:22.830,1.49058,1.49069,2.70,1.90
2009.11.19 18:35:25.091,1.49048,1.49059,2.70,1.90
2009.11.19 18:35:27.412,1.49037,1.4905,1.50,2.50
2009.11.19 18:35:29.621,1.49028,1.4904,1.20,1.20
2009.11.19 18:35:30.840,1.49024,1.49034,2.10,2.30
2009.11.19 18:35:34.652,1.49028,1.49038,1.50,1.70
2009.11.19 18:35:36.769,1.49034,1.49046,1.30,4.70
2009.11.19 18:35:38.312,1.49042,1.49054,1.20,2.30
2009.11.19 18:35:40.406,1.49049,1.49061,1.30,6.10
2009.11.19 18:35:40.522,1.49053,1.49067,2.30,10.00
2009.11.19 18:35:41.261,1.4906,1.49069,2.90,2.30
2009.11.19 18:35:48.701,1.49065,1.49071,2.90,1.50
2009.11.19 18:35:51.292,1.49064,1.49074,2.90,1.50
2009.11.19 18:35:53.391,1.49063,1.49075,1.50,1.70
2009.11.19 18:36:07.082,1.49046,1.49058,2.30,1.50
2009.11.19 18:36:10.343,1.49048,1.49059,1.20,3.40
2009.11.19 18:36:21.264,1.49048,1.49059,2.90,3.00
2009.11.19 18:36:23.274,1.49048,1.49059,2.30,1.70
2009.11.19 18:36:30.382,1.49045,1.49059,1.50,1.20
2009.11.19 18:36:31.140,1.49043,1.49055,1.50,2.40
2009.11.19 18:36:31.582,1.49038,1.49048,4.20,3.40
2009.11.19 18:36:32.425,1.49034,1.49044,2.90,3.00
2009.11.19 18:36:34.540,1.49033,1.49043,1.50,1.50
2009.11.19 18:36:38.250,1.49035,1.4905,4.50,2.50
2009.11.19 18:36:38.472,1.49045,1.49053,17.10,1.70
2009.11.19 18:36:39.661,1.49049,1.49056,1.50,1.50
2009.11.19 18:36:39.991,1.49051,1.49063,1.40,1.40
2009.11.19 18:36:40.105,1.49052,1.49066,1.90,2.50
2009.11.19 18:36:41.090,1.4906,1.49067,2.10,1.90
2009.11.19 18:36:42.973,1.49064,1.49074,2.70,1.90
2009.11.19 18:36:51.575,1.49069,1.4908,1.90,4.40
2009.11.19 18:36:55.253,1.49075,1.49089,1.50,2.10
2009.11.19 18:36:57.672,1.49078,1.49092,4.00,4.20
2009.11.19 18:37:04.789,1.4908,1.49094,2.70,1.50
2009.11.19 18:37:07.509,1.49092,1.49103,2.30,1.70
2009.11.19 18:37:09.578,1.49103,1.49116,1.20,1.70
2009.11.19 18:37:12.930,1.49117,1.4913,2.70,1.50
2009.11.19 18:37:16.448,1.49128,1.4914,2.70,3.40
2009.11.19 18:37:21.609,1.49131,1.49144,1.50,11.00
2009.11.19 18:37:24.976,1.49123,1.49135,1.70,1.50
2009.11.19 18:37:27.150,1.49111,1.49124,2.50,3.20
2009.11.19 18:37:29.659,1.49098,1.49111,1.50,4.70
2009.11.19 18:37:31.810,1.49087,1.491,1.70,1.50
2009.11.19 18:37:35.379,1.49077,1.49089,2.30,3.00
2009.11.19 18:37:37.379,1.49069,1.49081,1.50,1.70
2009.11.19 18:37:39.418,1.49063,1.49079,1.10,1.50
2009.11.19 18:37:41.627,1.49072,1.49084,2.10,1.10
2009.11.19 18:37:45.354,1.49082,1.49092,1.70,1.50
2009.11.19 18:37:48.039,1.49088,1.49102,1.30,1.70
2009.11.19 18:37:50.139,1.49098,1.49108,1.90,7.00
2009.11.19 18:37:52.149,1.49104,1.49114,1.50,1.10
2009.11.19 18:37:54.208,1.49107,1.49119,1.50,1.90
2009.11.19 18:37:56.380,1.49111,1.49123,3.00,1.50
2009.11.19 18:37:56.448,1.49114,1.49124,1.50,3.00
2009.11.19 18:38:04.226,1.4911,1.4912,1.50,1.70
2009.11.19 18:38:05.674,1.49102,1.49114,1.20,6.20
2009.11.19 18:38:07.893,1.49094,1.49105,1.50,3.40
2009.11.19 18:38:08.336,1.49082,1.49094,5.30,1.50
2009.11.19 18:38:10.345,1.4907,1.49082,1.50,3.40
2009.11.19 18:38:12.437,1.49065,1.49077,1.50,1.50
2009.11.19 18:38:14.786,1.49072,1.4908,5.50,2.30
2009.11.19 18:38:17.111,1.49075,1.49088,20.00,1.50
2009.11.19 18:38:18.847,1.49084,1.49094,1.20,3.40
2009.11.19 18:38:20.415,1.4909,1.491,3.20,1.50
2009.11.19 18:38:22.367,1.49095,1.49107,1.70,3.60
2009.11.19 18:38:26.037,1.49104,1.49114,2.10,1.90
2009.11.19 18:38:28.956,1.49112,1.49124,1.50,2.50
2009.11.19 18:38:32.267,1.49121,1.49133,2.30,1.90
2009.11.19 18:38:35.896,1.49125,1.49137,3.00,1.50
2009.11.19 18:38:37.926,1.49122,1.49134,3.00,2.50
2009.11.19 18:38:39.935,1.49114,1.49126,3.20,2.90
2009.11.19 18:38:43.357,1.49106,1.49118,1.60,1.90
2009.11.19 18:38:45.592,1.491,1.49112,2.30,4.00
2009.11.19 18:38:47.645,1.49097,1.49107,3.40,1.40
2009.11.19 18:38:49.784,1.49099,1.49107,1.50,1.50
2009.11.19 18:38:50.450,1.491,1.4911,2.30,1.40
2009.11.19 18:38:50.571,1.49105,1.49118,1.50,1.70
2009.11.19 18:38:52.277,1.49114,1.49125,3.00,5.10
2009.11.19 18:38:55.827,1.49119,1.49129,5.30,1.50
2009.11.19 18:39:03.190,1.49122,1.49132,3.00,1.70
2009.11.19 18:39:07.009,1.49128,1.49138,1.70,1.70
2009.11.19 18:39:09.509,1.49119,1.49131,1.50,1.20
2009.11.19 18:39:21.109,1.49092,1.49106,3.80,2.90
2009.11.19 18:39:23.619,1.49075,1.49089,4.20,1.20
2009.11.19 18:39:26.568,1.49077,1.4909,2.30,1.70
2009.11.19 18:39:38.150,1.49085,1.49099,6.80,4.70
2009.11.19 18:39:42.119,1.49093,1.49107,4.20,1.20
2009.11.19 18:39:58.490,1.49098,1.49112,2.50,4.00
2009.11.19 18:40:06.949,1.49079,1.49087,2.70,1.90
2009.11.19 18:40:09.320,1.49068,1.49081,3.80,1.50
2009.11.19 18:40:09.544,1.49061,1.49068,1.50,4.70
2009.11.19 18:40:10.607,1.49055,1.49067,3.40,3.40
2009.11.19 18:40:16.425,1.49061,1.49073,12.30,1.50
2009.11.19 18:40:18.695,1.49071,1.49084,2.30,3.00
2009.11.19 18:40:21.445,1.49085,1.49097,1.50,2.50
2009.11.19 18:40:34.595,1.49098,1.4911,2.70,1.50
2009.11.19 18:40:42.045,1.49104,1.49116,1.50,1.50
2009.11.19 18:40:42.144,1.49102,1.49114,6.40,4.40
2009.11.19 18:40:47.198,1.49098,1.49111,2.10,3.00
2009.11.19 18:40:54.053,1.49097,1.49109,3.00,5.10
2009.11.19 18:41:09.507,1.49074,1.49086,1.50,1.70
2009.11.19 18:41:11.228,1.49063,1.49076,6.60,9.60
2009.11.19 18:41:14.398,1.49063,1.49077,1.50,1.20
2009.11.19 18:41:26.117,1.4908,1.49092,2.90,1.50
2009.11.19 18:41:30.194,1.49095,1.49099,5.90,3.50
2009.11.19 18:41:32.027,1.49091,1.49103,1.40,6.40
2009.11.19 18:41:33.405,1.49087,1.49101,1.50,2.70
2009.11.19 18:41:43.808,1.4909,1.49095,1.50,2.90
2009.11.19 18:41:50.116,1.49084,1.49098,1.50,2.70
2009.11.19 18:42:11.376,1.49081,1.49091,4.50,5.30
2009.11.19 18:42:13.469,1.49086,1.49101,1.70,2.30
2009.11.19 18:42:22.279,1.49098,1.49112,2.90,1.50
2009.11.19 18:42:24.355,1.49108,1.49122,1.50,2.30
2009.11.19 18:42:26.499,1.49112,1.49125,1.50,1.90
2009.11.19 18:42:28.865,1.49101,1.49115,1.50,3.80
2009.11.19 18:42:29.539,1.49087,1.49101,1.50,1.70
2009.11.19 18:42:32.139,1.49072,1.49086,2.30,2.50
2009.11.19 18:42:35.049,1.49065,1.49079,6.20,3.80
2009.11.19 18:42:39.938,1.49066,1.49082,5.10,1.50
2009.11.19 18:42:42.027,1.49072,1.49084,2.80,2.50
2009.11.19 18:42:42.777,1.4908,1.49091,3.60,1.50
2009.11.19 18:42:51.379,1.49086,1.49101,1.50,1.50
2009.11.19 18:42:55.580,1.4909,1.49102,1.50,4.20
2009.11.19 18:43:04.014,1.49079,1.49091,3.00,3.40
2009.11.19 18:43:06.240,1.49063,1.49074,2.60,2.10
2009.11.19 18:43:08.507,1.49062,1.49074,1.60,1.70
2009.11.19 18:43:14.848,1.49082,1.49094,1.50,1.50
2009.11.19 18:43:15.156,1.49097,1.49107,1.50,1.70
2009.11.19 18:43:15.838,1.49096,1.49108,2.30,5.80
2009.11.19 18:43:28.255,1.49089,1.49107,3.00,1.70
2009.11.19 18:43:36.235,1.49088,1.491,1.50,8.50
2009.11.19 18:44:09.030,1.49075,1.49087,1.90,1.50
2009.11.19 18:44:11.438,1.49077,1.4909,1.50,1.50
2009.11.19 18:44:15.289,1.49082,1.49095,1.20,1.50
2009.11.19 18:44:17.494,1.49085,1.49098,4.40,1.50
2009.11.19 18:44:19.529,1.49082,1.49094,1.50,2.30
2009.11.19 18:44:22.192,1.49069,1.49077,1.50,1.90
2009.11.19 18:44:24.316,1.49053,1.49065,1.20,2.30
2009.11.19 18:44:30.336,1.49041,1.49059,5.30,1.50
2009.11.19 18:44:33.140,1.49043,1.49056,2.50,1.50
2009.11.19 18:44:35.660,1.49048,1.49058,1.50,2.90
2009.11.19 18:44:45.137,1.49053,1.49063,4.50,5.30
2009.11.19 18:44:54.048,1.4906,1.4907,1.90,2.50
2009.11.19 18:44:56.300,1.49065,1.49077,4.20,1.50
2009.11.19 18:44:58.368,1.4907,1.4908,1.90,1.50
2009.11.19 18:45:03.168,1.49067,1.49079,1.50,1.50
2009.11.19 18:45:03.388,1.49061,1.49068,2.10,3.00
2009.11.19 18:45:21.296,1.49067,1.49075,1.50,1.90
2009.11.19 18:45:30.899,1.49084,1.49098,1.30,4.70
2009.11.19 18:45:40.526,1.49098,1.4911,2.10,2.30
2009.11.19 18:45:46.754,1.49097,1.49113,5.30,1.50
2009.11.19 18:45:47.018,1.49096,1.49104,2.80,2.10
2009.11.19 18:45:49.257,1.49091,1.49101,6.60,2.30
2009.11.19 18:45:53.817,1.49086,1.491,1.30,1.50
2009.11.19 18:46:01.030,1.49098,1.49108,1.50,3.20
2009.11.19 18:46:09.170,1.49101,1.49113,2.30,1.90
2009.11.19 18:46:13.254,1.49106,1.49117,2.40,1.50
2009.11.19 18:46:16.670,1.49108,1.49115,1.50,1.70
2009.11.19 18:46:19.757,1.49098,1.49108,2.70,1.50
2009.11.19 18:46:22.660,1.49084,1.49096,1.50,1.70
2009.11.19 18:46:24.780,1.49072,1.49082,1.90,2.70
2009.11.19 18:46:29.231,1.49065,1.49077,3.20,1.90
2009.11.19 18:46:34.984,1.49068,1.49081,1.50,8.50
2009.11.19 18:46:35.791,1.49074,1.49086,1.50,2.10
2009.11.19 18:46:44.571,1.49081,1.49095,2.30,2.10
2009.11.19 18:46:47.100,1.49088,1.491,7.30,2.30
2009.11.19 18:46:49.270,1.49091,1.49103,1.50,4.20
2009.11.19 18:47:02.885,1.49097,1.49107,1.70,2.30
2009.11.19 18:47:07.343,1.49101,1.49107,1.90,3.00
2009.11.19 18:47:09.423,1.49104,1.49115,1.70,4.20
2009.11.19 18:47:23.293,1.49112,1.49123,1.20,3.40
2009.11.19 18:47:26.345,1.49122,1.49132,3.80,1.50
2009.11.19 18:47:29.524,1.49129,1.49141,2.50,4.50
2009.11.19 18:47:32.835,1.49129,1.49141,1.50,1.70
2009.11.19 18:47:35.095,1.49114,1.49128,1.50,1.90
2009.11.19 18:47:37.843,1.49095,1.49109,3.40,3.40
2009.11.19 18:47:41.913,1.49079,1.49091,1.90,1.50
2009.11.19 18:47:44.345,1.49069,1.49081,1.50,1.40
2009.11.19 18:47:47.173,1.49073,1.49085,3.80,4.90
2009.11.19 18:47:49.031,1.4908,1.49092,3.00,2.10
2009.11.19 18:47:49.943,1.49084,1.491,3.40,1.50
2009.11.19 18:47:52.083,1.4909,1.49102,3.00,5.10
2009.11.19 18:47:52.194,1.49092,1.49107,1.50,3.60
2009.11.19 18:47:54.333,1.49095,1.49106,2.90,3.00
2009.11.19 18:47:54.561,1.49098,1.49104,3.60,1.50
2009.11.19 18:47:56.654,1.49093,1.49107,1.30,1.50
2009.11.19 18:48:03.178,1.49077,1.49091,2.30,1.90
2009.11.19 18:48:05.449,1.49083,1.49095,1.50,2.70
2009.11.19 18:48:09.341,1.49087,1.49099,1.70,1.50
2009.11.19 18:48:18.009,1.49087,1.491,1.50,1.50
2009.11.19 18:48:20.014,1.49084,1.49098,2.90,1.50
2009.11.19 18:48:22.795,1.49079,1.49092,1.50,4.50
2009.11.19 18:48:23.888,1.49073,1.49085,1.70,1.50
2009.11.19 18:48:26.348,1.49074,1.49086,3.40,3.40
2009.11.19 18:48:28.448,1.49084,1.49094,3.60,4.90
2009.11.19 18:48:29.399,1.49095,1.49107,8.30,3.00
2009.11.19 18:48:30.711,1.49107,1.49119,1.20,3.40
2009.11.19 18:48:31.107,1.49117,1.4913,1.70,1.50
2009.11.19 18:48:32.208,1.49131,1.49143,1.50,1.10
2009.11.19 18:48:32.716,1.49147,1.49153,1.50,2.30
2009.11.19 18:48:32.943,1.49157,1.49169,3.40,5.10
2009.11.19 18:48:33.170,1.49168,1.49172,1.30,1.50
2009.11.19 18:48:33.776,1.49161,1.49173,5.10,1.90
2009.11.19 18:48:35.777,1.49155,1.49169,1.50,4.90
2009.11.19 18:48:39.370,1.49147,1.49161,2.30,1.70
2009.11.19 18:48:41.704,1.49142,1.49156,1.50,3.40
2009.11.19 18:48:53.197,1.4914,1.49151,1.50,1.50
2009.11.19 18:48:55.218,1.49137,1.49149,1.50,1.70
2009.11.19 18:49:01.311,1.49122,1.49134,1.70,2.30
2009.11.19 18:49:03.772,1.49119,1.49127,1.70,5.70
2009.11.19 18:49:05.984,1.49111,1.49125,2.30,1.70
2009.11.19 18:49:09.772,1.49104,1.49116,2.30,5.10
2009.11.19 18:49:12.493,1.49095,1.49107,4.50,5.30
2009.11.19 18:49:19.079,1.49088,1.491,2.30,1.50
2009.11.19 18:49:19.809,1.49088,1.491,4.40,1.50
2009.11.19 18:49:23.462,1.491,1.49112,1.50,3.20
2009.11.19 18:49:26.962,1.49117,1.49127,3.00,2.70
2009.11.19 18:49:30.551,1.49135,1.49148,1.50,1.70
2009.11.19 18:49:32.671,1.49153,1.49165,1.40,8.70
2009.11.19 18:49:34.803,1.49162,1.4917,2.50,3.00
2009.11.19 18:49:38.951,1.49153,1.49167,2.10,1.90
2009.11.19 18:49:41.302,1.49147,1.49155,2.30,2.30
2009.11.19 18:49:41.426,1.49138,1.49144,1.50,1.50
2009.11.19 18:49:43.109,1.49125,1.49137,2.40,1.50
2009.11.19 18:49:45.193,1.49115,1.49126,1.70,4.20
2009.11.19 18:49:53.942,1.49105,1.49116,2.30,1.90
2009.11.19 18:49:57.272,1.49101,1.49111,13.50,1.40
2009.11.19 18:50:05.272,1.49086,1.49098,3.00,2.70
2009.11.19 18:50:08.278,1.4909,1.49098,2.30,1.10
2009.11.19 18:50:10.288,1.49094,1.49104,2.30,1.70
2009.11.19 18:50:12.300,1.491,1.49107,1.50,1.20
2009.11.19 18:50:12.409,1.49104,1.49109,1.50,4.20
2009.11.19 18:50:14.231,1.49103,1.49114,2.30,1.50
2009.11.19 18:50:14.449,1.49107,1.49117,4.00,1.50
2009.11.19 18:50:18.301,1.49109,1.49123,5.30,5.10
2009.11.19 18:50:18.413,1.49117,1.49129,1.50,5.90
2009.11.19 18:50:21.192,1.49127,1.49134,1.50,1.50
2009.11.19 18:50:24.532,1.49133,1.49144,6.20,1.50
2009.11.19 18:50:26.547,1.49137,1.49147,1.20,9.20
2009.11.19 18:50:27.985,1.4913,1.49142,1.50,1.20
2009.11.19 18:50:28.103,1.49124,1.49137,1.70,2.70
2009.11.19 18:50:28.481,1.49119,1.49133,1.20,5.30
2009.11.19 18:50:29.730,1.49117,1.49126,2.30,1.70
2009.11.19 18:50:30.970,1.49113,1.49125,3.60,3.20
2009.11.19 18:50:31.192,1.49115,1.49119,1.70,3.00
2009.11.19 18:50:32.641,1.49111,1.4912,1.50,1.50
2009.11.19 18:50:35.266,1.49104,1.49115,1.50,1.20
2009.11.19 18:50:35.820,1.49102,1.49108,1.50,9.80
2009.11.19 18:50:36.186,1.49093,1.49099,5.70,1.50
2009.11.19 18:50:36.632,1.49084,1.49096,1.90,2.50
2009.11.19 18:50:37.119,1.49083,1.49091,2.30,3.20
2009.11.19 18:50:37.809,1.49086,1.49098,2.50,1.50
2009.11.19 18:50:39.139,1.49093,1.49105,1.50,2.70
2009.11.19 18:50:39.253,1.49101,1.49109,1.90,3.20
2009.11.19 18:50:39.380,1.49106,1.49114,6.80,4.70
2009.11.19 18:50:40.062,1.4911,1.49116,1.50,1.70
2009.11.19 18:50:42.207,1.49112,1.49123,1.50,1.20
2009.11.19 18:50:42.320,1.49117,1.49122,1.20,3.40
2009.11.19 18:50:43.038,1.49118,1.49128,5.30,1.50
2009.11.19 18:50:43.376,1.4912,1.49133,3.60,1.70
2009.11.19 18:50:45.680,1.49125,1.49138,1.70,1.50
2009.11.19 18:50:48.430,1.49129,1.49139,2.70,1.50
2009.11.19 18:50:50.440,1.4913,1.49143,3.20,2.30
2009.11.19 18:50:55.199,1.49131,1.49145,1.50,2.50
2009.11.19 18:51:06.489,1.49134,1.49142,2.50,1.50
2009.11.19 18:51:08.728,1.49129,1.49138,1.40,2.30
2009.11.19 18:51:11.408,1.49123,1.49134,1.20,5.30
2009.11.19 18:51:13.428,1.49115,1.49125,1.50,2.10
2009.11.19 18:51:16.278,1.49104,1.4912,4.50,1.50
2009.11.19 18:51:16.606,1.4911,1.49116,2.30,2.50
2009.11.19 18:51:18.704,1.49118,1.4913,3.40,1.50
2009.11.19 18:51:20.798,1.49133,1.49145,3.20,1.90
2009.11.19 18:51:23.438,1.49148,1.4916,1.50,1.70
2009.11.19 18:51:25.858,1.49159,1.49171,12.60,3.80
2009.11.19 18:51:28.018,1.49162,1.49176,1.50,1.70
2009.11.19 18:51:30.108,1.4916,1.49172,15.60,3.00
2009.11.19 18:51:39.679,1.49155,1.49165,4.50,2.30
2009.11.19 18:51:42.372,1.49147,1.49157,3.40,6.60
2009.11.19 18:51:42.494,1.49141,1.49153,1.70,3.00
2009.11.19 18:51:42.844,1.49138,1.49147,1.50,1.50
2009.11.19 18:51:48.054,1.49134,1.49146,1.50,5.70
2009.11.19 18:51:48.683,1.49133,1.49146,2.90,1.90
2009.11.19 18:51:54.702,1.49132,1.49146,1.50,1.50
2009.11.19 18:51:56.636,1.49133,1.49147,1.30,1.50
2009.11.19 18:52:01.186,1.49132,1.49144,1.50,1.50
2009.11.19 18:52:03.234,1.49133,1.49142,2.30,1.50
2009.11.19 18:52:03.831,1.49132,1.49143,1.50,1.40
2009.11.19 18:52:04.164,1.49138,1.49148,1.50,2.70
2009.11.19 18:52:06.191,1.49144,1.49156,2.30,1.50
2009.11.19 18:52:08.444,1.49147,1.49157,4.70,3.00
2009.11.19 18:52:12.371,1.49142,1.49156,2.30,3.20
2009.11.19 18:52:14.266,1.49139,1.49151,3.10,2.70
2009.11.19 18:52:15.095,1.49133,1.49147,2.30,2.90
2009.11.19 18:52:17.284,1.49131,1.49143,1.20,24.30
2009.11.19 18:52:19.592,1.49127,1.49143,3.80,1.50
2009.11.19 18:52:25.525,1.49124,1.4914,2.30,2.90
2009.11.19 18:52:25.577,1.49124,1.4913,4.50,2.50
2009.11.19 18:52:35.055,1.49112,1.49126,1.50,1.50
2009.11.19 18:52:37.320,1.49105,1.49119,1.50,1.70
2009.11.19 18:52:37.547,1.49102,1.49116,1.40,1.50
2009.11.19 18:52:37.878,1.4911,1.49117,1.50,3.40
2009.11.19 18:52:39.429,1.49114,1.49128,1.90,14.00
2009.11.19 18:52:41.788,1.49122,1.49135,1.50,1.50
2009.11.19 18:52:45.265,1.49127,1.49141,1.50,3.60
2009.11.19 18:52:47.732,1.49131,1.49143,8.10,1.20
2009.11.19 18:52:47.854,1.49134,1.49141,1.40,6.40
2009.11.19 18:52:48.904,1.49132,1.49142,3.40,1.40
2009.11.19 18:52:49.086,1.49129,1.49142,1.50,4.70
2009.11.19 18:52:52.593,1.49128,1.4914,1.50,1.90
2009.11.19 18:52:54.134,1.49126,1.49138,1.50,1.40
2009.11.19 18:53:04.188,1.49124,1.49134,1.70,1.50
2009.11.19 18:53:06.800,1.49122,1.49134,3.00,2.50
2009.11.19 18:53:08.948,1.49124,1.49135,3.80,2.90
2009.11.19 18:53:09.144,1.4913,1.4914,4.50,1.50
2009.11.19 18:53:12.347,1.49134,1.49146,1.50,3.40
2009.11.19 18:53:14.931,1.49134,1.49146,1.50,1.60
2009.11.19 18:53:16.969,1.49127,1.49135,3.00,1.90
2009.11.19 18:53:22.538,1.49114,1.49126,1.50,1.90
2009.11.19 18:53:28.194,1.49103,1.49117,1.70,3.00
2009.11.19 18:53:33.728,1.49095,1.49107,2.30,1.50
2009.11.19 18:53:33.939,1.49092,1.49104,1.50,1.40
2009.11.19 18:53:36.817,1.49097,1.49107,2.70,1.80
2009.11.19 18:53:38.925,1.49103,1.49113,3.40,5.70
2009.11.19 18:53:49.588,1.49107,1.49119,1.90,1.50
2009.11.19 18:53:53.799,1.49112,1.49124,1.50,2.50
2009.11.19 18:53:56.655,1.49112,1.49124,1.70,1.50
2009.11.19 18:53:59.066,1.49115,1.49123,2.10,1.50
2009.11.19 18:54:01.092,1.49144,1.49156,7.00,3.80
2009.11.19 18:54:03.626,1.49144,1.49157,2.30,1.50
2009.11.19 18:54:05.972,1.49147,1.49159,1.50,2.90
2009.11.19 18:54:06.122,1.4915,1.4916,1.90,14.00
2009.11.19 18:54:09.712,1.49146,1.49158,2.50,2.30
2009.11.19 18:54:11.753,1.49138,1.49152,1.50,1.50
2009.11.19 18:54:19.691,1.49128,1.49141,1.50,1.70
2009.11.19 18:54:21.918,1.49122,1.49132,1.50,2.30
2009.11.19 18:54:24.161,1.49115,1.49121,2.50,1.50
2009.11.19 18:54:25.330,1.49105,1.49115,3.00,1.50
2009.11.19 18:54:26.241,1.49097,1.49105,1.90,2.50
2009.11.19 18:54:29.063,1.49092,1.49104,6.40,1.50
2009.11.19 18:54:31.174,1.49096,1.4911,1.70,3.80
2009.11.19 18:54:33.923,1.49102,1.49117,2.30,1.90
2009.11.19 18:54:37.314,1.49109,1.49124,4.20,1.70
2009.11.19 18:54:42.363,1.49115,1.49127,1.50,3.40
2009.11.19 18:54:43.322,1.49119,1.49129,3.20,2.90
2009.11.19 18:54:47.654,1.49121,1.49132,3.00,1.50
2009.11.19 18:54:50.503,1.49123,1.49132,11.60,2.10
2009.11.19 18:54:53.763,1.49122,1.49136,1.50,9.80
2009.11.19 18:54:55.869,1.49124,1.49134,3.00,1.50
2009.11.19 18:55:01.412,1.49122,1.49132,1.50,3.60
2009.11.19 18:55:02.591,1.49117,1.49128,5.50,1.50
2009.11.19 18:55:02.705,1.49112,1.49125,2.30,2.50
2009.11.19 18:55:03.253,1.49105,1.49117,1.20,1.50
2009.11.19 18:55:05.584,1.49097,1.49107,1.50,1.90
2009.11.19 18:55:06.063,1.49089,1.49096,1.50,4.00
2009.11.19 18:55:06.736,1.49077,1.49089,3.00,1.20
2009.11.19 18:55:07.493,1.49072,1.49084,6.50,1.20
2009.11.19 18:55:09.540,1.49073,1.49087,1.70,3.60
2009.11.19 18:55:17.552,1.49077,1.49092,1.70,2.70
2009.11.19 18:55:22.954,1.49083,1.49096,1.50,2.70
2009.11.19 18:55:27.834,1.49092,1.49103,1.50,1.50
2009.11.19 18:55:30.673,1.49102,1.49112,1.50,6.60
2009.11.19 18:55:32.690,1.49112,1.49128,6.80,1.50
2009.11.19 18:55:35.263,1.49126,1.49138,1.20,1.70
2009.11.19 18:55:38.643,1.49134,1.49144,2.30,1.90
2009.11.19 18:55:38.752,1.49129,1.49145,1.50,1.50
2009.11.19 18:55:39.141,1.49127,1.49137,2.70,4.70
2009.11.19 18:55:42.787,1.49117,1.49132,1.30,3.00
2009.11.19 18:55:44.955,1.49114,1.49125,1.50,1.20
2009.11.19 18:55:50.164,1.4911,1.49122,3.20,1.50
2009.11.19 18:55:52.365,1.49106,1.4912,1.50,2.50
2009.11.19 18:56:09.920,1.49112,1.49124,6.00,3.60
2009.11.19 18:56:12.004,1.49124,1.49136,1.90,7.00
2009.11.19 18:56:16.581,1.49138,1.49152,3.60,4.70
2009.11.19 18:56:18.891,1.49152,1.49166,2.40,3.40
2009.11.19 18:56:21.441,1.49152,1.49164,1.50,2.10
2009.11.19 18:56:23.912,1.4913,1.49143,1.90,3.00
2009.11.19 18:56:28.031,1.49106,1.49121,1.50,2.90
2009.11.19 18:56:29.257,1.49091,1.49105,2.30,1.90
2009.11.19 18:56:30.212,1.49091,1.49107,1.50,1.50
2009.11.19 18:56:30.951,1.491,1.49114,1.50,2.90
2009.11.19 18:56:34.450,1.49109,1.49121,1.50,2.50
2009.11.19 18:56:38.794,1.49116,1.49129,2.30,1.50
2009.11.19 18:56:45.518,1.49124,1.49136,2.30,3.40
2009.11.19 18:56:48.171,1.4913,1.49144,1.20,1.20
2009.11.19 18:56:52.531,1.49137,1.4915,1.70,3.80
2009.11.19 18:56:57.669,1.49141,1.49153,3.00,2.90
2009.11.19 18:57:02.613,1.49138,1.49146,3.20,1.50
2009.11.19 18:57:06.682,1.4914,1.4915,1.50,4.20
2009.11.19 18:57:08.691,1.49143,1.49155,1.50,2.50
2009.11.19 18:57:09.021,1.49148,1.4916,3.00,4.40
2009.11.19 18:57:10.429,1.49155,1.49167,6.60,3.80
2009.11.19 18:57:12.817,1.49162,1.49176,1.50,3.20
2009.11.19 18:57:15.332,1.49165,1.49175,1.50,1.50
2009.11.19 18:57:19.821,1.49159,1.49168,1.50,2.30
2009.11.19 18:57:23.822,1.49147,1.49159,1.20,1.50
2009.11.19 18:57:26.931,1.49135,1.49145,5.30,4.50
2009.11.19 18:57:29.491,1.49124,1.4913,1.50,4.00
2009.11.19 18:57:31.651,1.49116,1.49128,1.50,1.50
2009.11.19 18:57:38.221,1.49119,1.49131,2.30,1.50
2009.11.19 18:57:40.222,1.49125,1.49137,2.50,1.90
2009.11.19 18:57:42.431,1.4913,1.49142,1.70,2.70
2009.11.19 18:57:45.361,1.49133,1.49145,1.50,1.20
2009.11.19 18:57:47.512,1.49132,1.49146,1.50,1.20
2009.11.19 18:57:49.548,1.49132,1.49145,1.90,3.40
2009.11.19 18:57:55.390,1.49131,1.49144,1.50,2.30
2009.11.19 18:57:57.611,1.4913,1.49139,1.50,3.80
2009.11.19 18:57:59.682,1.49126,1.49138,1.20,1.90
2009.11.19 18:58:02.880,1.49136,1.49146,1.40,1.50
2009.11.19 18:58:04.950,1.49137,1.4915,1.90,1.50
2009.11.19 18:58:07.480,1.49143,1.49155,1.50,4.70
2009.11.19 18:58:09.540,1.49149,1.49161,1.50,1.40
2009.11.19 18:58:14.850,1.4916,1.49172,1.50,2.50
2009.11.19 18:58:25.511,1.49168,1.4918,1.90,1.90
2009.11.19 18:58:27.547,1.49169,1.49181,2.10,1.50
2009.11.19 18:58:29.581,1.49157,1.49169,2.10,4.00
2009.11.19 18:58:31.818,1.4914,1.49152,2.30,1.50
2009.11.19 18:58:33.982,1.49123,1.49138,1.40,1.50
2009.11.19 18:58:44.355,1.49117,1.49127,3.00,1.50
2009.11.19 18:58:45.481,1.49119,1.49131,1.90,1.90
2009.11.19 18:58:49.131,1.49124,1.49138,1.70,5.30
2009.11.19 18:58:51.610,1.49133,1.49142,4.00,2.50
2009.11.19 18:58:51.726,1.49138,1.49146,1.50,1.90
2009.11.19 18:58:51.852,1.49143,1.49149,2.50,1.50
2009.11.19 18:58:52.100,1.49142,1.49154,2.90,2.30
2009.11.19 18:59:01.793,1.49149,1.49161,1.40,1.50
2009.11.19 18:59:11.060,1.49143,1.49156,1.50,2.50
2009.11.19 18:59:12.804,1.49135,1.49147,3.80,4.00
2009.11.19 18:59:15.003,1.49126,1.49138,1.40,1.50
2009.11.19 18:59:18.335,1.49125,1.49139,3.00,2.50
2009.11.19 18:59:32.123,1.49135,1.49149,3.00,1.20
2009.11.19 18:59:34.472,1.49148,1.49162,1.90,1.90
2009.11.19 18:59:36.622,1.4916,1.49174,1.50,3.80
2009.11.19 18:59:38.652,1.49165,1.49177,5.50,1.50
2009.11.19 18:59:41.821,1.49164,1.49176,1.50,1.70
2009.11.19 18:59:48.160,1.49158,1.49174,2.30,1.70
2009.11.19 18:59:50.933,1.49154,1.4917,1.50,5.70
2009.11.19 18:59:51.097,1.49156,1.49166,1.90,1.90
2009.11.19 18:59:53.336,1.49154,1.49168,1.50,1.50
