2021.11.16 19:00:00.427,1.13272,1.13274,0.10,0.75
2021.11.16 19:00:00.528,1.13273,1.13275,0.10,0.75
2021.11.16 19:00:00.782,1.13271,1.13274,2.02,0.75
2021.11.16 19:00:00.934,1.13273,1.13275,0.10,0.75
2021.11.16 19:00:01.035,1.13275,1.13277,0.10,0.75
2021.11.16 19:00:02.251,1.13274,1.13277,0.82,0.75
2021.11.16 19:00:04.105,1.13275,1.13277,0.10,0.75
2021.11.16 19:00:04.207,1.13274,1.13277,0.82,0.75
2021.11.16 19:00:05.210,1.13275,1.13278,0.82,0.75
2021.11.16 19:00:06.881,1.13276,1.13278,0.10,0.75
2021.11.16 19:00:07.044,1.13278,1.1328,0.10,0.75
2021.11.16 19:00:07.145,1.13278,1.13281,0.82,0.75
2021.11.16 19:00:08.105,1.13278,1.1328,0.82,0.19
2021.11.16 19:00:08.207,1.1328,1.13282,0.10,0.75
2021.11.16 19:00:08.462,1.13279,1.13281,4.16,0.75
2021.11.16 19:00:08.564,1.13283,1.13285,0.10,0.75
2021.11.16 19:00:08.666,1.13285,1.13287,0.10,0.75
2021.11.16 19:00:08.869,1.13285,1.13287,1.95,0.75
2021.11.16 19:00:09.071,1.13285,1.13287,0.10,0.75
2021.11.16 19:00:09.189,1.13286,1.13288,0.10,0.75
2021.11.16 19:00:09.828,1.13285,1.13288,4.69,0.75
2021.11.16 19:00:10.338,1.13287,1.13289,0.10,0.75
2021.11.16 19:00:10.560,1.13286,1.13289,0.75,0.82
2021.11.16 19:00:10.686,1.13286,1.13287,0.82,0.75
2021.11.16 19:00:14.102,1.13286,1.13288,0.10,0.75
2021.11.16 19:00:15.296,1.13284,1.13286,0.10,0.75
2021.11.16 19:00:15.398,1.13283,1.13285,0.52,0.75
2021.11.16 19:00:15.651,1.13285,1.13287,0.10,0.75
2021.11.16 19:00:15.752,1.13285,1.13288,0.82,1.50
2021.11.16 19:00:16.814,1.13286,1.13288,0.10,0.75
2021.11.16 19:00:16.916,1.1329,1.13292,0.75,0.75
2021.11.16 19:00:17.021,1.13291,1.13292,0.82,0.75
2021.11.16 19:00:18.085,1.13289,1.13292,0.82,0.75
2021.11.16 19:00:18.187,1.13288,1.1329,0.45,0.19
2021.11.16 19:00:18.288,1.13287,1.13289,2.77,0.75
2021.11.16 19:00:18.339,1.13288,1.13291,0.82,0.75
2021.11.16 19:00:18.390,1.1329,1.13292,0.10,0.75
2021.11.16 19:00:19.031,1.13291,1.13294,0.82,0.75
2021.11.16 19:00:19.537,1.13292,1.13294,1.50,0.75
2021.11.16 19:00:19.639,1.13291,1.13294,0.75,0.82
2021.11.16 19:00:19.841,1.1329,1.13293,0.82,0.75
2021.11.16 19:00:26.298,1.13292,1.13295,1.57,1.12
2021.11.16 19:00:27.079,1.13294,1.13297,0.82,3.68
2021.11.16 19:00:27.874,1.13295,1.13297,0.10,0.75
2021.11.16 19:00:28.154,1.13294,1.13297,0.82,0.75
2021.11.16 19:00:29.724,1.13292,1.13294,1.94,0.75
2021.11.16 19:00:29.826,1.13291,1.13293,0.45,0.75
2021.11.16 19:00:29.876,1.13292,1.13295,0.82,0.75
2021.11.16 19:00:29.978,1.13291,1.13294,0.82,0.75
2021.11.16 19:00:30.437,1.1329,1.13293,0.82,0.75
2021.11.16 19:00:34.479,1.13287,1.1329,3.07,0.75
2021.11.16 19:00:34.682,1.13288,1.13291,0.75,0.82
2021.11.16 19:00:34.885,1.13289,1.13292,0.75,0.82
2021.11.16 19:00:36.107,1.13291,1.13292,0.10,0.75
2021.11.16 19:00:37.152,1.13289,1.13292,0.82,0.75
2021.11.16 19:00:38.899,1.1329,1.13293,0.75,0.82
2021.11.16 19:00:42.816,1.13293,1.13296,0.10,3.68
2021.11.16 19:00:42.918,1.13292,1.13294,0.10,0.75
2021.11.16 19:00:43.890,1.1329,1.13293,0.82,0.75
2021.11.16 19:00:47.328,1.13291,1.13293,0.10,0.75
2021.11.16 19:00:48.036,1.13292,1.13295,1.57,0.75
2021.11.16 19:00:49.172,1.13293,1.13296,0.10,3.00
2021.11.16 19:00:49.223,1.13291,1.13295,1.28,1.76
2021.11.16 19:00:49.274,1.1329,1.13293,2.77,0.75
2021.11.16 19:00:49.376,1.13289,1.13292,0.82,1.12
2021.11.16 19:00:49.477,1.13289,1.13291,0.10,0.75
2021.11.16 19:00:50.153,1.13288,1.13291,0.82,0.75
2021.11.16 19:00:51.402,1.13289,1.13292,0.75,0.82
2021.11.16 19:00:53.390,1.13287,1.13289,1.94,0.75
2021.11.16 19:00:53.543,1.13286,1.13289,0.75,0.82
2021.11.16 19:00:55.205,1.13283,1.13285,1.94,0.10
2021.11.16 19:00:55.257,1.1328,1.13283,1.20,0.75
2021.11.16 19:00:56.376,1.13281,1.13283,0.10,0.75
2021.11.16 19:00:56.478,1.13281,1.13284,0.82,0.75
2021.11.16 19:00:58.097,1.13282,1.13284,0.10,0.75
2021.11.16 19:00:58.881,1.13283,1.13285,0.10,0.75
2021.11.16 19:01:02.337,1.13282,1.13285,0.82,0.75
2021.11.16 19:01:03.105,1.13285,1.13288,0.82,4.06
2021.11.16 19:01:03.656,1.13286,1.13288,0.10,0.75
2021.11.16 19:01:06.400,1.13287,1.1329,2.32,2.56
2021.11.16 19:01:06.501,1.13287,1.13291,1.57,0.82
2021.11.16 19:01:06.603,1.13287,1.1329,1.57,0.75
2021.11.16 19:01:07.057,1.13288,1.1329,0.10,0.75
2021.11.16 19:01:09.328,1.13286,1.13289,0.82,0.75
2021.11.16 19:01:09.955,1.13288,1.1329,0.10,0.75
2021.11.16 19:01:10.400,1.13287,1.1329,1.95,0.75
2021.11.16 19:01:10.988,1.13286,1.13289,0.82,0.75
2021.11.16 19:01:11.089,1.13289,1.13292,0.10,5.18
2021.11.16 19:01:11.242,1.13288,1.1329,0.10,0.75
2021.11.16 19:01:11.743,1.13287,1.1329,0.82,0.75
2021.11.16 19:01:12.166,1.13287,1.13289,0.75,0.10
2021.11.16 19:01:16.101,1.13287,1.1329,0.75,1.39
2021.11.16 19:01:16.438,1.13288,1.13291,0.82,1.12
2021.11.16 19:01:19.398,1.13294,1.13296,0.75,1.12
2021.11.16 19:01:19.449,1.13292,1.13295,0.94,0.82
2021.11.16 19:01:19.550,1.13292,1.13294,0.75,0.10
2021.11.16 19:01:19.813,1.1329,1.13293,0.75,1.01
2021.11.16 19:01:19.966,1.13289,1.13292,0.75,1.01
2021.11.16 19:01:20.119,1.1329,1.13293,0.82,0.75
2021.11.16 19:01:21.148,1.13291,1.13294,0.82,0.75
2021.11.16 19:01:24.401,1.13292,1.13294,0.75,1.57
2021.11.16 19:01:24.502,1.13292,1.13294,0.75,1.95
2021.11.16 19:01:28.511,1.13296,1.13298,0.75,3.38
2021.11.16 19:01:28.804,1.13296,1.13299,0.75,1.20
2021.11.16 19:01:29.119,1.13296,1.13297,0.82,0.75
2021.11.16 19:01:30.794,1.13295,1.13298,0.75,5.25
2021.11.16 19:01:33.307,1.13295,1.13297,0.75,1.50
2021.11.16 19:01:33.408,1.13297,1.13299,0.75,2.62
2021.11.16 19:01:33.509,1.13297,1.133,0.75,1.57
2021.11.16 19:01:34.072,1.13299,1.13302,0.82,1.50
2021.11.16 19:01:34.174,1.133,1.13303,0.75,3.00
2021.11.16 19:01:34.275,1.13298,1.13299,3.52,1.69
2021.11.16 19:01:34.377,1.13298,1.13299,0.75,3.00
2021.11.16 19:01:36.820,1.13298,1.13302,2.03,2.25
2021.11.16 19:01:36.871,1.133,1.13303,0.75,1.57
2021.11.16 19:01:37.023,1.13299,1.13302,0.75,1.20
2021.11.16 19:01:38.084,1.133,1.13303,0.75,3.75
2021.11.16 19:01:38.186,1.13301,1.13303,0.75,0.37
2021.11.16 19:01:41.397,1.13299,1.13303,0.10,3.75
2021.11.16 19:01:41.498,1.133,1.13303,0.75,1.57
2021.11.16 19:01:41.549,1.13302,1.13305,0.94,1.12
2021.11.16 19:01:41.650,1.13303,1.13306,0.75,0.10
2021.11.16 19:01:41.752,1.13302,1.13307,0.82,5.63
2021.11.16 19:01:42.056,1.13305,1.13308,0.75,4.20
2021.11.16 19:01:43.098,1.13306,1.13309,0.75,6.00
2021.11.16 19:01:43.514,1.13304,1.13307,0.75,0.75
2021.11.16 19:01:47.099,1.13306,1.13309,0.75,0.75
2021.11.16 19:01:51.103,1.13307,1.1331,1.57,0.75
2021.11.16 19:01:51.154,1.13308,1.13312,0.10,5.25
2021.11.16 19:01:51.255,1.13307,1.1331,0.75,0.75
2021.11.16 19:01:51.357,1.13305,1.13308,0.75,1.50
2021.11.16 19:01:52.174,1.13305,1.13307,0.75,0.10
2021.11.16 19:01:54.487,1.13302,1.13307,0.10,3.07
2021.11.16 19:01:54.814,1.13302,1.13304,0.75,2.25
2021.11.16 19:01:54.866,1.133,1.13301,2.13,1.20
2021.11.16 19:01:56.164,1.13301,1.13302,0.75,0.75
2021.11.16 19:02:00.047,1.13299,1.13302,0.75,0.82
2021.11.16 19:02:00.148,1.13301,1.13303,0.75,6.12
2021.11.16 19:02:00.251,1.133,1.13303,0.82,1.50
2021.11.16 19:02:04.877,1.13301,1.13303,0.75,0.75
2021.11.16 19:02:04.979,1.13301,1.13304,0.75,0.75
2021.11.16 19:02:05.080,1.13302,1.13304,0.10,0.75
2021.11.16 19:02:05.132,1.13303,1.13306,0.82,0.75
2021.11.16 19:02:05.233,1.13302,1.13305,0.82,3.75
2021.11.16 19:02:09.108,1.13303,1.13306,0.82,3.75
2021.11.16 19:02:09.472,1.13306,1.13307,0.82,2.25
2021.11.16 19:02:09.573,1.13306,1.13309,0.82,0.75
2021.11.16 19:02:11.191,1.13308,1.13309,0.75,0.75
2021.11.16 19:02:11.971,1.13305,1.13308,0.10,1.69
2021.11.16 19:02:12.073,1.13303,1.13306,0.75,0.82
2021.11.16 19:02:15.689,1.13302,1.13305,0.82,0.75
2021.11.16 19:02:15.796,1.13303,1.13305,0.10,0.75
2021.11.16 19:02:16.821,1.13303,1.13306,0.82,3.75
2021.11.16 19:02:18.087,1.13306,1.13308,0.75,5.56
2021.11.16 19:02:18.239,1.13306,1.13309,0.82,3.75
2021.11.16 19:02:20.752,1.13304,1.13307,0.82,0.75
2021.11.16 19:02:22.330,1.13308,1.1331,0.37,3.75
2021.11.16 19:02:22.381,1.13311,1.13313,0.10,0.75
2021.11.16 19:02:23.041,1.1331,1.13313,0.82,4.50
2021.11.16 19:02:26.011,1.13308,1.13311,0.82,3.75
2021.11.16 19:02:26.113,1.1331,1.13313,0.82,3.31
2021.11.16 19:02:26.316,1.1331,1.13312,0.10,0.75
2021.11.16 19:02:26.895,1.13311,1.13314,0.75,0.82
2021.11.16 19:02:27.210,1.13311,1.13312,0.82,3.75
2021.11.16 19:02:30.072,1.1331,1.13311,0.75,0.10
2021.11.16 19:02:31.086,1.1331,1.13313,0.75,0.82
2021.11.16 19:02:33.686,1.13311,1.13314,0.75,1.20
2021.11.16 19:02:34.377,1.13309,1.13312,0.75,0.82
2021.11.16 19:02:34.478,1.13308,1.13311,1.27,0.75
2021.11.16 19:02:35.836,1.13309,1.13312,0.75,1.57
2021.11.16 19:02:45.418,1.13307,1.1331,1.95,0.75
2021.11.16 19:02:46.291,1.13306,1.13309,0.75,0.75
2021.11.16 19:02:56.324,1.13307,1.1331,1.95,0.75
2021.11.16 19:03:00.501,1.13306,1.13309,0.82,0.75
2021.11.16 19:03:11.564,1.13303,1.13305,3.44,0.75
2021.11.16 19:03:11.666,1.13302,1.13305,1.57,0.75
2021.11.16 19:03:16.448,1.13305,1.13308,0.75,3.82
2021.11.16 19:03:16.499,1.13303,1.13305,0.75,0.75
2021.11.16 19:03:16.601,1.13302,1.13305,2.03,0.75
2021.11.16 19:03:19.940,1.13303,1.13306,0.75,0.82
2021.11.16 19:03:21.345,1.13302,1.13305,0.75,0.82
2021.11.16 19:03:21.598,1.133,1.13301,3.07,0.75
2021.11.16 19:03:21.700,1.13299,1.13301,0.10,0.75
2021.11.16 19:03:21.801,1.13298,1.13301,0.94,0.75
2021.11.16 19:03:22.274,1.13297,1.13299,0.82,0.75
2021.11.16 19:03:22.375,1.13297,1.133,0.82,0.75
2021.11.16 19:03:22.830,1.13298,1.133,0.37,0.75
2021.11.16 19:03:23.387,1.13301,1.13302,0.75,0.82
2021.11.16 19:03:23.489,1.13299,1.13302,0.82,0.75
2021.11.16 19:03:27.639,1.13301,1.13304,0.82,0.75
2021.11.16 19:03:27.740,1.13302,1.13304,0.10,0.75
2021.11.16 19:03:28.725,1.13303,1.13306,0.82,0.75
2021.11.16 19:03:40.803,1.13305,1.13308,0.75,0.82
2021.11.16 19:03:45.578,1.13306,1.13308,0.75,0.10
2021.11.16 19:03:48.511,1.13307,1.13308,0.75,0.82
2021.11.16 19:03:55.779,1.13305,1.13308,0.75,1.57
2021.11.16 19:03:55.880,1.13304,1.13307,0.82,0.75
2021.11.16 19:03:59.255,1.13304,1.13306,0.10,0.75
2021.11.16 19:03:59.608,1.13303,1.13306,0.82,0.75
2021.11.16 19:04:03.587,1.13301,1.13304,0.82,0.75
2021.11.16 19:04:04.384,1.13301,1.13303,0.75,0.10
2021.11.16 19:04:04.435,1.13299,1.13301,0.10,0.75
2021.11.16 19:04:04.587,1.13298,1.13301,0.75,0.75
2021.11.16 19:04:06.066,1.13297,1.133,0.82,0.75
2021.11.16 19:04:06.218,1.13299,1.133,0.75,0.82
2021.11.16 19:04:08.620,1.133,1.13303,0.75,3.82
2021.11.16 19:04:09.310,1.13301,1.13304,0.82,0.75
2021.11.16 19:04:09.512,1.13302,1.13304,0.10,0.75
2021.11.16 19:04:42.192,1.13301,1.13302,1.50,0.75
2021.11.16 19:04:42.243,1.13299,1.13301,4.27,0.75
2021.11.16 19:04:44.429,1.133,1.13303,0.75,3.75
2021.11.16 19:04:47.575,1.13302,1.13304,0.75,0.75
2021.11.16 19:04:48.264,1.13301,1.13304,1.12,0.75
2021.11.16 19:04:50.398,1.13304,1.13305,0.75,0.75
2021.11.16 19:04:51.410,1.13301,1.13304,1.69,0.75
2021.11.16 19:04:55.095,1.13299,1.13302,0.75,0.75
2021.11.16 19:04:58.891,1.13298,1.13301,0.75,0.75
2021.11.16 19:05:00.188,1.13297,1.13299,1.20,0.75
2021.11.16 19:05:03.678,1.13293,1.13295,0.75,0.75
2021.11.16 19:05:03.779,1.13292,1.13295,0.75,0.75
2021.11.16 19:05:03.982,1.13291,1.13293,0.37,1.50
2021.11.16 19:05:04.033,1.13289,1.13291,0.75,0.75
2021.11.16 19:05:04.134,1.13288,1.13291,0.75,0.75
2021.11.16 19:05:05.619,1.13289,1.13291,1.50,0.75
2021.11.16 19:05:05.670,1.13291,1.13294,0.75,0.75
2021.11.16 19:05:06.033,1.13292,1.13295,0.75,0.75
2021.11.16 19:05:08.935,1.13289,1.13291,3.89,0.75
2021.11.16 19:05:09.087,1.13289,1.13291,1.12,0.75
2021.11.16 19:05:13.891,1.13289,1.13292,0.75,0.75
2021.11.16 19:05:16.623,1.13286,1.13289,4.01,0.75
2021.11.16 19:05:17.302,1.13287,1.1329,0.75,0.75
2021.11.16 19:05:22.918,1.13286,1.13289,1.39,0.75
2021.11.16 19:05:29.355,1.13284,1.13288,0.75,4.57
2021.11.16 19:05:29.406,1.13286,1.13288,0.75,4.20
2021.11.16 19:05:29.560,1.13284,1.13288,0.75,1.57
2021.11.16 19:05:30.113,1.13285,1.13288,0.75,0.75
2021.11.16 19:05:32.651,1.13284,1.13288,0.75,0.82
2021.11.16 19:05:34.655,1.13285,1.13288,0.75,0.75
2021.11.16 19:05:41.181,1.13286,1.13289,1.12,0.75
2021.11.16 19:05:41.283,1.13287,1.1329,1.50,0.75
2021.11.16 19:05:42.185,1.13288,1.13291,1.87,0.75
2021.11.16 19:05:43.301,1.13289,1.13293,0.75,3.75
2021.11.16 19:05:44.588,1.13287,1.13289,2.62,0.75
2021.11.16 19:05:44.690,1.13286,1.13289,1.12,0.75
2021.11.16 19:05:47.339,1.13287,1.1329,0.82,0.75
2021.11.16 19:05:54.349,1.13287,1.13289,0.10,0.75
2021.11.16 19:05:54.450,1.13286,1.13289,2.51,0.75
2021.11.16 19:05:55.812,1.13286,1.13288,0.10,0.75
2021.11.16 19:05:56.952,1.13285,1.13288,0.82,0.75
2021.11.16 19:05:58.156,1.13285,1.13287,0.82,0.75
2021.11.16 19:05:59.316,1.13282,1.13286,0.45,3.00
2021.11.16 19:05:59.367,1.13281,1.13283,10.23,0.75
2021.11.16 19:05:59.469,1.1328,1.13283,5.51,0.75
2021.11.16 19:06:06.208,1.13279,1.13282,0.10,0.75
2021.11.16 19:06:06.309,1.13278,1.13282,1.57,0.75
2021.11.16 19:06:11.254,1.13279,1.13282,5.70,0.75
2021.11.16 19:06:11.356,1.1328,1.13282,2.70,0.75
2021.11.16 19:06:11.826,1.13282,1.13285,2.25,0.75
2021.11.16 19:06:17.309,1.13281,1.13284,0.45,0.75
2021.11.16 19:06:22.909,1.1328,1.13283,0.75,0.75
2021.11.16 19:06:23.072,1.13278,1.1328,1.87,0.75
2021.11.16 19:06:23.173,1.13277,1.13279,1.94,0.19
2021.11.16 19:06:23.224,1.13275,1.13278,2.69,0.75
2021.11.16 19:06:23.578,1.13274,1.13277,0.75,0.75
2021.11.16 19:06:25.502,1.13272,1.13274,2.32,0.75
2021.11.16 19:06:25.604,1.13271,1.13274,4.83,0.75
2021.11.16 19:06:25.806,1.13272,1.13275,0.75,0.75
2021.11.16 19:06:26.515,1.13277,1.13279,0.75,6.57
2021.11.16 19:06:26.566,1.13275,1.13278,0.75,0.75
2021.11.16 19:06:26.718,1.13274,1.13277,1.12,0.75
2021.11.16 19:06:31.681,1.13273,1.13276,0.75,0.75
2021.11.16 19:06:32.078,1.13272,1.13276,1.95,0.75
2021.11.16 19:06:32.179,1.13272,1.13275,1.95,0.75
2021.11.16 19:06:36.267,1.13276,1.13279,0.75,6.31
2021.11.16 19:06:36.369,1.13275,1.13278,3.07,0.75
2021.11.16 19:06:38.064,1.13279,1.13282,3.82,0.75
2021.11.16 19:06:38.115,1.13282,1.13284,3.26,2.56
2021.11.16 19:06:38.217,1.13281,1.13284,1.39,0.75
2021.11.16 19:06:38.538,1.1328,1.13283,1.20,0.75
2021.11.16 19:06:38.741,1.13279,1.13282,2.32,0.75
2021.11.16 19:06:39.333,1.13278,1.13282,3.82,0.75
2021.11.16 19:06:46.010,1.13278,1.1328,1.57,0.75
2021.11.16 19:07:01.078,1.13277,1.1328,3.90,0.75
2021.11.16 19:07:01.129,1.13275,1.13277,2.69,0.75
2021.11.16 19:07:01.231,1.13274,1.13277,7.50,3.00
2021.11.16 19:07:01.332,1.13272,1.13275,0.37,0.75
2021.11.16 19:07:02.166,1.13271,1.13275,6.63,0.75
2021.11.16 19:07:03.156,1.13272,1.13275,0.37,0.75
2021.11.16 19:07:05.555,1.1327,1.13274,2.78,0.45
2021.11.16 19:07:05.606,1.1327,1.13272,0.45,0.75
2021.11.16 19:07:05.708,1.13269,1.13272,0.75,0.75
2021.11.16 19:07:15.697,1.13268,1.1327,0.37,0.75
2021.11.16 19:07:16.592,1.13267,1.1327,0.37,0.75
2021.11.16 19:07:16.892,1.13267,1.13269,0.37,0.75
2021.11.16 19:07:17.597,1.13267,1.13269,5.96,0.75
2021.11.16 19:07:18.605,1.13267,1.13269,0.37,0.75
2021.11.16 19:07:19.939,1.13268,1.13269,0.75,0.75
2021.11.16 19:07:20.122,1.13269,1.13272,0.75,3.00
2021.11.16 19:07:38.082,1.1327,1.13274,2.51,0.75
2021.11.16 19:07:38.193,1.13271,1.13274,0.37,0.75
2021.11.16 19:07:38.294,1.13272,1.13275,1.50,3.75
2021.11.16 19:07:38.497,1.13272,1.13276,1.87,3.82
2021.11.16 19:07:38.598,1.13272,1.13275,1.95,0.75
2021.11.16 19:07:38.955,1.13272,1.13274,1.20,0.75
2021.11.16 19:07:41.988,1.13271,1.13274,0.10,0.75
2021.11.16 19:07:42.580,1.1327,1.13272,7.09,0.75
2021.11.16 19:07:42.681,1.1327,1.13272,0.75,0.75
2021.11.16 19:07:43.101,1.13269,1.13272,5.32,0.75
2021.11.16 19:07:43.507,1.13267,1.13269,1.57,0.75
2021.11.16 19:07:43.608,1.13266,1.13268,0.10,0.75
2021.11.16 19:07:44.166,1.13265,1.13268,0.75,0.10
2021.11.16 19:07:44.267,1.13264,1.13266,0.75,0.75
2021.11.16 19:07:44.370,1.13263,1.13266,1.28,0.75
2021.11.16 19:07:55.193,1.13263,1.13267,1.57,0.75
2021.11.16 19:08:00.898,1.13265,1.13266,0.82,0.75
2021.11.16 19:08:01.404,1.13265,1.13267,0.37,0.75
2021.11.16 19:08:01.916,1.13264,1.13267,2.32,0.75
2021.11.16 19:08:02.017,1.13266,1.13269,0.10,0.75
2021.11.16 19:08:02.119,1.13267,1.13269,0.75,0.75
2021.11.16 19:08:02.830,1.13266,1.13269,0.10,0.75
2021.11.16 19:08:02.934,1.13266,1.13268,0.10,0.75
2021.11.16 19:08:03.432,1.13266,1.13269,0.10,0.75
2021.11.16 19:08:03.695,1.13266,1.13268,0.10,0.75
2021.11.16 19:08:04.530,1.13265,1.13268,0.45,0.75
2021.11.16 19:08:04.632,1.13264,1.13268,0.37,0.75
2021.11.16 19:08:04.733,1.13263,1.13268,9.53,0.75
2021.11.16 19:08:05.548,1.13263,1.13267,3.89,0.75
2021.11.16 19:08:17.961,1.13266,1.13269,3.07,2.56
2021.11.16 19:08:18.063,1.13267,1.13269,0.75,0.75
2021.11.16 19:08:18.164,1.13265,1.13268,2.02,0.75
2021.11.16 19:08:23.161,1.13265,1.13269,3.45,0.75
2021.11.16 19:08:24.087,1.13266,1.13269,0.37,0.75
2021.11.16 19:08:25.110,1.13265,1.13269,3.45,0.75
2021.11.16 19:08:25.212,1.13265,1.13268,3.45,0.75
2021.11.16 19:08:25.861,1.13266,1.13268,0.37,0.75
2021.11.16 19:08:28.330,1.13265,1.13268,3.82,0.75
2021.11.16 19:08:29.051,1.13267,1.13271,1.50,3.75
2021.11.16 19:08:29.153,1.13267,1.13269,3.00,0.75
2021.11.16 19:08:33.123,1.13265,1.13268,3.26,0.75
2021.11.16 19:08:33.225,1.13264,1.13268,3.15,0.75
2021.11.16 19:08:33.878,1.13263,1.13267,4.20,0.75
2021.11.16 19:08:46.361,1.13264,1.13267,0.10,0.75
2021.11.16 19:08:56.928,1.13265,1.13267,0.10,0.75
2021.11.16 19:08:56.980,1.13266,1.13269,0.10,3.00
2021.11.16 19:08:58.318,1.13266,1.1327,0.10,3.07
2021.11.16 19:08:59.943,1.13265,1.13268,3.45,0.75
2021.11.16 19:09:00.272,1.13266,1.13268,0.10,0.75
2021.11.16 19:09:00.596,1.13265,1.13267,0.10,0.75
2021.11.16 19:09:12.006,1.13264,1.13267,0.82,0.75
2021.11.16 19:09:26.820,1.13262,1.13264,4.27,0.75
2021.11.16 19:09:30.960,1.13263,1.13264,1.20,3.00
2021.11.16 19:09:31.112,1.13261,1.13263,0.10,0.75
2021.11.16 19:09:31.264,1.1326,1.13262,1.20,0.75
2021.11.16 19:09:31.365,1.13259,1.13261,4.84,0.75
2021.11.16 19:09:31.468,1.13259,1.13262,0.75,3.64
2021.11.16 19:09:31.569,1.13257,1.1326,9.04,0.75
2021.11.16 19:09:31.935,1.13256,1.13259,5.40,0.75
2021.11.16 19:09:33.701,1.13258,1.13261,0.75,0.75
2021.11.16 19:09:35.592,1.13259,1.13261,1.57,0.75
2021.11.16 19:09:36.049,1.13258,1.13261,1.12,0.10
2021.11.16 19:09:36.100,1.13256,1.13258,2.39,0.75
2021.11.16 19:09:36.252,1.13254,1.13257,6.53,0.75
2021.11.16 19:09:37.310,1.13253,1.13257,4.65,0.75
2021.11.16 19:09:39.557,1.13254,1.13257,1.57,0.75
2021.11.16 19:09:39.709,1.13253,1.13257,2.96,0.75
2021.11.16 19:09:41.345,1.13253,1.13256,2.03,0.75
2021.11.16 19:09:45.913,1.13255,1.13257,0.10,0.75
2021.11.16 19:09:46.317,1.13254,1.13257,5.85,0.75
2021.11.16 19:09:50.896,1.13255,1.13258,0.10,0.75
2021.11.16 19:09:51.111,1.13254,1.13258,5.40,0.75
2021.11.16 19:09:51.212,1.13255,1.13258,0.10,0.75
2021.11.16 19:09:52.796,1.13255,1.13257,4.28,0.75
2021.11.16 19:09:55.210,1.13253,1.13255,3.90,3.75
2021.11.16 19:09:55.335,1.13252,1.13255,0.75,3.75
2021.11.16 19:09:55.602,1.13251,1.13255,2.70,3.75
2021.11.16 19:09:58.941,1.13251,1.13254,3.15,0.75
2021.11.16 19:10:04.608,1.13255,1.13257,2.25,0.75
2021.11.16 19:10:04.710,1.13256,1.13259,3.07,0.75
2021.11.16 19:10:04.861,1.13256,1.13259,3.52,0.75
2021.11.16 19:10:10.713,1.13256,1.13259,1.65,0.75
2021.11.16 19:10:10.815,1.13255,1.13257,2.25,0.75
2021.11.16 19:10:11.782,1.13254,1.13257,4.35,0.75
2021.11.16 19:10:12.868,1.13253,1.13257,3.98,0.75
2021.11.16 19:10:15.560,1.13255,1.13257,5.40,0.75
2021.11.16 19:10:16.622,1.13258,1.13259,2.32,3.00
2021.11.16 19:10:16.724,1.13258,1.13261,0.10,0.75
2021.11.16 19:10:16.825,1.13257,1.13261,5.85,0.75
2021.11.16 19:10:18.318,1.13257,1.13259,0.10,0.75
2021.11.16 19:10:18.572,1.13256,1.13259,3.52,0.75
2021.11.16 19:10:18.673,1.13257,1.13259,0.10,0.75
2021.11.16 19:10:22.049,1.13258,1.13261,1.20,0.75
2021.11.16 19:10:23.594,1.1326,1.13262,0.10,0.75
2021.11.16 19:10:24.474,1.13261,1.13263,0.45,3.75
2021.11.16 19:10:24.525,1.1326,1.13262,0.45,0.75
2021.11.16 19:10:25.625,1.13263,1.13266,0.10,0.75
2021.11.16 19:10:28.809,1.13262,1.13264,0.45,0.75
2021.11.16 19:10:28.960,1.13261,1.13263,2.02,0.75
2021.11.16 19:10:34.373,1.13261,1.13264,3.45,0.75
2021.11.16 19:10:34.475,1.13261,1.13264,3.45,0.75
2021.11.16 19:10:34.888,1.13261,1.13264,3.45,0.75
2021.11.16 19:10:35.245,1.13261,1.13264,3.45,0.75
2021.11.16 19:10:35.806,1.13261,1.13264,4.95,0.75
2021.11.16 19:10:35.907,1.13264,1.13266,1.65,0.75
2021.11.16 19:10:36.700,1.13262,1.13266,3.71,0.75
2021.11.16 19:10:38.563,1.13262,1.13265,3.34,0.75
2021.11.16 19:10:41.841,1.13262,1.13264,0.75,0.75
2021.11.16 19:10:42.094,1.13261,1.13264,3.23,0.75
2021.11.16 19:10:42.196,1.13261,1.13264,2.02,0.75
2021.11.16 19:10:47.323,1.1326,1.13262,0.45,0.75
2021.11.16 19:10:47.526,1.13258,1.13262,3.52,0.75
2021.11.16 19:10:51.446,1.13258,1.13261,1.95,0.75
2021.11.16 19:10:51.547,1.13259,1.13261,0.82,0.75
2021.11.16 19:10:51.649,1.13259,1.13262,1.39,0.75
2021.11.16 19:10:54.857,1.1326,1.13262,7.16,0.75
2021.11.16 19:10:58.466,1.13262,1.13265,3.07,0.75
2021.11.16 19:10:59.029,1.13262,1.13264,0.75,0.75
2021.11.16 19:10:59.130,1.13261,1.13264,3.60,0.75
2021.11.16 19:10:59.369,1.13261,1.13264,2.40,0.75
2021.11.16 19:11:01.087,1.13261,1.13264,3.82,0.75
2021.11.16 19:11:02.555,1.13264,1.13265,3.45,0.75
2021.11.16 19:11:02.707,1.13262,1.13264,2.02,0.75
2021.11.16 19:11:03.745,1.1326,1.13263,8.48,0.75
2021.11.16 19:11:09.920,1.1326,1.13262,0.45,0.75
2021.11.16 19:11:13.634,1.13259,1.13262,1.65,0.75
2021.11.16 19:11:13.736,1.13259,1.13261,8.10,0.75
2021.11.16 19:11:13.838,1.13259,1.13261,6.23,0.75
2021.11.16 19:11:28.265,1.13258,1.1326,2.85,0.75
2021.11.16 19:11:29.788,1.13257,1.13259,0.75,0.75
2021.11.16 19:11:32.948,1.13256,1.13258,1.95,0.75
2021.11.16 19:11:33.050,1.13254,1.13257,4.54,0.75
2021.11.16 19:11:34.373,1.13253,1.13257,11.55,0.75
2021.11.16 19:11:34.893,1.13253,1.13256,7.73,0.75
2021.11.16 19:11:48.845,1.13255,1.13257,5.89,0.75
2021.11.16 19:11:49.859,1.13255,1.13258,5.85,0.75
2021.11.16 19:11:51.846,1.13256,1.13258,0.37,0.75
2021.11.16 19:11:53.855,1.13255,1.13258,5.10,0.75
2021.11.16 19:11:54.860,1.13256,1.13258,0.37,0.75
2021.11.16 19:12:00.419,1.13256,1.13259,0.75,0.75
2021.11.16 19:12:00.570,1.13256,1.13258,0.37,0.75
2021.11.16 19:12:00.926,1.13255,1.13258,7.35,0.75
2021.11.16 19:12:02.676,1.1326,1.13262,1.49,9.31
2021.11.16 19:12:02.777,1.13258,1.13262,5.70,0.75
2021.11.16 19:12:03.303,1.13259,1.13262,1.87,0.75
2021.11.16 19:12:05.610,1.1326,1.13262,0.75,0.75
2021.11.16 19:12:05.712,1.13261,1.13264,0.75,0.75
2021.11.16 19:12:12.718,1.13262,1.13264,0.37,0.75
2021.11.16 19:12:13.724,1.13261,1.13264,3.15,0.75
2021.11.16 19:12:18.031,1.13262,1.13264,1.50,0.75
2021.11.16 19:12:18.504,1.13261,1.13264,2.77,0.75
2021.11.16 19:12:18.959,1.13262,1.13264,1.95,0.75
2021.11.16 19:12:30.787,1.1326,1.13262,1.94,2.25
2021.11.16 19:12:30.837,1.13257,1.13259,4.20,0.75
2021.11.16 19:12:30.945,1.13258,1.1326,7.50,2.51
2021.11.16 19:12:30.996,1.13254,1.13257,0.45,0.10
2021.11.16 19:12:31.148,1.13253,1.13257,4.65,0.75
2021.11.16 19:12:35.058,1.13252,1.13254,1.95,0.75
2021.11.16 19:12:35.160,1.13249,1.13252,2.84,0.75
2021.11.16 19:12:35.312,1.13248,1.1325,0.37,0.75
2021.11.16 19:12:35.363,1.13246,1.13248,0.37,0.75
2021.11.16 19:12:35.464,1.13244,1.13247,0.82,0.75
2021.11.16 19:12:35.565,1.13243,1.13247,5.59,0.75
2021.11.16 19:12:35.688,1.13244,1.13247,0.37,0.75
2021.11.16 19:12:36.515,1.13245,1.13247,0.75,0.75
2021.11.16 19:12:36.617,1.13244,1.13247,2.32,0.75
2021.11.16 19:12:36.998,1.13244,1.13246,1.57,0.75
2021.11.16 19:12:37.150,1.13245,1.1325,0.45,3.00
2021.11.16 19:12:37.252,1.13245,1.13249,0.45,3.45
2021.11.16 19:12:37.404,1.13244,1.13246,1.20,0.75
2021.11.16 19:12:37.607,1.13243,1.13246,5.21,0.75
2021.11.16 19:12:39.085,1.13244,1.13246,0.37,0.75
2021.11.16 19:12:39.568,1.13243,1.13246,1.95,0.75
2021.11.16 19:12:39.670,1.1324,1.13243,1.94,0.75
2021.11.16 19:12:39.772,1.13239,1.13243,5.51,0.75
2021.11.16 19:12:39.873,1.13239,1.13242,5.51,0.75
2021.11.16 19:12:40.183,1.13243,1.13246,0.75,0.75
2021.11.16 19:12:40.285,1.13242,1.13246,4.27,1.69
2021.11.16 19:12:40.387,1.13241,1.13243,0.37,0.75
2021.11.16 19:12:40.488,1.13241,1.13242,0.37,0.75
2021.11.16 19:12:40.640,1.13241,1.13243,0.37,0.75
2021.11.16 19:12:40.742,1.13241,1.13244,2.96,0.75
2021.11.16 19:12:41.196,1.13241,1.13245,5.59,0.75
2021.11.16 19:12:41.313,1.13242,1.13245,0.37,0.75
2021.11.16 19:12:41.465,1.13243,1.13247,2.51,0.75
2021.11.16 19:12:41.667,1.13244,1.13247,0.37,0.75
2021.11.16 19:12:41.769,1.13243,1.13247,3.15,0.75
2021.11.16 19:12:42.022,1.13244,1.13247,0.37,0.75
2021.11.16 19:12:42.123,1.13243,1.13247,5.02,0.75
2021.11.16 19:12:42.275,1.13244,1.13248,2.51,0.75
2021.11.16 19:12:42.376,1.13245,1.13246,1.20,0.75
2021.11.16 19:12:42.528,1.13243,1.13247,5.96,0.75
2021.11.16 19:12:42.679,1.13244,1.13247,0.75,0.75
2021.11.16 19:12:43.775,1.13246,1.13249,0.75,0.75
2021.11.16 19:12:43.877,1.13248,1.13252,1.95,4.50
2021.11.16 19:12:44.131,1.13249,1.13252,0.75,0.75
2021.11.16 19:12:44.253,1.1325,1.13252,0.75,0.75
2021.11.16 19:12:44.355,1.13249,1.13252,0.94,0.75
2021.11.16 19:12:44.456,1.13248,1.13252,5.29,0.75
2021.11.16 19:12:45.666,1.13247,1.13249,7.91,0.75
2021.11.16 19:12:45.767,1.13246,1.13249,4.09,0.75
2021.11.16 19:12:47.042,1.13245,1.13248,5.77,0.75
2021.11.16 19:12:47.093,1.13244,1.13245,1.50,1.20
2021.11.16 19:12:47.144,1.13241,1.13244,2.69,0.75
2021.11.16 19:12:47.246,1.1324,1.13242,5.32,0.75
2021.11.16 19:12:47.347,1.13237,1.13242,4.27,0.75
2021.11.16 19:12:47.449,1.13237,1.1324,1.50,0.75
2021.11.16 19:12:48.187,1.13237,1.13239,0.94,0.75
2021.11.16 19:12:48.238,1.13241,1.13242,0.75,1.50
2021.11.16 19:12:48.289,1.13239,1.13241,0.75,2.89
2021.11.16 19:12:48.340,1.13236,1.13238,1.94,6.94
2021.11.16 19:12:48.442,1.13231,1.13234,4.19,0.75
2021.11.16 19:12:48.745,1.13232,1.13234,0.75,0.75
2021.11.16 19:12:50.105,1.13232,1.13235,2.25,0.75
2021.11.16 19:12:51.145,1.13232,1.13234,0.75,0.75
2021.11.16 19:12:52.294,1.13231,1.13234,4.39,0.75
2021.11.16 19:12:52.692,1.1323,1.13232,2.69,0.75
2021.11.16 19:12:52.794,1.1323,1.13234,0.45,0.75
2021.11.16 19:12:52.896,1.1323,1.13233,2.32,0.75
2021.11.16 19:12:52.947,1.13234,1.13235,0.75,0.75
2021.11.16 19:12:53.048,1.13232,1.13236,4.57,0.75
2021.11.16 19:12:53.149,1.13233,1.13236,0.75,0.75
2021.11.16 19:12:53.322,1.13232,1.13236,4.57,0.75
2021.11.16 19:12:53.728,1.13232,1.13235,0.75,0.19
2021.11.16 19:12:53.830,1.13232,1.13234,0.75,0.75
2021.11.16 19:12:53.982,1.13233,1.13237,1.50,0.75
2021.11.16 19:12:54.436,1.13232,1.13237,7.01,0.75
2021.11.16 19:12:55.100,1.13233,1.13235,5.70,0.75
2021.11.16 19:12:55.502,1.13232,1.13234,7.76,0.75
2021.11.16 19:12:55.907,1.13232,1.13235,1.95,0.75
2021.11.16 19:12:56.510,1.13231,1.13234,11.66,0.75
2021.11.16 19:12:56.663,1.1323,1.13233,4.39,0.75
2021.11.16 19:12:56.865,1.13231,1.13233,0.75,0.75
2021.11.16 19:12:56.966,1.1323,1.13233,1.31,0.75
2021.11.16 19:12:57.168,1.1323,1.13232,0.10,0.75
2021.11.16 19:12:57.326,1.13229,1.13232,1.57,0.75
2021.11.16 19:12:57.681,1.13232,1.13235,1.57,0.75
2021.11.16 19:12:57.782,1.13234,1.13237,1.57,0.75
2021.11.16 19:13:01.080,1.13235,1.13239,1.76,0.75
2021.11.16 19:13:01.182,1.13236,1.13237,1.76,0.75
2021.11.16 19:13:03.228,1.13236,1.13238,0.75,0.75
2021.11.16 19:13:03.329,1.13235,1.13238,1.76,0.75
2021.11.16 19:13:04.891,1.13235,1.13237,0.10,0.75
2021.11.16 19:13:05.310,1.13234,1.13237,1.57,0.75
2021.11.16 19:13:07.207,1.13233,1.13235,0.75,0.10
2021.11.16 19:13:07.309,1.13231,1.13233,10.27,0.75
2021.11.16 19:13:07.411,1.13232,1.13233,7.57,0.75
2021.11.16 19:13:07.584,1.13231,1.13233,0.10,0.75
2021.11.16 19:13:07.686,1.13232,1.13234,0.75,0.75
2021.11.16 19:13:07.831,1.13232,1.13233,0.10,0.75
2021.11.16 19:13:07.933,1.13231,1.13233,0.10,0.75
2021.11.16 19:13:09.887,1.1323,1.13233,0.10,0.75
2021.11.16 19:13:12.825,1.13231,1.13234,0.10,0.75
2021.11.16 19:13:13.258,1.13232,1.13234,0.10,0.75
2021.11.16 19:13:16.217,1.13231,1.13234,0.10,0.75
2021.11.16 19:13:17.395,1.13232,1.13235,1.50,0.75
2021.11.16 19:13:18.734,1.13233,1.13237,1.87,0.75
2021.11.16 19:13:18.836,1.13234,1.13237,0.10,0.75
2021.11.16 19:13:20.230,1.13236,1.1324,0.45,1.20
2021.11.16 19:13:20.332,1.13238,1.13242,1.95,1.12
2021.11.16 19:13:20.433,1.13238,1.13241,0.75,0.75
2021.11.16 19:13:20.535,1.13238,1.1324,1.12,0.75
2021.11.16 19:13:20.585,1.13238,1.13242,2.70,0.75
2021.11.16 19:13:20.687,1.13238,1.1324,2.32,0.75
2021.11.16 19:13:20.788,1.13237,1.1324,1.20,0.75
2021.11.16 19:13:20.839,1.13238,1.13241,0.45,3.07
2021.11.16 19:13:20.941,1.13237,1.13241,0.10,3.00
2021.11.16 19:13:21.247,1.13236,1.13238,1.76,0.75
2021.11.16 19:13:22.801,1.13235,1.13238,1.20,0.75
2021.11.16 19:13:25.940,1.13234,1.13237,4.84,0.75
2021.11.16 19:13:26.762,1.13234,1.13236,0.37,0.75
2021.11.16 19:13:26.863,1.13233,1.13236,2.03,0.75
2021.11.16 19:13:32.755,1.13234,1.13237,0.75,0.75
2021.11.16 19:13:32.857,1.13236,1.13241,1.28,4.65
2021.11.16 19:13:33.009,1.13236,1.1324,0.10,3.00
2021.11.16 19:13:35.787,1.13235,1.13237,2.32,0.75
2021.11.16 19:13:37.940,1.13235,1.13238,1.95,0.75
2021.11.16 19:13:40.975,1.13235,1.13237,7.46,0.75
2021.11.16 19:13:45.597,1.13234,1.13237,4.84,0.75
2021.11.16 19:13:48.612,1.13237,1.1324,1.20,0.75
2021.11.16 19:13:50.355,1.13238,1.1324,0.10,0.75
2021.11.16 19:13:50.668,1.13241,1.13244,1.28,1.12
2021.11.16 19:13:52.231,1.13241,1.13245,0.37,3.07
2021.11.16 19:13:52.282,1.1324,1.13242,0.45,0.75
2021.11.16 19:13:52.484,1.13239,1.13242,1.57,0.75
2021.11.16 19:13:52.844,1.13238,1.13242,4.46,0.75
2021.11.16 19:13:56.523,1.13239,1.13242,0.10,0.75
2021.11.16 19:13:57.438,1.13238,1.13242,2.51,0.75
2021.11.16 19:13:58.505,1.13239,1.13242,1.57,0.75
2021.11.16 19:13:58.606,1.1324,1.13242,2.32,0.75
2021.11.16 19:13:58.657,1.13242,1.13244,0.10,0.75
2021.11.16 19:14:00.382,1.13245,1.13247,0.82,3.75
2021.11.16 19:14:00.483,1.13244,1.13247,1.20,0.75
2021.11.16 19:14:02.016,1.13247,1.13249,0.75,0.45
2021.11.16 19:14:03.605,1.13248,1.13251,0.75,0.82
2021.11.16 19:14:03.707,1.13249,1.13252,0.75,1.84
2021.11.16 19:14:03.809,1.13248,1.13251,0.75,0.82
2021.11.16 19:14:06.704,1.13249,1.13251,0.75,1.76
2021.11.16 19:14:10.940,1.13248,1.13251,0.75,0.82
2021.11.16 19:14:22.403,1.13248,1.1325,0.75,0.10
2021.11.16 19:14:22.908,1.13247,1.1325,0.75,0.82
2021.11.16 19:14:25.591,1.13246,1.13249,0.75,4.50
2021.11.16 19:14:26.375,1.13247,1.1325,0.75,0.75
2021.11.16 19:14:26.830,1.13247,1.13249,0.75,0.10
2021.11.16 19:14:27.980,1.13245,1.13248,0.75,0.82
2021.11.16 19:14:36.350,1.13246,1.13249,0.75,0.82
2021.11.16 19:14:37.377,1.13246,1.13248,0.75,1.50
2021.11.16 19:14:37.478,1.13245,1.13248,0.75,2.32
2021.11.16 19:14:40.034,1.13245,1.13247,0.75,0.10
2021.11.16 19:14:40.382,1.13244,1.13247,0.75,0.10
2021.11.16 19:14:40.823,1.13242,1.13245,0.75,0.75
2021.11.16 19:14:41.231,1.13243,1.13246,0.75,0.82
2021.11.16 19:14:41.546,1.13243,1.13245,0.75,0.10
2021.11.16 19:14:43.145,1.13241,1.13244,0.75,0.82
2021.11.16 19:14:56.603,1.13241,1.13243,0.75,0.10
2021.11.16 19:14:56.950,1.1324,1.13243,0.75,0.82
2021.11.16 19:14:58.532,1.13241,1.13243,0.75,0.10
2021.11.16 19:15:00.880,1.13242,1.13244,0.75,0.82
2021.11.16 19:15:00.982,1.13242,1.13245,0.75,0.75
2021.11.16 19:15:02.703,1.13244,1.13247,0.75,4.51
2021.11.16 19:15:02.855,1.13245,1.13247,0.75,0.10
2021.11.16 19:15:04.023,1.13243,1.13245,0.75,0.37
2021.11.16 19:15:04.918,1.13244,1.13247,0.75,5.02
2021.11.16 19:15:10.354,1.13243,1.13245,0.75,1.87
2021.11.16 19:15:11.372,1.13241,1.13244,0.75,0.82
2021.11.16 19:15:11.726,1.13242,1.13245,0.75,0.82
2021.11.16 19:15:12.808,1.13243,1.13246,0.75,4.39
2021.11.16 19:15:12.909,1.13243,1.13245,0.75,0.10
2021.11.16 19:15:13.791,1.13243,1.13245,0.75,2.89
2021.11.16 19:15:13.892,1.13244,1.13245,0.75,1.95
2021.11.16 19:15:18.152,1.13244,1.13247,0.75,1.01
2021.11.16 19:15:20.152,1.13245,1.13247,0.75,0.26
2021.11.16 19:15:23.947,1.13243,1.13247,0.75,0.82
2021.11.16 19:15:24.049,1.13243,1.13246,0.75,2.70
2021.11.16 19:15:25.732,1.13244,1.13247,0.75,6.19
2021.11.16 19:15:26.685,1.13245,1.13247,0.75,3.64
2021.11.16 19:15:26.787,1.13247,1.13249,0.75,2.14
2021.11.16 19:15:26.838,1.13247,1.13251,0.75,8.26
2021.11.16 19:15:26.889,1.13249,1.13251,0.75,2.32
2021.11.16 19:15:26.990,1.1325,1.13252,0.75,0.82
2021.11.16 19:15:27.193,1.1325,1.13253,0.75,4.95
2021.11.16 19:15:27.295,1.13252,1.13254,0.75,0.10
2021.11.16 19:15:27.649,1.13252,1.13255,0.75,0.75
2021.11.16 19:15:27.750,1.13253,1.13255,0.75,0.75
2021.11.16 19:15:28.883,1.13252,1.13254,0.75,0.10
2021.11.16 19:15:28.985,1.13251,1.13253,0.75,0.10
2021.11.16 19:15:29.243,1.1325,1.13253,0.75,0.10
2021.11.16 19:15:29.344,1.13251,1.13254,0.75,0.82
2021.11.16 19:15:30.296,1.13251,1.13253,0.75,0.10
2021.11.16 19:15:30.397,1.13248,1.13252,0.75,1.57
2021.11.16 19:15:30.652,1.13248,1.13251,0.75,0.10
2021.11.16 19:15:32.335,1.13245,1.13248,2.69,0.75
2021.11.16 19:15:32.436,1.13243,1.13246,0.75,1.01
2021.11.16 19:15:33.347,1.13245,1.13248,0.75,1.01
2021.11.16 19:15:35.073,1.13246,1.13249,0.75,0.82
2021.11.16 19:15:42.972,1.13247,1.1325,0.75,0.75
2021.11.16 19:15:43.023,1.1325,1.13252,0.75,2.62
2021.11.16 19:15:43.145,1.1325,1.13253,0.75,3.45
2021.11.16 19:15:43.247,1.1325,1.13251,0.75,2.32
2021.11.16 19:15:43.399,1.13248,1.13251,0.75,1.20
2021.11.16 19:15:44.737,1.13248,1.1325,0.75,0.10
2021.11.16 19:15:46.682,1.13247,1.1325,0.75,1.95
2021.11.16 19:15:47.356,1.13244,1.13247,3.82,3.45
2021.11.16 19:15:47.457,1.13244,1.13245,0.75,0.82
2021.11.16 19:15:49.238,1.13243,1.13245,0.75,0.45
2021.11.16 19:15:49.390,1.13242,1.13243,0.75,0.10
2021.11.16 19:15:50.232,1.13241,1.13243,0.75,1.01
2021.11.16 19:15:50.333,1.1324,1.13243,0.75,1.76
2021.11.16 19:15:50.434,1.1324,1.13242,0.75,0.10
2021.11.16 19:15:53.182,1.13241,1.13244,0.75,3.38
2021.11.16 19:16:02.198,1.13238,1.13241,2.25,0.82
2021.11.16 19:16:02.503,1.13238,1.1324,0.75,0.10
2021.11.16 19:16:02.972,1.13238,1.13241,0.75,0.82
2021.11.16 19:16:05.646,1.13238,1.1324,0.75,0.10
2021.11.16 19:16:06.117,1.13237,1.1324,0.75,0.82
2021.11.16 19:16:09.167,1.13238,1.1324,0.75,0.10
2021.11.16 19:16:11.371,1.13238,1.13241,0.75,0.10
2021.11.16 19:16:11.994,1.13241,1.13243,0.75,0.45
2021.11.16 19:16:12.096,1.1324,1.13243,1.20,0.10
2021.11.16 19:16:15.059,1.13242,1.13245,0.75,0.94
2021.11.16 19:16:16.416,1.13242,1.13244,0.75,0.10
2021.11.16 19:16:16.518,1.13243,1.13246,0.75,2.63
2021.11.16 19:16:18.571,1.13243,1.13245,0.75,0.10
2021.11.16 19:16:20.261,1.13243,1.13246,0.75,4.31
2021.11.16 19:16:20.363,1.13243,1.13245,0.75,0.10
2021.11.16 19:16:22.040,1.13242,1.13244,0.75,0.10
2021.11.16 19:16:23.905,1.1324,1.13244,1.65,0.10
2021.11.16 19:16:24.057,1.13241,1.13244,0.37,0.10
2021.11.16 19:16:24.108,1.13243,1.13245,0.75,0.10
2021.11.16 19:16:24.619,1.13243,1.13246,0.75,6.56
2021.11.16 19:16:25.178,1.13242,1.13244,0.75,0.10
2021.11.16 19:16:26.575,1.13241,1.13244,1.20,0.10
2021.11.16 19:16:27.196,1.13243,1.13245,0.75,0.82
2021.11.16 19:16:29.058,1.13242,1.13245,1.95,0.10
2021.11.16 19:16:29.477,1.13243,1.13245,0.75,0.10
2021.11.16 19:16:31.183,1.13243,1.13246,0.75,3.19
2021.11.16 19:16:31.284,1.13243,1.13245,0.75,0.10
2021.11.16 19:16:37.384,1.13242,1.13244,0.75,0.10
2021.11.16 19:16:37.962,1.13241,1.13244,0.75,0.10
2021.11.16 19:16:38.272,1.13239,1.13242,2.32,1.95
2021.11.16 19:16:38.374,1.13238,1.13241,2.69,0.10
2021.11.16 19:16:46.771,1.13241,1.13244,0.75,1.20
2021.11.16 19:16:46.872,1.13242,1.13244,0.75,0.26
2021.11.16 19:16:47.226,1.13243,1.13245,0.75,0.10
2021.11.16 19:16:47.327,1.13243,1.13246,0.75,1.39
2021.11.16 19:16:52.187,1.13246,1.13247,0.75,0.45
2021.11.16 19:16:52.340,1.13245,1.13249,1.95,0.10
2021.11.16 19:16:52.492,1.13246,1.13249,0.75,0.26
2021.11.16 19:16:53.448,1.13247,1.13251,0.37,4.20
2021.11.16 19:16:53.499,1.13249,1.13251,0.75,0.10
2021.11.16 19:16:58.934,1.13248,1.13251,0.75,0.82
2021.11.16 19:17:11.353,1.13248,1.13252,2.40,0.37
2021.11.16 19:17:11.455,1.13251,1.13253,0.75,0.10
2021.11.16 19:17:11.556,1.13251,1.13254,0.75,5.06
2021.11.16 19:17:11.732,1.13252,1.13254,0.75,0.10
2021.11.16 19:17:11.834,1.13252,1.13255,0.75,0.10
2021.11.16 19:17:11.935,1.13253,1.13256,0.75,2.70
2021.11.16 19:17:12.037,1.13254,1.13257,0.75,6.26
2021.11.16 19:17:12.240,1.13254,1.13256,0.75,0.10
2021.11.16 19:17:12.392,1.13253,1.13255,1.12,0.82
2021.11.16 19:17:12.494,1.13252,1.13255,1.12,0.75
2021.11.16 19:17:14.530,1.13252,1.13256,0.75,1.57
2021.11.16 19:17:14.995,1.13252,1.13255,0.75,0.75
2021.11.16 19:17:17.400,1.13251,1.13253,2.33,1.04
2021.11.16 19:17:17.666,1.13251,1.13254,0.75,1.39
2021.11.16 19:17:18.349,1.13251,1.13253,0.75,0.10
2021.11.16 19:17:21.576,1.13251,1.13254,0.75,1.01
2021.11.16 19:17:21.678,1.13252,1.13254,1.12,2.14
2021.11.16 19:17:22.285,1.13252,1.13255,0.75,0.10
2021.11.16 19:17:22.386,1.13253,1.13256,0.75,2.32
2021.11.16 19:17:22.690,1.13253,1.13255,0.75,0.75
2021.11.16 19:17:24.250,1.13252,1.13254,0.75,0.75
2021.11.16 19:17:24.351,1.13252,1.13255,0.75,1.01
2021.11.16 19:17:26.899,1.13254,1.13256,0.75,9.94
2021.11.16 19:17:27.051,1.13255,1.13258,0.37,0.37
2021.11.16 19:17:27.102,1.13257,1.13259,0.75,3.82
2021.11.16 19:17:27.254,1.13257,1.1326,0.75,0.82
2021.11.16 19:17:27.356,1.13258,1.13261,0.75,0.82
2021.11.16 19:17:27.609,1.13257,1.13261,1.12,1.57
2021.11.16 19:17:28.053,1.13257,1.1326,0.75,1.01
2021.11.16 19:17:28.179,1.13257,1.13259,0.75,0.10
2021.11.16 19:17:28.331,1.13255,1.13259,1.95,0.10
2021.11.16 19:17:31.667,1.13257,1.1326,0.37,0.10
2021.11.16 19:17:31.769,1.13258,1.1326,1.12,1.57
2021.11.16 19:17:32.024,1.13257,1.1326,1.12,0.10
2021.11.16 19:17:35.655,1.13258,1.1326,0.75,1.76
2021.11.16 19:17:36.551,1.13258,1.13261,1.12,0.10
2021.11.16 19:17:36.653,1.1326,1.13262,0.75,0.10
2021.11.16 19:17:37.077,1.13259,1.13262,1.12,0.10
2021.11.16 19:17:37.583,1.13258,1.13262,2.33,0.82
2021.11.16 19:17:38.119,1.13258,1.1326,0.75,0.75
2021.11.16 19:17:38.220,1.13258,1.13261,0.75,0.10
2021.11.16 19:17:42.226,1.13257,1.13261,1.95,0.45
2021.11.16 19:17:42.352,1.13258,1.13261,0.75,0.10
2021.11.16 19:17:42.628,1.13257,1.13261,1.95,0.42
2021.11.16 19:17:42.859,1.13258,1.13261,0.75,0.10
2021.11.16 19:17:43.508,1.13258,1.13262,1.95,1.57
2021.11.16 19:17:43.761,1.13258,1.13261,1.95,0.10
2021.11.16 19:17:44.448,1.13259,1.13261,0.75,0.10
2021.11.16 19:17:44.701,1.13262,1.13264,0.75,5.89
2021.11.16 19:17:45.005,1.13263,1.13265,0.75,2.14
2021.11.16 19:17:45.308,1.13264,1.13266,0.75,0.45
2021.11.16 19:17:45.359,1.13266,1.13268,0.75,0.82
2021.11.16 19:17:45.460,1.13267,1.13269,0.75,0.10
2021.11.16 19:17:45.713,1.13266,1.13269,0.75,1.57
2021.11.16 19:17:45.814,1.13267,1.13269,0.75,1.57
2021.11.16 19:17:46.145,1.13266,1.13269,0.75,0.82
2021.11.16 19:17:46.862,1.13267,1.13269,0.75,0.10
2021.11.16 19:17:47.114,1.13266,1.13269,0.75,0.10
2021.11.16 19:17:47.317,1.13266,1.13268,0.75,0.82
2021.11.16 19:17:47.570,1.13267,1.13268,1.12,1.57
2021.11.16 19:17:47.672,1.13266,1.13268,1.12,0.10
2021.11.16 19:17:47.907,1.13266,1.13269,0.75,1.50
2021.11.16 19:17:48.009,1.13266,1.13267,0.75,0.10
2021.11.16 19:17:48.110,1.13266,1.13269,0.75,2.70
2021.11.16 19:17:48.278,1.13266,1.13268,0.75,0.82
2021.11.16 19:17:48.430,1.13264,1.13267,0.75,3.82
2021.11.16 19:17:48.582,1.13265,1.13268,0.75,1.57
2021.11.16 19:17:48.948,1.13265,1.13267,2.33,0.10
2021.11.16 19:17:49.102,1.13265,1.13268,0.75,0.10
2021.11.16 19:17:50.770,1.13266,1.13269,0.75,0.10
2021.11.16 19:17:50.973,1.13266,1.13268,0.75,0.10
2021.11.16 19:17:51.176,1.13265,1.13268,1.12,0.10
2021.11.16 19:17:51.329,1.13265,1.13269,2.33,0.10
2021.11.16 19:17:51.882,1.13266,1.13269,0.75,0.10
2021.11.16 19:17:52.136,1.13267,1.13269,0.75,0.10
2021.11.16 19:17:52.237,1.13267,1.1327,0.75,0.10
2021.11.16 19:17:52.630,1.13267,1.13268,0.75,0.10
2021.11.16 19:17:53.339,1.13266,1.13269,0.75,0.10
2021.11.16 19:17:53.667,1.13266,1.13268,0.75,0.10
2021.11.16 19:17:53.718,1.13264,1.13267,0.75,1.20
2021.11.16 19:17:54.172,1.13264,1.13266,2.33,2.70
2021.11.16 19:17:54.324,1.13264,1.13267,0.75,1.95
2021.11.16 19:17:54.706,1.13264,1.13266,1.12,3.45
2021.11.16 19:17:54.884,1.13264,1.13267,0.75,2.70
2021.11.16 19:17:56.758,1.13266,1.13268,0.75,0.82
2021.11.16 19:17:57.252,1.13265,1.13268,0.75,0.10
2021.11.16 19:17:57.455,1.13265,1.13269,1.12,0.45
2021.11.16 19:17:57.769,1.13265,1.13267,0.75,0.10
2021.11.16 19:17:57.951,1.13265,1.13268,1.12,0.10
2021.11.16 19:17:58.868,1.13265,1.13267,2.33,0.10
2021.11.16 19:17:58.969,1.13265,1.13268,1.12,0.10
2021.11.16 19:17:59.457,1.13265,1.13269,1.20,0.10
2021.11.16 19:17:59.559,1.13267,1.13269,0.75,0.10
2021.11.16 19:17:59.610,1.13265,1.13269,2.03,0.10
2021.11.16 19:17:59.762,1.13267,1.13269,0.75,0.10
2021.11.16 19:18:01.399,1.13267,1.1327,0.75,5.44
2021.11.16 19:18:01.450,1.13265,1.13267,0.75,0.10
2021.11.16 19:18:01.602,1.13266,1.13267,0.37,0.10
2021.11.16 19:18:01.704,1.13266,1.13268,0.75,0.10
2021.11.16 19:18:01.906,1.13266,1.13269,0.75,0.10
2021.11.16 19:18:02.159,1.13266,1.13268,0.75,0.10
2021.11.16 19:18:02.361,1.13266,1.13269,1.12,0.10
2021.11.16 19:18:02.671,1.13266,1.13268,0.75,0.10
2021.11.16 19:18:02.874,1.13266,1.13269,1.12,0.10
2021.11.16 19:18:03.200,1.13267,1.13268,0.75,0.10
2021.11.16 19:18:05.695,1.13267,1.13269,0.75,0.10
2021.11.16 19:18:05.796,1.13267,1.1327,0.75,3.37
2021.11.16 19:18:05.927,1.13267,1.13269,0.75,0.10
2021.11.16 19:18:06.028,1.13266,1.13269,0.75,0.10
2021.11.16 19:18:06.272,1.13266,1.13268,0.75,0.10
2021.11.16 19:18:06.474,1.13266,1.13269,1.12,0.10
2021.11.16 19:18:06.633,1.13267,1.13269,0.75,0.10
2021.11.16 19:18:06.785,1.13267,1.1327,0.75,3.37
2021.11.16 19:18:06.887,1.13267,1.13269,0.75,1.50
2021.11.16 19:18:07.089,1.13268,1.13269,1.12,0.45
2021.11.16 19:18:07.345,1.13267,1.13269,0.75,0.10
2021.11.16 19:18:07.901,1.13267,1.1327,0.75,3.07
2021.11.16 19:18:08.053,1.13268,1.1327,1.12,0.10
2021.11.16 19:18:08.957,1.13267,1.1327,1.12,0.10
2021.11.16 19:18:09.136,1.13268,1.1327,0.75,0.10
2021.11.16 19:18:10.217,1.13268,1.13271,2.33,0.10
2021.11.16 19:18:10.319,1.13268,1.1327,1.12,0.10
2021.11.16 19:18:12.297,1.13267,1.1327,1.58,0.10
2021.11.16 19:18:12.398,1.13268,1.1327,0.75,0.10
2021.11.16 19:18:12.797,1.13268,1.13271,0.75,0.82
2021.11.16 19:18:13.202,1.13268,1.1327,0.75,0.10
2021.11.16 19:18:13.303,1.13269,1.1327,0.75,0.10
2021.11.16 19:18:13.682,1.13268,1.1327,0.75,0.10
2021.11.16 19:18:13.834,1.13268,1.13271,0.75,0.10
2021.11.16 19:18:13.936,1.13268,1.1327,0.75,0.10
2021.11.16 19:18:15.862,1.13268,1.13271,0.75,0.10
2021.11.16 19:18:18.442,1.13268,1.1327,0.75,0.10
2021.11.16 19:18:18.543,1.13268,1.13271,0.75,0.10
2021.11.16 19:18:22.960,1.13268,1.1327,0.75,0.94
2021.11.16 19:18:23.061,1.13268,1.13271,0.75,1.76
2021.11.16 19:18:32.856,1.13269,1.13271,0.37,0.10
2021.11.16 19:18:32.957,1.13269,1.13272,0.37,4.01
2021.11.16 19:18:33.058,1.13268,1.13271,1.12,0.10
2021.11.16 19:18:34.825,1.13269,1.13271,1.20,4.20
2021.11.16 19:18:35.043,1.13268,1.13271,1.12,0.10
2021.11.16 19:18:35.351,1.13268,1.13272,1.20,3.45
2021.11.16 19:18:35.571,1.13269,1.1327,1.12,0.10
2021.11.16 19:18:35.976,1.13268,1.13272,1.20,4.20
2021.11.16 19:18:36.078,1.13268,1.13271,1.12,0.10
2021.11.16 19:18:36.282,1.13268,1.13272,1.20,4.95
2021.11.16 19:18:36.384,1.13268,1.13271,2.33,0.10
2021.11.16 19:18:36.720,1.13267,1.1327,0.75,1.20
2021.11.16 19:18:36.822,1.13268,1.13271,0.75,0.10
2021.11.16 19:18:57.248,1.13269,1.13272,1.12,0.10
2021.11.16 19:18:57.300,1.13272,1.13274,0.75,3.46
2021.11.16 19:18:57.401,1.13272,1.13275,1.12,0.10
2021.11.16 19:18:57.655,1.13273,1.13275,0.75,0.10
2021.11.16 19:18:57.807,1.13273,1.13276,0.75,0.26
2021.11.16 19:18:58.618,1.13273,1.13275,0.75,0.10
2021.11.16 19:18:58.720,1.13273,1.13276,0.75,0.26
2021.11.16 19:18:59.061,1.13273,1.13275,0.75,0.10
2021.11.16 19:19:00.266,1.13273,1.13276,0.75,0.26
2021.11.16 19:19:02.243,1.13274,1.13276,0.75,0.10
2021.11.16 19:19:09.246,1.13274,1.13277,3.08,0.10
2021.11.16 19:19:09.398,1.13276,1.13277,0.37,3.07
2021.11.16 19:19:09.449,1.13277,1.13279,0.75,0.75
2021.11.16 19:19:09.500,1.13278,1.13281,1.12,1.76
2021.11.16 19:19:09.601,1.13281,1.13283,0.75,2.32
2021.11.16 19:19:09.703,1.13281,1.13283,1.58,0.10
2021.11.16 19:19:09.906,1.13282,1.13283,0.75,0.10
2021.11.16 19:19:11.193,1.13283,1.13285,0.75,0.10
2021.11.16 19:19:12.346,1.13282,1.13285,1.58,0.10
2021.11.16 19:19:12.447,1.13284,1.13286,0.75,0.10
2021.11.16 19:19:13.098,1.13285,1.13288,0.37,0.10
2021.11.16 19:19:13.251,1.13285,1.1329,0.37,3.26
2021.11.16 19:19:13.694,1.13288,1.1329,0.75,0.26
2021.11.16 19:19:14.415,1.13289,1.13292,1.76,0.37
2021.11.16 19:19:14.568,1.1329,1.13291,0.75,0.10
2021.11.16 19:19:14.670,1.13288,1.13292,2.40,0.10
2021.11.16 19:19:15.177,1.13291,1.13293,0.75,0.10
2021.11.16 19:19:15.278,1.1329,1.13293,0.37,0.10
2021.11.16 19:19:15.380,1.13288,1.13291,2.69,0.10
2021.11.16 19:19:15.553,1.13289,1.13292,1.12,1.20
2021.11.16 19:19:15.654,1.13291,1.13293,0.75,0.10
2021.11.16 19:19:15.973,1.13288,1.13291,1.95,0.10
2021.11.16 19:19:16.074,1.13289,1.13291,0.75,0.10
2021.11.16 19:19:17.260,1.13288,1.13292,0.45,0.10
2021.11.16 19:19:17.412,1.13292,1.13294,0.75,0.10
2021.11.16 19:19:17.514,1.1329,1.13294,0.45,0.82
2021.11.16 19:19:18.676,1.13292,1.13294,0.75,4.01
2021.11.16 19:19:24.109,1.13289,1.13292,1.95,0.10
2021.11.16 19:19:26.469,1.13289,1.13291,0.75,0.10
2021.11.16 19:19:28.706,1.13288,1.13291,1.95,0.10
2021.11.16 19:19:29.729,1.13288,1.13292,1.95,3.19
2021.11.16 19:19:31.136,1.13288,1.13291,1.95,0.10
2021.11.16 19:19:31.504,1.13289,1.13291,1.95,2.44
2021.11.16 19:19:31.807,1.13288,1.1329,0.75,0.10
2021.11.16 19:19:34.705,1.13288,1.13291,1.95,0.10
2021.11.16 19:19:34.859,1.13288,1.1329,0.75,0.10
2021.11.16 19:19:35.273,1.13289,1.13291,0.75,0.10
2021.11.16 19:19:35.375,1.13288,1.13291,1.95,0.10
2021.11.16 19:19:41.494,1.13291,1.13292,0.75,0.26
2021.11.16 19:19:44.322,1.1329,1.13293,0.37,0.10
2021.11.16 19:19:44.728,1.13289,1.13293,2.03,0.10
2021.11.16 19:19:45.190,1.1329,1.13293,1.58,0.10
2021.11.16 19:19:45.342,1.13293,1.13294,0.75,0.10
2021.11.16 19:19:45.804,1.13293,1.13296,0.75,5.44
2021.11.16 19:19:46.008,1.13293,1.13295,0.75,0.75
2021.11.16 19:19:47.280,1.13294,1.13295,0.75,0.10
2021.11.16 19:19:47.382,1.13293,1.13295,0.75,0.10
2021.11.16 19:19:49.966,1.13294,1.13296,0.75,0.10
2021.11.16 19:19:50.422,1.13293,1.13298,1.58,1.31
2021.11.16 19:19:50.573,1.13293,1.13299,1.58,4.57
2021.11.16 19:19:50.981,1.13295,1.13298,1.12,3.00
2021.11.16 19:19:51.082,1.13293,1.13296,0.75,0.10
2021.11.16 19:19:51.295,1.13294,1.13296,0.75,0.10
2021.11.16 19:19:51.577,1.13297,1.13299,0.75,0.10
2021.11.16 19:19:51.629,1.13295,1.13299,2.03,0.10
2021.11.16 19:19:51.680,1.13298,1.133,1.12,0.75
2021.11.16 19:19:51.782,1.13299,1.13301,0.75,0.10
2021.11.16 19:19:52.921,1.13297,1.133,1.20,0.45
2021.11.16 19:19:53.124,1.13296,1.133,4.16,0.45
2021.11.16 19:19:53.251,1.13298,1.13299,1.20,0.45
2021.11.16 19:19:54.110,1.13298,1.133,0.75,1.95
2021.11.16 19:19:54.364,1.13297,1.13299,0.75,1.57
2021.11.16 19:19:57.180,1.13298,1.13301,0.75,6.56
2021.11.16 19:19:57.942,1.13297,1.13299,0.75,0.10
2021.11.16 19:19:58.329,1.13298,1.13301,0.75,6.56
2021.11.16 19:20:04.460,1.13298,1.133,0.75,0.10
2021.11.16 19:20:05.256,1.13299,1.13301,0.75,0.10
2021.11.16 19:20:07.237,1.13298,1.13302,2.03,0.10
2021.11.16 19:20:08.151,1.13302,1.13304,0.75,1.57
2021.11.16 19:20:08.253,1.13302,1.13305,0.75,3.45
2021.11.16 19:20:08.567,1.13304,1.13307,0.75,0.45
2021.11.16 19:20:08.618,1.13302,1.13304,0.75,0.10
2021.11.16 19:20:08.669,1.13299,1.13301,1.50,0.75
2021.11.16 19:20:12.001,1.13299,1.13302,0.75,1.01
2021.11.16 19:20:12.911,1.13298,1.13301,0.75,0.10
2021.11.16 19:20:13.089,1.13298,1.133,0.75,0.19
2021.11.16 19:20:13.140,1.13295,1.13297,0.75,1.39
2021.11.16 19:20:13.242,1.13295,1.13296,0.75,2.32
2021.11.16 19:20:13.710,1.13294,1.13296,0.75,0.10
2021.11.16 19:20:14.083,1.13293,1.13294,1.12,0.10
2021.11.16 19:20:14.236,1.13292,1.13295,0.37,0.10
2021.11.16 19:20:15.010,1.13293,1.13295,0.75,0.10
2021.11.16 19:20:16.514,1.13291,1.13292,0.75,1.01
2021.11.16 19:20:16.615,1.13291,1.13293,0.75,1.01
2021.11.16 19:20:16.717,1.13289,1.13293,0.45,0.10
2021.11.16 19:20:17.259,1.13289,1.13291,0.75,0.10
2021.11.16 19:20:18.807,1.13288,1.13291,0.75,2.44
2021.11.16 19:20:18.908,1.13287,1.13289,0.75,0.10
2021.11.16 19:20:23.950,1.13284,1.13287,3.45,0.10
2021.11.16 19:20:24.053,1.13283,1.13285,0.75,1.01
2021.11.16 19:20:24.257,1.1328,1.13284,1.28,0.82
2021.11.16 19:20:24.371,1.1328,1.13281,2.69,1.39
2021.11.16 19:20:24.473,1.13279,1.13281,2.69,0.10
2021.11.16 19:20:25.681,1.1328,1.13283,0.37,0.10
2021.11.16 19:20:27.085,1.13281,1.13283,0.75,0.10
2021.11.16 19:20:28.478,1.1328,1.13283,1.20,0.10
2021.11.16 19:20:30.077,1.13282,1.13284,0.75,0.19
2021.11.16 19:20:33.811,1.13282,1.13283,0.75,0.10
2021.11.16 19:20:33.862,1.13282,1.13285,0.75,2.81
2021.11.16 19:20:33.963,1.13283,1.13285,0.75,3.64
2021.11.16 19:20:43.008,1.13284,1.13287,0.75,0.37
2021.11.16 19:20:43.110,1.13283,1.13288,0.37,5.14
2021.11.16 19:20:43.211,1.13286,1.13288,0.75,0.94
2021.11.16 19:20:43.813,1.13287,1.13289,0.75,0.37
2021.11.16 19:20:43.914,1.13287,1.1329,0.75,4.95
2021.11.16 19:20:46.023,1.13288,1.1329,0.75,7.76
2021.11.16 19:20:48.885,1.13287,1.1329,0.75,0.37
2021.11.16 19:20:56.074,1.13283,1.13286,1.12,0.82
2021.11.16 19:20:56.178,1.13282,1.13285,0.75,0.10
2021.11.16 19:20:56.280,1.13282,1.13284,0.75,0.10
2021.11.16 19:20:56.670,1.13279,1.13281,1.94,0.82
2021.11.16 19:20:56.721,1.13277,1.1328,3.37,0.10
2021.11.16 19:20:58.015,1.1328,1.13283,0.10,2.93
2021.11.16 19:20:58.117,1.13281,1.13284,1.28,2.56
2021.11.16 19:20:58.218,1.13283,1.13285,0.75,1.20
2021.11.16 19:20:58.270,1.13281,1.13284,0.75,4.69
2021.11.16 19:20:58.865,1.13281,1.13284,0.75,1.01
2021.11.16 19:20:59.017,1.13281,1.13284,0.75,4.01
2021.11.16 19:21:01.098,1.13278,1.13281,2.33,0.94
2021.11.16 19:21:01.149,1.13275,1.13277,0.75,0.10
2021.11.16 19:21:01.250,1.13274,1.13276,3.07,0.75
2021.11.16 19:21:01.404,1.13273,1.13276,1.20,0.75
2021.11.16 19:21:01.506,1.13274,1.13276,0.75,0.75
2021.11.16 19:21:01.658,1.13273,1.13276,4.35,0.75
2021.11.16 19:21:01.709,1.13277,1.13279,0.75,2.32
2021.11.16 19:21:03.758,1.13275,1.13278,0.75,0.10
2021.11.16 19:21:04.680,1.13274,1.13277,1.95,2.32
2021.11.16 19:21:04.782,1.13272,1.13274,2.69,0.10
2021.11.16 19:21:05.088,1.13271,1.13274,0.75,0.10
2021.11.16 19:21:05.477,1.13272,1.13274,0.75,5.14
2021.11.16 19:21:05.629,1.13271,1.13274,0.75,0.26
2021.11.16 19:21:05.936,1.13272,1.13274,0.75,0.26
2021.11.16 19:21:06.088,1.13271,1.13274,0.75,0.10
2021.11.16 19:21:06.478,1.13272,1.13274,0.75,0.10
2021.11.16 19:21:08.871,1.13269,1.13271,2.69,1.01
2021.11.16 19:21:08.922,1.13268,1.13269,1.50,0.10
2021.11.16 19:21:09.484,1.13267,1.13271,0.82,4.01
2021.11.16 19:21:09.661,1.13267,1.1327,0.75,0.10
2021.11.16 19:21:10.044,1.13267,1.13271,0.82,4.01
2021.11.16 19:21:10.240,1.13267,1.1327,0.75,0.10
2021.11.16 19:21:12.157,1.1327,1.13272,0.75,2.63
2021.11.16 19:21:12.208,1.13268,1.13271,0.75,0.10
2021.11.16 19:21:13.663,1.13268,1.1327,0.75,0.10
2021.11.16 19:21:19.629,1.13267,1.13269,0.75,0.10
2021.11.16 19:21:19.681,1.13265,1.13268,2.69,0.10
2021.11.16 19:21:20.975,1.13267,1.13269,0.75,0.45
2021.11.16 19:21:21.127,1.13266,1.13269,0.75,0.10
2021.11.16 19:21:21.489,1.13267,1.13269,0.75,0.10
2021.11.16 19:21:22.224,1.13266,1.13269,0.75,0.10
2021.11.16 19:21:22.382,1.13266,1.13268,0.75,0.10
2021.11.16 19:21:25.120,1.13265,1.13268,0.37,0.10
2021.11.16 19:21:32.058,1.13263,1.13266,2.03,0.75
2021.11.16 19:21:32.160,1.13265,1.13267,0.75,0.10
2021.11.16 19:21:32.362,1.13265,1.13268,0.75,1.95
2021.11.16 19:21:32.463,1.13267,1.13269,0.75,0.10
2021.11.16 19:21:32.565,1.13265,1.13268,0.75,0.10
2021.11.16 19:21:32.997,1.13267,1.13269,0.75,0.10
2021.11.16 19:21:34.420,1.13266,1.13268,0.75,0.10
2021.11.16 19:21:35.977,1.13265,1.13268,0.75,0.10
2021.11.16 19:21:36.766,1.13265,1.13267,0.75,0.10
2021.11.16 19:21:36.872,1.13264,1.13265,0.75,0.82
2021.11.16 19:21:36.973,1.13262,1.13266,1.20,1.57
2021.11.16 19:21:37.646,1.13262,1.13265,0.75,0.10
2021.11.16 19:21:39.839,1.13262,1.13266,1.57,1.20
2021.11.16 19:21:39.991,1.13263,1.13265,0.75,0.10
2021.11.16 19:21:41.085,1.13263,1.13265,1.57,2.32
2021.11.16 19:21:41.189,1.13263,1.13266,0.75,1.57
2021.11.16 19:21:41.664,1.13259,1.13261,0.37,0.10
2021.11.16 19:21:41.766,1.13258,1.13261,0.75,1.01
2021.11.16 19:21:41.968,1.13258,1.1326,0.75,0.10
2021.11.16 19:21:44.822,1.13256,1.13259,0.37,0.10
2021.11.16 19:21:44.997,1.13257,1.13259,0.75,0.10
2021.11.16 19:21:45.650,1.13257,1.1326,0.75,0.82
2021.11.16 19:21:47.097,1.13258,1.1326,0.75,0.10
2021.11.16 19:21:48.245,1.13257,1.1326,1.12,0.10
2021.11.16 19:21:49.773,1.13257,1.13259,0.75,0.45
2021.11.16 19:21:49.925,1.13256,1.13258,0.75,0.10
2021.11.16 19:21:51.883,1.13257,1.13259,0.75,0.37
2021.11.16 19:21:56.541,1.13256,1.13258,0.75,0.10
2021.11.16 19:21:56.642,1.13257,1.13259,0.75,0.45
2021.11.16 19:22:06.274,1.13257,1.1326,1.12,0.82
2021.11.16 19:22:07.241,1.13258,1.1326,0.75,0.10
2021.11.16 19:22:08.242,1.13259,1.13262,0.45,2.25
2021.11.16 19:22:08.292,1.13261,1.13263,0.75,2.56
2021.11.16 19:22:08.394,1.13262,1.13264,0.75,0.10
2021.11.16 19:22:08.495,1.13262,1.13263,0.75,0.82
2021.11.16 19:22:10.882,1.13259,1.13263,1.57,0.10
2021.11.16 19:22:10.983,1.1326,1.13263,1.20,0.10
2021.11.16 19:22:11.095,1.13262,1.13264,0.75,0.10
2021.11.16 19:22:11.197,1.13263,1.13265,0.75,0.10
2021.11.16 19:22:11.865,1.13264,1.13266,0.75,0.75
2021.11.16 19:22:11.916,1.13262,1.13264,3.08,0.85
2021.11.16 19:22:19.325,1.13259,1.1326,4.94,1.57
2021.11.16 19:22:19.376,1.13257,1.1326,1.87,0.10
2021.11.16 19:22:21.117,1.13256,1.13258,0.75,0.10
2021.11.16 19:22:21.219,1.13255,1.13258,3.52,0.10
2021.11.16 19:22:21.321,1.13257,1.1326,0.75,1.20
2021.11.16 19:22:37.888,1.13257,1.13259,0.75,0.10
2021.11.16 19:22:38.441,1.13257,1.1326,0.75,0.45
2021.11.16 19:22:42.516,1.13254,1.13257,3.26,0.10
2021.11.16 19:22:42.617,1.13256,1.13257,0.75,0.82
2021.11.16 19:22:45.863,1.13253,1.13257,2.40,1.57
2021.11.16 19:22:45.964,1.13253,1.13256,1.20,0.75
2021.11.16 19:22:46.065,1.13254,1.13256,1.20,1.57
2021.11.16 19:22:47.227,1.13255,1.13258,0.75,0.10
2021.11.16 19:22:47.329,1.13256,1.13258,0.75,0.10
2021.11.16 19:22:47.480,1.13255,1.13258,1.58,0.10
2021.11.16 19:22:47.626,1.13257,1.13259,0.75,0.10
2021.11.16 19:22:48.736,1.13258,1.13259,0.75,0.82
2021.11.16 19:22:52.137,1.13259,1.13262,1.65,2.25
2021.11.16 19:22:52.238,1.13258,1.1326,1.94,0.10
2021.11.16 19:22:52.340,1.13257,1.1326,0.75,0.10
2021.11.16 19:23:11.250,1.13255,1.13258,0.75,0.10
2021.11.16 19:23:11.352,1.13256,1.13258,0.75,0.10
2021.11.16 19:23:11.453,1.13257,1.13259,0.75,0.10
2021.11.16 19:23:11.555,1.13258,1.1326,0.75,0.10
2021.11.16 19:23:15.940,1.1326,1.13262,0.37,2.56
2021.11.16 19:23:16.041,1.1326,1.13263,0.37,0.10
2021.11.16 19:23:16.193,1.13262,1.13264,0.75,0.45
2021.11.16 19:23:18.391,1.1326,1.13263,0.37,0.10
2021.11.16 19:23:18.492,1.13259,1.13263,1.65,0.10
2021.11.16 19:23:19.811,1.13259,1.13262,0.10,1.50
2021.11.16 19:23:19.862,1.13257,1.13259,3.44,0.10
2021.11.16 19:23:23.209,1.13255,1.13258,0.75,2.32
2021.11.16 19:23:23.361,1.13256,1.13258,0.75,0.82
2021.11.16 19:23:28.653,1.13255,1.13257,0.75,0.10
2021.11.16 19:23:28.704,1.13257,1.13259,0.75,0.10
2021.11.16 19:23:29.624,1.13258,1.1326,0.75,0.10
2021.11.16 19:23:32.147,1.13257,1.1326,0.75,0.10
2021.11.16 19:23:39.796,1.13257,1.13258,0.75,0.10
2021.11.16 19:23:40.001,1.13254,1.13258,2.39,3.07
2021.11.16 19:23:40.052,1.13254,1.13256,1.94,0.82
2021.11.16 19:23:40.153,1.13253,1.13254,1.12,0.10
2021.11.16 19:23:52.019,1.13252,1.13254,0.75,0.45
2021.11.16 19:23:53.206,1.13251,1.13253,0.75,0.75
2021.11.16 19:23:53.865,1.13252,1.13253,0.75,1.95
2021.11.16 19:23:54.246,1.13251,1.13253,0.75,0.75
2021.11.16 19:23:55.359,1.13251,1.13254,0.75,0.82
2021.11.16 19:24:20.106,1.13251,1.13253,0.75,0.10
2021.11.16 19:24:21.529,1.1325,1.13253,0.75,0.82
2021.11.16 19:24:23.650,1.13251,1.13253,0.75,0.10
2021.11.16 19:24:23.752,1.13252,1.13254,0.75,0.82
2021.11.16 19:24:24.894,1.13252,1.13255,0.75,1.20
2021.11.16 19:24:24.996,1.13256,1.13259,0.75,4.21
2021.11.16 19:24:26.545,1.13256,1.13258,0.75,0.10
2021.11.16 19:24:26.596,1.13253,1.13255,2.69,0.82
2021.11.16 19:24:31.892,1.13253,1.13254,0.75,0.82
2021.11.16 19:24:33.290,1.13253,1.13255,0.75,0.10
2021.11.16 19:24:33.341,1.13255,1.13257,0.75,0.10
2021.11.16 19:24:33.443,1.13256,1.13258,1.12,3.52
2021.11.16 19:24:33.544,1.13257,1.13259,0.75,0.10
2021.11.16 19:24:38.426,1.13257,1.1326,0.75,0.10
2021.11.16 19:24:38.477,1.1326,1.13262,0.75,0.10
2021.11.16 19:24:38.579,1.13261,1.13263,0.75,0.10
2021.11.16 19:24:40.291,1.1326,1.13263,0.75,1.20
2021.11.16 19:24:43.992,1.1326,1.13262,0.75,0.37
2021.11.16 19:24:45.878,1.13258,1.13261,0.75,0.45
2021.11.16 19:24:45.980,1.13257,1.1326,0.75,0.82
2021.11.16 19:24:47.101,1.13257,1.13259,0.75,0.10
2021.11.16 19:24:47.516,1.13254,1.13257,3.08,0.82
2021.11.16 19:24:49.352,1.13256,1.13258,0.75,0.10
2021.11.16 19:24:49.893,1.13255,1.13257,0.75,0.10
2021.11.16 19:24:49.994,1.13256,1.13258,0.75,0.10
2021.11.16 19:24:53.180,1.13253,1.13257,1.65,0.10
2021.11.16 19:24:54.219,1.13254,1.13257,0.75,0.82
2021.11.16 19:24:59.604,1.13251,1.13254,3.14,0.75
2021.11.16 19:25:04.028,1.13251,1.13252,1.95,0.10
2021.11.16 19:25:04.834,1.1325,1.13253,0.75,0.82
2021.11.16 19:25:05.100,1.13251,1.13253,0.75,0.10
2021.11.16 19:25:06.257,1.13251,1.13254,0.75,1.20
2021.11.16 19:25:10.793,1.13248,1.13251,0.75,1.12
2021.11.16 19:25:12.532,1.13247,1.1325,2.03,0.75
2021.11.16 19:25:22.896,1.13246,1.13249,0.75,1.12
2021.11.16 19:25:24.813,1.13246,1.13248,0.75,0.37
2021.11.16 19:25:24.864,1.13244,1.13246,1.94,0.75
2021.11.16 19:25:24.965,1.13243,1.13246,1.12,0.75
2021.11.16 19:25:27.009,1.13246,1.13249,0.75,4.81
2021.11.16 19:25:51.885,1.13249,1.13252,0.75,4.43
2021.11.16 19:25:51.987,1.13251,1.13253,0.75,0.37
2021.11.16 19:25:52.089,1.13251,1.13254,0.75,1.20
2021.11.16 19:25:54.029,1.13251,1.13253,0.75,0.37
2021.11.16 19:25:55.056,1.1325,1.13253,0.75,1.12
2021.11.16 19:25:55.158,1.13249,1.13252,0.75,1.12
2021.11.16 19:25:56.209,1.13251,1.13252,0.75,1.12
2021.11.16 19:25:57.663,1.13251,1.13253,0.75,0.37
2021.11.16 19:25:58.655,1.13248,1.1325,5.47,1.50
2021.11.16 19:26:01.065,1.13246,1.13249,0.75,1.12
2021.11.16 19:26:01.167,1.13246,1.13248,0.75,0.37
2021.11.16 19:26:01.723,1.13244,1.13247,0.75,0.75
2021.11.16 19:26:02.262,1.13242,1.13245,5.10,0.75
2021.11.16 19:26:02.912,1.13243,1.13245,0.75,0.37
2021.11.16 19:26:03.013,1.13243,1.13246,0.75,1.20
2021.11.16 19:26:03.763,1.13242,1.13245,2.03,1.50
2021.11.16 19:26:10.892,1.13243,1.13246,0.75,0.75
2021.11.16 19:26:14.909,1.13245,1.13248,0.75,0.82
2021.11.16 19:26:18.752,1.13244,1.13247,0.82,0.75
2021.11.16 19:26:29.474,1.13243,1.13246,0.75,0.75
2021.11.16 19:26:30.563,1.13244,1.13247,0.75,1.50
2021.11.16 19:26:32.330,1.13242,1.13244,3.45,0.75
2021.11.16 19:26:34.809,1.13242,1.13245,0.75,3.00
2021.11.16 19:26:37.224,1.13243,1.13245,0.75,2.25
2021.11.16 19:26:37.326,1.13243,1.13246,0.75,3.56
2021.11.16 19:26:37.598,1.13245,1.13247,0.75,1.50
2021.11.16 19:26:41.196,1.13245,1.13248,0.75,4.57
2021.11.16 19:26:42.330,1.13245,1.13247,0.75,0.10
2021.11.16 19:26:43.136,1.13242,1.13246,1.12,1.95
2021.11.16 19:26:43.413,1.13243,1.13246,0.75,1.01
2021.11.16 19:26:49.295,1.13242,1.13245,1.50,0.75
2021.11.16 19:26:52.825,1.13242,1.13244,1.50,0.75
2021.11.16 19:26:52.876,1.1324,1.13243,1.20,0.75
2021.11.16 19:26:52.927,1.13238,1.13241,3.44,0.82
2021.11.16 19:26:53.029,1.13237,1.13241,7.20,2.32
2021.11.16 19:26:53.181,1.13237,1.1324,7.20,0.10
2021.11.16 19:26:56.903,1.13238,1.1324,7.95,7.51
2021.11.16 19:26:59.710,1.13237,1.1324,7.20,0.75
2021.11.16 19:27:00.010,1.13238,1.13242,0.75,3.82
2021.11.16 19:27:00.061,1.1324,1.13242,7.20,0.10
2021.11.16 19:27:12.102,1.13237,1.1324,2.03,0.94
2021.11.16 19:27:12.255,1.13239,1.13241,7.20,0.37
2021.11.16 19:27:12.356,1.13239,1.13242,7.20,1.76
2021.11.16 19:27:13.793,1.13238,1.13241,7.20,0.82
2021.11.16 19:27:13.999,1.13239,1.13242,7.20,7.01
2021.11.16 19:27:14.100,1.13238,1.13241,7.20,0.75
2021.11.16 19:27:14.202,1.13239,1.13242,7.20,4.20
2021.11.16 19:27:14.850,1.13238,1.13243,1.20,5.32
2021.11.16 19:27:15.811,1.13241,1.13243,7.20,0.82
2021.11.16 19:27:17.494,1.1324,1.13243,7.20,1.20
2021.11.16 19:27:19.084,1.13242,1.13244,0.75,4.50
2021.11.16 19:27:20.856,1.13243,1.13246,0.75,2.25
2021.11.16 19:27:20.957,1.13243,1.13247,0.75,2.70
2021.11.16 19:27:21.705,1.13242,1.13245,1.50,0.75
2021.11.16 19:27:23.412,1.13241,1.13244,7.20,3.82
2021.11.16 19:27:25.224,1.1324,1.13243,7.20,0.75
2021.11.16 19:27:26.663,1.13238,1.13241,7.20,0.75
2021.11.16 19:27:33.852,1.13238,1.1324,7.20,1.50
2021.11.16 19:27:33.903,1.13236,1.13238,7.20,0.75
2021.11.16 19:27:35.641,1.13236,1.13239,7.20,1.20
2021.11.16 19:27:36.166,1.13236,1.13238,7.20,0.10
2021.11.16 19:27:43.339,1.13234,1.13237,9.15,0.75
2021.11.16 19:27:45.106,1.13235,1.13238,0.75,0.75
2021.11.16 19:27:45.713,1.13236,1.13239,0.75,0.82
2021.11.16 19:27:47.855,1.13238,1.13241,0.75,0.75
2021.11.16 19:27:56.310,1.13239,1.13242,0.75,3.00
2021.11.16 19:27:56.613,1.1324,1.13243,0.75,6.64
2021.11.16 19:27:58.960,1.13241,1.13244,0.75,4.01
2021.11.16 19:28:01.833,1.1324,1.13243,0.75,0.75
2021.11.16 19:28:02.197,1.13239,1.13242,0.75,0.82
2021.11.16 19:28:03.613,1.13237,1.1324,0.75,0.75
2021.11.16 19:28:05.091,1.13239,1.13241,0.75,10.81
2021.11.16 19:28:05.192,1.13239,1.13242,0.75,0.75
2021.11.16 19:28:06.673,1.1324,1.13242,0.75,0.82
2021.11.16 19:28:09.980,1.13239,1.13242,2.69,0.75
2021.11.16 19:28:10.082,1.13236,1.13239,0.75,0.75
2021.11.16 19:28:11.177,1.13235,1.13238,0.75,0.75
2021.11.16 19:28:11.843,1.13234,1.13237,0.82,0.75
2021.11.16 19:28:13.473,1.13233,1.13236,1.95,0.75
2021.11.16 19:28:16.486,1.13234,1.13238,1.20,0.45
2021.11.16 19:28:18.018,1.13233,1.13236,0.82,0.75
2021.11.16 19:28:21.539,1.13234,1.13237,1.20,0.75
2021.11.16 19:28:21.724,1.13234,1.13238,1.20,0.10
2021.11.16 19:28:21.826,1.13233,1.13236,1.95,0.75
2021.11.16 19:28:22.552,1.13233,1.13235,3.90,0.82
2021.11.16 19:28:22.653,1.13231,1.13234,1.95,0.75
2021.11.16 19:28:22.856,1.13232,1.13234,0.37,0.75
2021.11.16 19:28:22.958,1.13232,1.13235,1.20,0.75
2021.11.16 19:28:23.059,1.13231,1.13234,3.15,0.75
2021.11.16 19:28:25.500,1.13232,1.13234,0.10,0.75
2021.11.16 19:28:25.601,1.13232,1.13235,0.82,0.75
2021.11.16 19:28:28.750,1.13233,1.13237,1.20,1.57
2021.11.16 19:28:29.182,1.13231,1.13234,1.95,0.75
2021.11.16 19:28:29.284,1.13233,1.13236,1.95,0.75
2021.11.16 19:28:33.755,1.13235,1.13237,2.40,0.75
2021.11.16 19:28:36.059,1.13232,1.13234,0.10,0.75
2021.11.16 19:28:36.160,1.13231,1.13234,4.09,0.75
2021.11.16 19:28:38.943,1.1323,1.13232,1.94,0.45
2021.11.16 19:28:38.994,1.13226,1.13228,1.94,1.50
2021.11.16 19:28:39.146,1.13227,1.1323,0.75,3.31
2021.11.16 19:28:39.197,1.13225,1.13228,3.37,0.75
2021.11.16 19:28:39.349,1.13228,1.1323,1.50,4.20
2021.11.16 19:28:39.451,1.13225,1.13227,0.37,0.75
2021.11.16 19:28:39.552,1.13225,1.13228,1.69,0.75
2021.11.16 19:28:39.704,1.13227,1.1323,2.70,0.75
2021.11.16 19:28:40.072,1.13227,1.13229,0.75,0.75
2021.11.16 19:28:43.324,1.13226,1.13229,1.95,0.75
2021.11.16 19:28:43.426,1.13225,1.13228,0.75,0.75
2021.11.16 19:28:44.570,1.13227,1.1323,1.31,0.75
2021.11.16 19:28:44.722,1.13227,1.1323,2.44,0.75
2021.11.16 19:28:51.110,1.13228,1.1323,0.37,0.75
2021.11.16 19:28:51.634,1.13226,1.13228,1.12,0.75
2021.11.16 19:28:51.684,1.13224,1.13228,4.27,0.75
2021.11.16 19:28:53.069,1.13224,1.13227,5.51,0.75
2021.11.16 19:28:53.965,1.13225,1.13227,0.37,0.75
2021.11.16 19:28:54.928,1.13224,1.13227,4.20,0.75
2021.11.16 19:28:54.980,1.13223,1.13225,2.69,0.75
2021.11.16 19:28:55.030,1.13225,1.13226,0.37,0.75
2021.11.16 19:28:56.049,1.13225,1.13227,0.19,0.75
2021.11.16 19:28:57.030,1.13224,1.13227,2.89,0.75
2021.11.16 19:28:58.057,1.13225,1.13227,0.19,0.75
2021.11.16 19:28:58.558,1.13224,1.13227,2.89,0.75
2021.11.16 19:28:58.714,1.13225,1.13227,0.19,0.75
2021.11.16 19:28:58.973,1.13224,1.13227,1.58,0.75
2021.11.16 19:29:05.671,1.13223,1.13227,6.22,0.75
2021.11.16 19:29:06.013,1.13224,1.13227,0.56,0.75
2021.11.16 19:29:06.065,1.13222,1.13225,3.52,0.37
2021.11.16 19:29:06.115,1.1322,1.13222,1.94,0.75
2021.11.16 19:29:06.217,1.13219,1.13222,0.94,0.75
2021.11.16 19:29:06.319,1.13221,1.13222,0.19,0.75
2021.11.16 19:29:06.370,1.13218,1.13221,3.07,4.76
2021.11.16 19:29:06.472,1.13217,1.13221,1.50,1.50
2021.11.16 19:29:06.574,1.13218,1.13222,0.82,0.75
2021.11.16 19:29:06.624,1.13217,1.1322,2.70,0.75
2021.11.16 19:29:06.827,1.13217,1.13219,1.95,0.75
2021.11.16 19:29:07.007,1.13217,1.13219,0.37,0.75
2021.11.16 19:29:08.079,1.13216,1.13219,3.15,0.75
2021.11.16 19:29:08.631,1.13216,1.13218,0.10,0.75
2021.11.16 19:29:11.676,1.13217,1.13221,2.03,6.38
2021.11.16 19:29:12.935,1.13216,1.13219,3.53,0.75
2021.11.16 19:29:15.697,1.13218,1.13221,1.12,0.75
2021.11.16 19:29:16.106,1.13217,1.1322,5.02,0.75
2021.11.16 19:29:17.901,1.13216,1.13219,5.40,0.10
2021.11.16 19:29:18.002,1.13216,1.13217,1.50,0.82
2021.11.16 19:29:18.104,1.13214,1.13217,2.33,0.75
2021.11.16 19:29:19.775,1.13214,1.13216,3.15,0.75
2021.11.16 19:29:19.876,1.13214,1.13217,1.20,0.75
2021.11.16 19:29:21.346,1.13213,1.13217,1.20,0.75
2021.11.16 19:29:21.447,1.13214,1.13217,1.20,0.75
2021.11.16 19:29:21.949,1.13213,1.13217,2.40,0.75
2021.11.16 19:29:24.405,1.13215,1.13217,0.37,0.75
2021.11.16 19:29:30.526,1.13217,1.13219,1.50,0.10
2021.11.16 19:29:30.628,1.13215,1.1322,1.58,0.10
2021.11.16 19:29:30.729,1.13215,1.13218,2.33,0.75
2021.11.16 19:29:31.767,1.13213,1.13217,3.75,0.75
2021.11.16 19:29:32.987,1.13211,1.13213,5.77,0.75
2021.11.16 19:29:33.089,1.1321,1.13212,1.20,0.75
2021.11.16 19:29:33.190,1.13209,1.13212,0.75,0.75
2021.11.16 19:29:33.292,1.13208,1.13212,0.94,0.75
2021.11.16 19:29:35.377,1.13209,1.13212,1.50,0.75
2021.11.16 19:29:36.899,1.1321,1.13212,0.37,0.75
2021.11.16 19:29:37.049,1.13209,1.13212,0.56,0.75
2021.11.16 19:29:40.223,1.1321,1.13212,0.37,0.75
2021.11.16 19:29:42.017,1.13209,1.13212,2.33,0.75
2021.11.16 19:29:44.244,1.1321,1.13212,0.37,0.75
2021.11.16 19:29:46.141,1.1321,1.13213,0.37,0.75
2021.11.16 19:29:46.692,1.13211,1.13213,2.06,0.75
2021.11.16 19:29:46.743,1.13212,1.13216,5.14,0.75
2021.11.16 19:29:46.794,1.13214,1.13217,0.37,0.75
2021.11.16 19:29:46.897,1.13214,1.13216,0.37,0.75
2021.11.16 19:29:49.473,1.13213,1.13216,5.40,0.75
2021.11.16 19:29:50.963,1.13214,1.13216,0.37,0.75
2021.11.16 19:29:52.558,1.13213,1.13216,3.08,0.75
2021.11.16 19:29:53.295,1.13212,1.13216,5.40,0.75
2021.11.16 19:29:53.397,1.13212,1.13215,1.87,0.75
2021.11.16 19:29:56.603,1.13212,1.13217,1.95,0.10
2021.11.16 19:29:56.910,1.13211,1.13213,3.75,0.75
2021.11.16 19:29:57.012,1.1321,1.13212,15.60,0.75
2021.11.16 19:30:00.734,1.1321,1.13212,2.70,0.75
2021.11.16 19:30:02.595,1.1321,1.13214,2.25,0.75
2021.11.16 19:30:03.479,1.1321,1.13213,1.12,0.75
2021.11.16 19:30:03.732,1.13209,1.13213,4.01,0.75
2021.11.16 19:30:04.177,1.13209,1.13212,1.12,0.75
2021.11.16 19:30:07.721,1.1321,1.13212,0.37,0.75
2021.11.16 19:30:10.046,1.13209,1.13212,3.83,0.75
2021.11.16 19:30:13.437,1.1321,1.13212,0.37,0.75
2021.11.16 19:30:19.491,1.13209,1.13212,4.01,0.75
2021.11.16 19:30:19.710,1.1321,1.13212,0.37,0.75
2021.11.16 19:30:24.266,1.1321,1.13213,0.37,0.75
2021.11.16 19:30:38.775,1.13209,1.13213,3.26,0.82
2021.11.16 19:30:42.955,1.1321,1.13213,0.37,0.75
2021.11.16 19:30:50.722,1.1321,1.13214,2.06,0.82
2021.11.16 19:30:50.824,1.13215,1.13217,0.82,2.56
2021.11.16 19:30:50.875,1.13218,1.13221,0.75,0.82
2021.11.16 19:30:50.976,1.13219,1.13222,0.94,0.75
2021.11.16 19:31:00.196,1.13225,1.13227,0.75,2.25
2021.11.16 19:31:00.247,1.1323,1.13232,0.82,1.50
2021.11.16 19:31:00.298,1.13234,1.13236,1.50,2.25
2021.11.16 19:31:00.400,1.13235,1.13238,0.94,0.45
2021.11.16 19:31:00.501,1.13235,1.13239,0.94,1.50
2021.11.16 19:31:00.603,1.13235,1.1324,1.69,0.45
2021.11.16 19:31:00.806,1.13237,1.1324,0.37,0.10
2021.11.16 19:31:01.989,1.13235,1.13238,1.31,0.75
2021.11.16 19:31:06.556,1.13238,1.13241,2.25,0.75
2021.11.16 19:31:10.814,1.13237,1.13239,0.94,0.75
2021.11.16 19:31:10.865,1.13239,1.1324,0.75,0.75
2021.11.16 19:31:10.966,1.13239,1.13241,0.19,0.75
2021.11.16 19:31:16.485,1.13239,1.13242,0.94,0.75
2021.11.16 19:31:19.142,1.1324,1.13242,0.19,0.75
2021.11.16 19:31:19.975,1.13238,1.1324,2.69,0.75
2021.11.16 19:31:20.076,1.13239,1.13241,2.81,0.75
2021.11.16 19:31:21.161,1.13237,1.13242,7.83,0.82
2021.11.16 19:31:21.263,1.13238,1.13241,0.19,0.45
2021.11.16 19:31:21.518,1.13237,1.13239,0.19,0.75
2021.11.16 19:31:25.476,1.13239,1.1324,0.94,0.82
2021.11.16 19:31:25.528,1.13239,1.13242,0.75,0.75
2021.11.16 19:31:25.986,1.13237,1.13239,2.88,0.75
2021.11.16 19:31:26.139,1.13236,1.13239,4.01,0.75
2021.11.16 19:31:27.981,1.13237,1.13239,0.75,0.75
2021.11.16 19:31:28.994,1.13236,1.13239,3.64,0.75
2021.11.16 19:31:32.779,1.13234,1.13236,1.94,2.25
2021.11.16 19:31:32.880,1.13233,1.13235,0.19,0.75
2021.11.16 19:31:32.931,1.13235,1.13237,0.19,0.75
2021.11.16 19:31:37.827,1.13238,1.13239,0.75,0.75
2021.11.16 19:31:38.524,1.13235,1.13237,2.69,7.69
2021.11.16 19:31:38.575,1.13228,1.1323,1.20,0.75
2021.11.16 19:31:38.677,1.13229,1.13231,3.44,0.82
2021.11.16 19:31:38.779,1.13228,1.1323,0.75,0.75
2021.11.16 19:31:38.880,1.13227,1.1323,2.06,0.75
2021.11.16 19:31:39.284,1.13226,1.13229,0.75,0.82
2021.11.16 19:31:42.713,1.13227,1.13229,0.37,0.75
2021.11.16 19:31:43.101,1.13226,1.13229,1.69,0.75
2021.11.16 19:31:43.667,1.13227,1.1323,2.44,0.75
2021.11.16 19:31:48.063,1.13228,1.13231,0.75,0.75
2021.11.16 19:31:55.537,1.13227,1.1323,0.75,1.20
2021.11.16 19:31:56.154,1.13229,1.1323,0.75,0.75
2021.11.16 19:31:58.333,1.13229,1.13232,0.75,0.82
2021.11.16 19:32:00.518,1.13228,1.13231,0.75,0.75
2021.11.16 19:32:07.450,1.13219,1.13222,2.14,1.12
2021.11.16 19:32:07.501,1.13215,1.13217,1.50,0.75
2021.11.16 19:32:07.552,1.13217,1.13219,3.94,0.75
2021.11.16 19:32:07.654,1.13217,1.1322,0.75,0.82
2021.11.16 19:32:07.907,1.13215,1.13216,1.87,0.75
2021.11.16 19:32:08.008,1.13213,1.13216,2.32,0.75
2021.11.16 19:32:10.485,1.13215,1.13218,0.75,0.82
2021.11.16 19:32:12.694,1.13218,1.13221,1.69,4.50
2021.11.16 19:32:12.796,1.13217,1.13218,4.19,1.87
2021.11.16 19:32:12.847,1.13213,1.13216,5.02,0.75
2021.11.16 19:32:20.687,1.13214,1.13217,0.75,1.12
2021.11.16 19:32:22.292,1.13216,1.13218,0.94,2.56
2021.11.16 19:32:22.394,1.13216,1.13219,0.94,0.75
2021.11.16 19:32:23.182,1.1322,1.13222,0.75,0.75
2021.11.16 19:32:23.233,1.13221,1.13224,0.75,3.76
2021.11.16 19:32:30.092,1.13222,1.13225,0.75,4.87
2021.11.16 19:32:34.493,1.13222,1.13224,0.75,0.37
2021.11.16 19:32:34.594,1.13222,1.13225,0.75,3.37
2021.11.16 19:32:34.898,1.13221,1.13224,0.75,0.75
2021.11.16 19:32:37.177,1.13222,1.13225,0.75,0.75
2021.11.16 19:32:37.796,1.13223,1.13226,0.75,1.95
2021.11.16 19:32:38.215,1.13222,1.13224,0.75,0.37
2021.11.16 19:32:39.759,1.13222,1.13225,0.75,4.87
2021.11.16 19:32:47.122,1.13224,1.13226,0.75,2.62
2021.11.16 19:32:47.224,1.13224,1.13227,0.26,2.56
2021.11.16 19:32:47.325,1.13224,1.13228,0.26,3.00
2021.11.16 19:32:49.098,1.13225,1.13228,0.75,5.32
2021.11.16 19:32:52.079,1.13223,1.13227,0.19,3.00
2021.11.16 19:32:52.912,1.13224,1.13227,0.75,3.75
2021.11.16 19:33:00.902,1.13226,1.13229,0.75,8.62
2021.11.16 19:33:13.380,1.13224,1.13227,0.45,1.50
2021.11.16 19:33:13.482,1.13223,1.13225,1.94,0.75
2021.11.16 19:33:13.583,1.13223,1.13224,0.75,4.12
2021.11.16 19:33:13.685,1.1322,1.13223,0.75,1.50
2021.11.16 19:33:14.883,1.13221,1.13223,0.75,2.62
2021.11.16 19:33:17.882,1.13219,1.13222,1.20,0.37
2021.11.16 19:33:20.924,1.13221,1.13224,0.75,5.93
2021.11.16 19:33:23.319,1.13221,1.13223,0.75,0.75
2021.11.16 19:33:23.370,1.13218,1.13221,0.19,5.25
2021.11.16 19:33:23.421,1.13217,1.13219,2.69,0.37
2021.11.16 19:33:28.997,1.13217,1.1322,0.75,2.70
2021.11.16 19:33:30.021,1.13219,1.13221,0.75,2.62
2021.11.16 19:33:30.123,1.13221,1.13223,0.75,0.82
2021.11.16 19:33:36.404,1.13222,1.13225,0.75,2.25
2021.11.16 19:33:36.557,1.13222,1.13224,0.75,0.37
2021.11.16 19:33:37.781,1.13222,1.13225,0.75,3.75
2021.11.16 19:33:37.883,1.13222,1.13224,0.75,0.37
2021.11.16 19:33:37.984,1.13222,1.13225,0.75,1.87
2021.11.16 19:33:50.330,1.13222,1.13223,0.75,0.37
2021.11.16 19:33:53.065,1.13222,1.13225,0.75,2.25
2021.11.16 19:33:53.781,1.13223,1.13227,1.76,1.50
2021.11.16 19:33:53.832,1.13226,1.13228,0.75,6.38
2021.11.16 19:33:53.934,1.13226,1.13229,0.75,1.20
2021.11.16 19:33:54.440,1.13228,1.13231,1.84,0.37
2021.11.16 19:33:54.491,1.13231,1.13233,0.75,3.38
2021.11.16 19:33:58.549,1.13231,1.13234,0.75,0.82
2021.11.16 19:34:02.807,1.13228,1.1323,1.94,0.75
2021.11.16 19:34:02.909,1.13231,1.13233,0.75,0.37
2021.11.16 19:34:03.010,1.13231,1.13234,0.75,1.12
2021.11.16 19:34:04.297,1.13232,1.13235,0.75,5.25
2021.11.16 19:34:07.368,1.13229,1.13233,3.34,0.37
2021.11.16 19:34:07.891,1.13231,1.13233,0.75,0.37
2021.11.16 19:34:09.436,1.13228,1.13231,2.02,0.75
2021.11.16 19:34:09.538,1.13229,1.13231,1.69,0.37
2021.11.16 19:34:09.639,1.1323,1.13233,0.75,3.68
2021.11.16 19:34:09.740,1.13231,1.13234,0.75,1.12
2021.11.16 19:34:09.892,1.13231,1.13233,0.75,0.37
2021.11.16 19:34:10.044,1.1323,1.13233,0.75,0.75
2021.11.16 19:34:10.146,1.13231,1.13234,1.76,0.75
2021.11.16 19:34:13.891,1.13232,1.13235,0.75,0.75
2021.11.16 19:34:23.424,1.13231,1.13233,0.75,1.50
2021.11.16 19:34:23.526,1.1323,1.13233,0.75,0.75
2021.11.16 19:34:26.019,1.13229,1.13232,0.75,0.75
2021.11.16 19:34:26.816,1.13227,1.1323,0.75,0.75
2021.11.16 19:34:33.368,1.13227,1.13229,0.75,0.37
2021.11.16 19:34:34.256,1.13226,1.13229,0.75,1.12
2021.11.16 19:34:42.542,1.13228,1.13231,0.75,3.68
2021.11.16 19:34:46.649,1.13227,1.13229,0.75,0.75
2021.11.16 19:34:54.456,1.13226,1.13229,1.95,0.75
2021.11.16 19:34:54.940,1.13224,1.13227,1.12,0.75
2021.11.16 19:34:55.042,1.13225,1.13228,0.75,0.75
2021.11.16 19:34:55.548,1.13223,1.13226,1.12,0.75
2021.11.16 19:34:55.649,1.13222,1.13225,1.20,0.75
2021.11.16 19:35:15.062,1.13226,1.13228,0.75,0.37
2021.11.16 19:35:15.163,1.13228,1.13231,0.75,4.81
2021.11.16 19:35:22.124,1.13227,1.1323,0.75,1.57
2021.11.16 19:35:22.225,1.13227,1.13228,0.75,0.75
2021.11.16 19:35:22.276,1.13225,1.13228,0.75,0.75
2021.11.16 19:35:22.377,1.13226,1.13229,0.75,0.75
2021.11.16 19:35:30.006,1.13227,1.13229,0.75,0.45
2021.11.16 19:35:31.565,1.13227,1.1323,0.75,4.20
2021.11.16 19:35:35.209,1.13227,1.13229,0.75,0.10
2021.11.16 19:35:44.192,1.13224,1.13228,3.08,0.10
2021.11.16 19:35:44.305,1.13225,1.13228,0.19,0.10
2021.11.16 19:35:44.572,1.13227,1.1323,0.75,0.82
2021.11.16 19:35:44.673,1.13228,1.1323,0.75,0.10
2021.11.16 19:35:46.054,1.13228,1.13229,0.75,0.82
2021.11.16 19:35:51.231,1.13227,1.13229,0.75,0.10
2021.11.16 19:35:59.421,1.13226,1.13229,0.75,0.82
2021.11.16 19:35:59.623,1.13227,1.1323,0.75,0.82
2021.11.16 19:36:03.556,1.13227,1.13228,0.75,0.10
2021.11.16 19:36:05.153,1.13225,1.13228,0.75,0.82
2021.11.16 19:36:05.701,1.13223,1.13226,0.75,0.82
2021.11.16 19:36:09.604,1.13222,1.13225,0.75,0.82
2021.11.16 19:36:10.999,1.13223,1.13225,0.75,0.10
2021.11.16 19:36:11.450,1.13222,1.13224,0.75,0.10
2021.11.16 19:36:12.824,1.13221,1.13223,0.75,0.10
2021.11.16 19:36:12.938,1.13221,1.13224,0.75,0.82
2021.11.16 19:36:15.363,1.13222,1.13224,0.75,0.82
2021.11.16 19:36:16.929,1.1322,1.13223,1.39,1.57
2021.11.16 19:36:16.980,1.13217,1.1322,5.13,0.10
2021.11.16 19:36:17.234,1.13216,1.13219,1.69,0.75
2021.11.16 19:36:17.335,1.13218,1.1322,0.75,0.10
2021.11.16 19:36:20.893,1.13218,1.13221,0.75,0.82
2021.11.16 19:36:23.154,1.13219,1.13222,0.94,0.75
2021.11.16 19:36:23.257,1.13223,1.13226,0.75,10.88
2021.11.16 19:36:23.358,1.13223,1.13225,0.75,0.10
2021.11.16 19:36:23.926,1.13223,1.13226,0.75,2.32
2021.11.16 19:36:31.013,1.13224,1.13226,0.75,7.57
2021.11.16 19:36:31.115,1.13224,1.13226,0.75,0.10
2021.11.16 19:36:32.289,1.13226,1.13229,0.75,3.76
2021.11.16 19:36:32.390,1.13227,1.1323,0.75,3.82
2021.11.16 19:36:34.559,1.13229,1.13232,0.75,0.10
2021.11.16 19:36:34.660,1.1323,1.13233,0.75,1.20
2021.11.16 19:36:34.712,1.13233,1.13235,0.75,2.56
2021.11.16 19:36:34.813,1.13233,1.13236,0.75,0.75
2021.11.16 19:36:37.702,1.13234,1.13237,1.95,0.10
2021.11.16 19:36:37.804,1.13234,1.13236,0.75,0.10
2021.11.16 19:36:38.637,1.13232,1.13235,0.75,0.82
2021.11.16 19:36:40.376,1.13233,1.13235,0.75,0.10
2021.11.16 19:36:41.774,1.13231,1.13233,0.75,0.10
2021.11.16 19:36:41.825,1.13229,1.13231,1.94,0.75
2021.11.16 19:36:41.927,1.13228,1.13231,0.75,0.75
2021.11.16 19:36:43.947,1.13229,1.13232,0.75,3.76
2021.11.16 19:36:44.048,1.13231,1.13234,0.75,3.38
2021.11.16 19:36:49.891,1.13232,1.13235,0.75,5.32
2021.11.16 19:37:00.005,1.13231,1.13233,0.75,1.20
2021.11.16 19:37:00.156,1.13229,1.13231,0.75,0.75
2021.11.16 19:37:00.258,1.13228,1.13231,0.75,0.75
2021.11.16 19:37:00.798,1.1323,1.13231,0.75,0.82
2021.11.16 19:37:03.654,1.13231,1.13234,0.75,0.82
2021.11.16 19:37:09.543,1.13231,1.13233,0.75,0.37
2021.11.16 19:37:11.053,1.13231,1.13234,0.75,1.57
2021.11.16 19:37:14.629,1.13233,1.13234,1.69,3.00
2021.11.16 19:37:19.924,1.13231,1.13234,0.75,0.75
2021.11.16 19:37:22.610,1.13232,1.13235,0.75,0.75
2021.11.16 19:37:28.561,1.13231,1.13234,1.69,0.75
2021.11.16 19:37:30.726,1.13231,1.13233,0.94,0.75
2021.11.16 19:37:30.828,1.1323,1.13233,2.14,0.75
2021.11.16 19:37:32.750,1.13231,1.13233,0.94,0.75
2021.11.16 19:37:34.908,1.13231,1.13234,0.94,0.75
2021.11.16 19:37:38.964,1.13232,1.13234,2.44,0.75
2021.11.16 19:37:39.015,1.13233,1.13236,0.94,3.00
2021.11.16 19:37:39.117,1.13232,1.13236,3.34,0.75
2021.11.16 19:37:39.218,1.13232,1.13235,2.96,0.75
2021.11.16 19:37:40.058,1.13232,1.13234,0.26,0.75
2021.11.16 19:37:40.210,1.13232,1.13235,1.76,0.75
2021.11.16 19:37:40.426,1.13232,1.13236,2.89,0.75
2021.11.16 19:37:41.586,1.13237,1.13238,1.01,3.68
2021.11.16 19:37:41.688,1.13236,1.1324,3.71,1.12
2021.11.16 19:37:43.424,1.13238,1.13239,0.75,1.12
2021.11.16 19:37:43.739,1.13236,1.1324,4.09,1.12
2021.11.16 19:37:53.514,1.13238,1.13242,1.39,2.93
2021.11.16 19:37:53.615,1.13238,1.13243,1.39,4.57
2021.11.16 19:37:54.515,1.13239,1.13243,1.76,0.75
2021.11.16 19:37:54.719,1.13238,1.13241,0.10,0.75
2021.11.16 19:37:54.984,1.13238,1.1324,0.10,0.75
2021.11.16 19:37:57.118,1.13237,1.1324,0.75,0.75
2021.11.16 19:37:57.270,1.13236,1.13239,0.94,0.75
2021.11.16 19:37:58.633,1.13235,1.13238,2.03,0.75
2021.11.16 19:38:00.265,1.13233,1.13235,2.69,0.75
2021.11.16 19:38:00.366,1.13236,1.13238,0.94,0.37
2021.11.16 19:38:00.468,1.13238,1.13239,0.75,0.75
2021.11.16 19:38:00.795,1.13236,1.13239,3.71,0.75
2021.11.16 19:38:00.896,1.13237,1.13239,0.75,0.75
2021.11.16 19:38:01.635,1.13236,1.13239,3.34,0.75
2021.11.16 19:38:02.092,1.13237,1.13239,0.75,0.75
2021.11.16 19:38:02.630,1.13237,1.13242,4.84,1.50
2021.11.16 19:38:02.681,1.13239,1.13242,1.69,0.75
2021.11.16 19:38:08.897,1.13238,1.13242,2.78,1.12
2021.11.16 19:38:11.210,1.13238,1.1324,4.46,0.75
2021.11.16 19:38:11.261,1.13237,1.13242,3.26,4.87
2021.11.16 19:38:11.833,1.13239,1.13243,0.94,0.75
2021.11.16 19:38:11.934,1.1324,1.13243,0.94,0.75
2021.11.16 19:38:14.189,1.1324,1.13244,2.96,0.75
2021.11.16 19:38:17.114,1.1324,1.13243,2.21,0.75
2021.11.16 19:38:17.216,1.1324,1.13242,5.14,1.12
2021.11.16 19:38:20.661,1.1324,1.13243,2.21,0.75
2021.11.16 19:38:20.763,1.13239,1.13242,2.89,0.37
2021.11.16 19:38:24.814,1.13239,1.13241,2.69,3.75
2021.11.16 19:38:24.916,1.13237,1.13239,1.01,0.75
2021.11.16 19:38:30.251,1.13237,1.13241,0.94,1.12
2021.11.16 19:38:30.783,1.13237,1.1324,0.19,0.37
2021.11.16 19:38:30.884,1.13237,1.13239,0.19,0.75
2021.11.16 19:38:44.493,1.13235,1.13238,0.37,0.75
2021.11.16 19:38:44.594,1.13234,1.13237,3.53,0.75
2021.11.16 19:38:44.696,1.13235,1.13237,0.19,0.75
2021.11.16 19:38:49.524,1.13237,1.1324,0.19,0.75
2021.11.16 19:39:00.279,1.13236,1.13238,0.37,1.57
2021.11.16 19:39:00.331,1.13232,1.13234,0.19,0.75
2021.11.16 19:39:00.432,1.13231,1.13234,8.32,0.75
2021.11.16 19:39:07.474,1.13231,1.13233,0.75,0.75
2021.11.16 19:39:12.137,1.13231,1.13235,0.82,0.75
2021.11.16 19:39:12.929,1.13231,1.13234,1.95,0.75
2021.11.16 19:39:13.690,1.13229,1.13232,3.52,0.10
2021.11.16 19:39:13.741,1.13226,1.13229,11.70,0.75
2021.11.16 19:39:14.497,1.13229,1.13233,0.75,8.44
2021.11.16 19:39:14.548,1.13227,1.13231,1.20,0.45
2021.11.16 19:39:17.017,1.13226,1.13229,1.46,0.75
2021.11.16 19:39:30.661,1.13227,1.13229,0.75,0.75
2021.11.16 19:39:30.813,1.13225,1.13229,3.14,0.75
2021.11.16 19:39:31.865,1.13223,1.13226,2.39,0.75
2021.11.16 19:39:32.017,1.13222,1.13226,2.02,0.75
2021.11.16 19:39:32.512,1.13222,1.13225,0.10,0.75
2021.11.16 19:39:32.563,1.13222,1.13227,3.64,0.82
2021.11.16 19:39:34.568,1.13223,1.13227,0.37,0.82
2021.11.16 19:39:34.867,1.13222,1.13226,5.66,0.75
2021.11.16 19:39:41.600,1.13227,1.13228,2.44,4.43
2021.11.16 19:39:41.652,1.1323,1.13232,1.20,8.25
2021.11.16 19:39:41.791,1.13231,1.13233,0.75,0.75
2021.11.16 19:39:42.045,1.13232,1.13235,0.10,0.75
2021.11.16 19:39:43.450,1.13231,1.13234,0.82,0.75
2021.11.16 19:39:45.429,1.13232,1.13234,1.20,0.75
2021.11.16 19:39:45.981,1.13227,1.1323,2.78,0.75
2021.11.16 19:39:46.083,1.13224,1.13226,7.50,0.94
2021.11.16 19:39:46.235,1.13221,1.13224,1.57,0.75
2021.11.16 19:39:46.336,1.13221,1.13225,1.57,0.75
2021.11.16 19:39:46.437,1.13222,1.13225,1.20,0.75
2021.11.16 19:39:46.961,1.13221,1.13225,1.57,0.75
2021.11.16 19:39:47.212,1.13222,1.13225,1.20,0.75
2021.11.16 19:39:47.313,1.13223,1.13227,0.10,0.75
2021.11.16 19:39:47.465,1.13224,1.13227,1.20,0.75
2021.11.16 19:39:49.457,1.13222,1.13224,0.75,0.75
2021.11.16 19:39:49.558,1.13222,1.13223,1.94,0.75
2021.11.16 19:39:49.660,1.1322,1.13224,1.57,0.75
2021.11.16 19:39:51.518,1.13221,1.13226,2.03,0.75
2021.11.16 19:39:52.602,1.13221,1.13224,0.75,0.75
2021.11.16 19:39:52.704,1.1322,1.13223,0.75,0.75
2021.11.16 19:39:53.218,1.1322,1.13224,1.95,0.75
2021.11.16 19:39:53.747,1.13219,1.13222,4.65,0.75
2021.11.16 19:39:54.003,1.13217,1.13221,3.82,0.75
2021.11.16 19:39:54.206,1.13218,1.13221,0.75,0.75
2021.11.16 19:39:54.308,1.13218,1.13222,0.75,0.75
2021.11.16 19:40:00.372,1.13217,1.13219,1.94,0.10
2021.11.16 19:40:00.474,1.13215,1.13218,0.75,1.57
2021.11.16 19:40:00.800,1.13214,1.13217,0.75,0.82
2021.11.16 19:40:00.901,1.13214,1.13215,2.70,0.82
2021.11.16 19:40:01.054,1.13214,1.13216,1.12,0.75
2021.11.16 19:40:01.155,1.13215,1.13218,0.75,0.75
2021.11.16 19:40:02.086,1.13216,1.13219,0.75,0.75
2021.11.16 19:40:02.187,1.13218,1.13219,1.95,0.75
2021.11.16 19:40:07.747,1.13216,1.1322,5.40,0.10
2021.11.16 19:40:09.612,1.13219,1.13222,0.75,3.19
2021.11.16 19:40:10.705,1.13219,1.1322,0.75,0.10
2021.11.16 19:40:11.104,1.13219,1.13222,0.75,5.81
2021.11.16 19:40:12.728,1.13219,1.13221,0.75,0.10
2021.11.16 19:40:21.265,1.13218,1.1322,0.75,0.10
2021.11.16 19:40:22.329,1.13217,1.1322,0.75,0.82
2021.11.16 19:40:25.094,1.13218,1.1322,0.75,0.10
2021.11.16 19:40:26.582,1.13219,1.1322,0.75,0.75
2021.11.16 19:40:26.633,1.13221,1.13222,0.75,2.56
2021.11.16 19:40:26.734,1.13221,1.13224,0.75,0.82
2021.11.16 19:40:30.061,1.1322,1.13223,0.75,2.51
2021.11.16 19:40:30.444,1.13222,1.13224,0.75,0.37
2021.11.16 19:40:30.495,1.13223,1.13226,1.28,2.56
2021.11.16 19:40:30.546,1.13226,1.13227,0.75,0.82
2021.11.16 19:40:30.850,1.13226,1.13228,0.75,0.10
2021.11.16 19:40:30.901,1.13224,1.13227,0.75,1.01
2021.11.16 19:40:31.482,1.13225,1.13227,0.75,0.37
2021.11.16 19:40:31.584,1.13225,1.13228,0.75,0.82
2021.11.16 19:40:34.940,1.13226,1.13228,0.75,0.10
2021.11.16 19:40:37.248,1.13229,1.13231,0.75,3.57
2021.11.16 19:40:42.158,1.13229,1.13232,0.75,4.01
2021.11.16 19:40:44.910,1.13232,1.13234,0.75,3.31
2021.11.16 19:40:45.063,1.13232,1.13235,0.75,0.10
2021.11.16 19:40:45.996,1.13233,1.13235,0.75,0.10
2021.11.16 19:40:46.616,1.13233,1.13236,0.75,1.20
2021.11.16 19:40:51.173,1.13234,1.13236,0.75,3.82
2021.11.16 19:40:51.335,1.13236,1.13239,0.75,3.82
2021.11.16 19:40:51.438,1.13238,1.13241,0.75,1.20
2021.11.16 19:40:52.191,1.13238,1.1324,0.75,0.10
2021.11.16 19:40:52.292,1.13238,1.13241,0.75,1.20
2021.11.16 19:41:00.299,1.13237,1.1324,0.75,1.01
2021.11.16 19:41:00.400,1.13236,1.13239,0.75,0.82
2021.11.16 19:41:02.254,1.13236,1.13238,0.75,0.94
2021.11.16 19:41:02.356,1.13236,1.13239,0.75,0.82
2021.11.16 19:41:11.543,1.13235,1.13238,0.75,0.75
2021.11.16 19:41:12.301,1.13232,1.13235,3.14,0.75
2021.11.16 19:41:14.661,1.13231,1.13234,1.95,0.75
2021.11.16 19:41:15.305,1.13232,1.13235,0.75,0.75
2021.11.16 19:41:17.924,1.1323,1.13233,0.75,0.75
2021.11.16 19:41:18.606,1.13232,1.13235,0.75,3.76
2021.11.16 19:41:24.262,1.13234,1.13237,0.75,0.75
2021.11.16 19:41:30.362,1.13235,1.13238,0.75,0.75
2021.11.16 19:41:37.132,1.13233,1.13236,0.75,0.75
2021.11.16 19:41:37.234,1.13232,1.13235,2.40,0.75
2021.11.16 19:41:45.956,1.13231,1.13234,0.75,0.75
2021.11.16 19:41:47.038,1.13232,1.13235,0.82,0.75
2021.11.16 19:42:20.045,1.13229,1.13232,2.70,1.12
2021.11.16 19:42:20.146,1.13228,1.13231,2.69,0.75
2021.11.16 19:42:22.355,1.13227,1.1323,2.03,0.75
2021.11.16 19:42:24.157,1.13227,1.13229,0.75,0.75
2021.11.16 19:42:24.208,1.1323,1.13232,1.87,2.56
2021.11.16 19:42:24.309,1.13231,1.13234,0.75,0.75
2021.11.16 19:42:33.375,1.1323,1.13232,0.82,0.75
2021.11.16 19:42:33.476,1.13227,1.1323,1.20,0.75
2021.11.16 19:42:34.868,1.13226,1.13229,0.75,0.75
2021.11.16 19:42:51.458,1.13225,1.13228,2.32,0.75
2021.11.16 19:42:52.113,1.13226,1.13229,0.75,0.75
2021.11.16 19:42:58.193,1.13226,1.13231,0.10,4.57
2021.11.16 19:43:02.595,1.13225,1.1323,0.45,0.10
2021.11.16 19:43:07.489,1.13225,1.13229,1.28,1.69
2021.11.16 19:43:07.540,1.13224,1.13227,0.45,0.10
2021.11.16 19:43:07.692,1.13222,1.13227,1.65,0.10
2021.11.16 19:43:10.074,1.13223,1.13228,1.57,4.95
2021.11.16 19:43:10.125,1.13225,1.13229,0.37,1.20
2021.11.16 19:43:10.378,1.13224,1.13229,0.10,3.45
2021.11.16 19:43:12.559,1.13223,1.13228,3.71,0.10
2021.11.16 19:43:13.725,1.13222,1.13227,3.60,0.10
2021.11.16 19:43:18.539,1.13223,1.13227,0.75,0.10
2021.11.16 19:43:18.641,1.13224,1.13229,4.09,0.10
2021.11.16 19:43:18.691,1.13226,1.1323,0.75,0.45
2021.11.16 19:43:18.793,1.13226,1.13231,0.45,15.01
2021.11.16 19:43:25.401,1.13226,1.1323,0.82,0.37
2021.11.16 19:43:29.363,1.13225,1.13228,0.75,2.32
2021.11.16 19:43:29.414,1.13222,1.13227,3.97,4.57
2021.11.16 19:43:36.277,1.13222,1.13226,0.75,0.82
2021.11.16 19:43:36.378,1.13221,1.13225,0.75,1.39
2021.11.16 19:43:38.410,1.13219,1.13224,0.82,3.82
2021.11.16 19:43:39.142,1.13218,1.13221,0.75,1.12
2021.11.16 19:43:39.244,1.13216,1.1322,0.75,0.82
2021.11.16 19:43:39.446,1.13215,1.1322,2.03,1.39
2021.11.16 19:43:39.648,1.13216,1.13221,0.82,4.76
2021.11.16 19:43:44.315,1.13219,1.13223,0.10,3.31
2021.11.16 19:43:44.417,1.13218,1.13223,4.20,1.95
2021.11.16 19:43:46.449,1.13219,1.13224,1.28,1.39
2021.11.16 19:43:46.551,1.1322,1.13222,0.10,0.75
2021.11.16 19:43:46.652,1.13219,1.13222,6.15,0.82
2021.11.16 19:43:48.642,1.13219,1.13224,2.40,0.26
2021.11.16 19:43:48.744,1.13218,1.13223,1.95,0.82
2021.11.16 19:43:50.164,1.13217,1.13221,0.82,1.31
2021.11.16 19:43:59.241,1.13217,1.1322,0.75,0.75
2021.11.16 19:43:59.292,1.13215,1.13219,0.37,0.10
2021.11.16 19:43:59.393,1.13215,1.1322,0.10,5.14
2021.11.16 19:43:59.610,1.13214,1.13219,6.82,0.10
2021.11.16 19:44:01.314,1.13214,1.13218,1.28,0.75
2021.11.16 19:44:01.649,1.13213,1.13218,3.53,0.82
2021.11.16 19:44:02.598,1.13213,1.13217,1.28,0.19
2021.11.16 19:44:03.841,1.13212,1.13217,3.15,0.26
2021.11.16 19:44:06.909,1.13212,1.13216,1.87,1.39
2021.11.16 19:44:07.988,1.13212,1.13215,1.95,0.82
2021.11.16 19:44:08.527,1.13212,1.13216,1.20,0.82
2021.11.16 19:44:10.954,1.13211,1.13216,1.95,0.82
2021.11.16 19:44:28.750,1.13212,1.13216,0.37,2.14
2021.11.16 19:44:32.080,1.13216,1.13217,0.10,7.06
2021.11.16 19:44:32.181,1.13215,1.13219,0.10,0.10
2021.11.16 19:44:32.383,1.13215,1.13218,0.10,0.75
2021.11.16 19:44:32.485,1.13213,1.13217,2.78,0.10
2021.11.16 19:44:34.210,1.13215,1.13219,0.10,6.38
2021.11.16 19:44:35.153,1.13214,1.13218,0.82,0.45
2021.11.16 19:44:38.676,1.13212,1.13216,0.82,1.20
2021.11.16 19:44:38.777,1.13211,1.13215,2.02,0.10
2021.11.16 19:44:38.879,1.13214,1.13216,0.10,0.75
2021.11.16 19:44:38.980,1.13216,1.13218,0.10,2.32
2021.11.16 19:44:44.954,1.13218,1.13221,0.10,2.25
2021.11.16 19:44:45.106,1.13217,1.13221,3.53,0.37
2021.11.16 19:44:45.207,1.13218,1.13221,0.10,0.37
2021.11.16 19:44:46.151,1.13218,1.13222,0.10,0.37
2021.11.16 19:44:46.854,1.13218,1.13223,0.10,5.25
2021.11.16 19:45:00.083,1.13218,1.13222,0.10,0.37
2021.11.16 19:45:00.184,1.13217,1.13222,0.82,3.75
2021.11.16 19:45:13.562,1.13216,1.13221,0.82,4.69
2021.11.16 19:45:13.916,1.13215,1.1322,3.15,0.56
2021.11.16 19:45:14.017,1.13213,1.13218,1.28,2.81
2021.11.16 19:45:14.392,1.13212,1.13218,0.82,12.19
2021.11.16 19:45:17.032,1.13212,1.13217,0.82,3.37
2021.11.16 19:45:17.616,1.13212,1.13216,0.10,1.69
2021.11.16 19:45:17.717,1.13211,1.13216,1.57,1.69
2021.11.16 19:45:18.300,1.13212,1.13217,1.20,4.24
2021.11.16 19:45:19.449,1.13212,1.13215,1.95,3.00
2021.11.16 19:45:22.655,1.13212,1.13216,0.10,3.00
2021.11.16 19:45:39.875,1.13212,1.13215,0.10,4.87
2021.11.16 19:45:54.760,1.13212,1.13216,0.10,3.37
2021.11.16 19:45:56.460,1.13214,1.13217,1.01,3.31
2021.11.16 19:45:56.561,1.13212,1.13217,4.35,0.19
2021.11.16 19:45:56.864,1.13212,1.13216,0.82,3.00
2021.11.16 19:45:57.117,1.13211,1.13216,1.95,3.00
2021.11.16 19:45:58.763,1.13213,1.13215,0.10,3.00
2021.11.16 19:45:58.864,1.13211,1.13216,1.95,3.00
2021.11.16 19:46:04.237,1.13211,1.13215,0.10,3.00
2021.11.16 19:46:14.274,1.13211,1.13216,4.84,1.50
2021.11.16 19:46:14.376,1.13211,1.13217,4.65,9.31
2021.11.16 19:46:14.478,1.13212,1.13217,0.10,5.62
2021.11.16 19:46:22.061,1.13212,1.13215,0.82,6.56
2021.11.16 19:46:22.163,1.13211,1.13215,0.10,3.75
2021.11.16 19:46:22.602,1.1321,1.13215,1.20,3.75
2021.11.16 19:46:28.278,1.13209,1.13212,1.50,0.75
2021.11.16 19:46:28.329,1.13207,1.13212,3.14,6.19
2021.11.16 19:46:28.430,1.13206,1.13211,9.90,3.19
2021.11.16 19:46:28.826,1.13206,1.1321,1.20,0.37
2021.11.16 19:46:30.793,1.13206,1.13211,0.10,3.37
2021.11.16 19:46:32.568,1.13207,1.13211,0.82,3.37
2021.11.16 19:46:32.669,1.13208,1.13212,0.10,5.56
2021.11.16 19:46:32.770,1.13208,1.13213,0.10,6.31
2021.11.16 19:46:33.361,1.13207,1.13211,0.10,0.37
2021.11.16 19:46:33.462,1.13206,1.1321,1.94,0.37
2021.11.16 19:46:33.563,1.13205,1.1321,0.10,0.56
2021.11.16 19:46:34.838,1.13204,1.13208,0.64,0.75
2021.11.16 19:46:35.192,1.13203,1.13208,0.37,3.26
2021.11.16 19:46:35.293,1.13202,1.13208,0.45,9.19
2021.11.16 19:46:35.697,1.132,1.13205,3.53,0.56
2021.11.16 19:46:35.799,1.132,1.13206,1.84,7.39
2021.11.16 19:46:36.276,1.132,1.13205,1.65,0.19
2021.11.16 19:46:36.503,1.13199,1.13202,2.32,4.12
2021.11.16 19:46:36.554,1.13196,1.13198,0.37,1.69
2021.11.16 19:46:36.605,1.13194,1.13198,0.82,1.31
2021.11.16 19:46:36.655,1.13193,1.13195,2.39,0.94
2021.11.16 19:46:36.757,1.1319,1.13194,0.10,0.75
2021.11.16 19:46:36.859,1.1319,1.13195,2.78,1.69
2021.11.16 19:46:36.960,1.1319,1.13194,2.03,0.75
2021.11.16 19:46:38.710,1.13191,1.13196,1.20,7.81
2021.11.16 19:46:38.811,1.13195,1.13198,0.10,0.37
2021.11.16 19:46:38.913,1.13195,1.13199,0.10,0.10
2021.11.16 19:46:39.378,1.13196,1.132,0.10,0.10
2021.11.16 19:46:57.881,1.13195,1.132,0.37,4.69
2021.11.16 19:47:10.085,1.13194,1.13198,3.89,1.50
2021.11.16 19:47:10.186,1.13197,1.13199,5.89,0.75
2021.11.16 19:47:10.288,1.13196,1.132,0.10,0.45
2021.11.16 19:47:11.184,1.13195,1.13199,0.82,0.10
2021.11.16 19:47:25.627,1.13197,1.13201,0.10,7.88
2021.11.16 19:47:25.880,1.13196,1.13201,8.96,0.10
2021.11.16 19:47:30.183,1.13195,1.132,0.10,1.39
2021.11.16 19:47:38.047,1.13196,1.13201,0.10,0.45
2021.11.16 19:47:39.027,1.13199,1.13202,0.10,2.56
2021.11.16 19:47:39.078,1.13197,1.13201,1.12,0.82
2021.11.16 19:47:39.180,1.13196,1.13201,8.29,0.82
2021.11.16 19:47:39.788,1.13197,1.13201,5.96,0.37
2021.11.16 19:47:41.302,1.13196,1.13201,5.96,0.45
2021.11.16 19:47:41.780,1.13196,1.132,5.96,0.37
2021.11.16 19:47:43.001,1.13197,1.13202,8.96,6.01
2021.11.16 19:47:43.102,1.13199,1.13201,0.82,0.37
2021.11.16 19:47:43.522,1.132,1.13202,0.82,0.37
2021.11.16 19:47:43.623,1.13199,1.13204,3.45,0.10
2021.11.16 19:47:43.724,1.132,1.13205,0.82,4.01
2021.11.16 19:47:45.001,1.132,1.13203,0.82,1.69
2021.11.16 19:47:45.053,1.13198,1.132,2.32,0.19
2021.11.16 19:47:45.104,1.13196,1.132,0.10,0.26
2021.11.16 19:47:45.508,1.13195,1.13199,0.10,0.10
2021.11.16 19:47:48.119,1.13197,1.13199,0.10,0.26
2021.11.16 19:47:59.348,1.13194,1.13198,3.22,0.82
2021.11.16 19:48:31.620,1.13194,1.13196,1.20,0.75
2021.11.16 19:48:31.671,1.13192,1.13194,3.07,0.75
2021.11.16 19:48:31.772,1.13191,1.13193,7.50,2.51
2021.11.16 19:48:31.874,1.13189,1.13191,3.97,0.37
2021.11.16 19:48:31.975,1.1319,1.13195,0.10,7.13
2021.11.16 19:48:37.450,1.13191,1.13195,0.37,4.20
2021.11.16 19:48:37.556,1.1319,1.13195,0.82,4.20
2021.11.16 19:48:40.837,1.13192,1.13196,2.03,0.10
2021.11.16 19:48:45.747,1.13193,1.13197,1.20,0.37
2021.11.16 19:48:46.012,1.13192,1.13196,1.28,0.37
2021.11.16 19:48:46.114,1.13192,1.13195,1.20,0.37
2021.11.16 19:48:51.952,1.13195,1.13197,1.65,5.63
2021.11.16 19:48:58.237,1.13194,1.13197,0.10,0.37
2021.11.16 19:48:58.288,1.13191,1.13193,3.75,0.82
2021.11.16 19:48:58.389,1.1319,1.13193,7.50,1.39
2021.11.16 19:48:58.541,1.13188,1.13193,1.20,1.39
2021.11.16 19:49:00.283,1.13187,1.13191,0.10,0.10
2021.11.16 19:49:00.435,1.13188,1.13192,0.10,0.45
2021.11.16 19:49:01.730,1.13187,1.13192,1.20,2.51
2021.11.16 19:49:02.523,1.13188,1.13192,2.25,0.64
2021.11.16 19:49:02.624,1.1319,1.13194,0.10,3.76
2021.11.16 19:49:08.953,1.13192,1.13194,1.28,0.10
2021.11.16 19:49:16.705,1.13193,1.13197,0.10,0.45
2021.11.16 19:49:19.100,1.13193,1.13195,1.20,1.50
2021.11.16 19:49:20.164,1.13191,1.13196,0.10,1.50
2021.11.16 19:49:20.841,1.1319,1.13194,1.28,0.45
2021.11.16 19:49:20.942,1.1319,1.13193,0.10,0.37
2021.11.16 19:49:21.043,1.1319,1.13194,0.10,0.10
2021.11.16 19:49:24.220,1.13191,1.13195,1.28,0.10
2021.11.16 19:49:24.322,1.13193,1.13195,1.28,0.45
2021.11.16 19:49:25.946,1.13192,1.13195,0.10,0.37
2021.11.16 19:49:26.152,1.13191,1.13195,1.20,0.37
2021.11.16 19:49:26.776,1.1319,1.13195,1.84,0.37
2021.11.16 19:49:28.022,1.13191,1.13195,1.20,0.37
2021.11.16 19:49:29.771,1.1319,1.13195,1.65,0.37
2021.11.16 19:49:31.319,1.1319,1.13194,1.65,1.57
2021.11.16 19:49:31.420,1.13188,1.13192,3.67,0.10
2021.11.16 19:49:34.062,1.13187,1.13191,1.28,0.10
2021.11.16 19:49:47.183,1.13186,1.1319,0.10,0.10
2021.11.16 19:49:54.501,1.13188,1.13192,0.10,4.88
2021.11.16 19:49:54.603,1.13187,1.13191,2.78,0.10
2021.11.16 19:49:57.252,1.13189,1.13193,1.57,5.26
2021.11.16 19:49:57.354,1.1319,1.13193,0.10,2.56
2021.11.16 19:49:57.455,1.1319,1.13194,0.10,0.10
2021.11.16 19:49:57.964,1.13191,1.13195,0.10,1.01
2021.11.16 19:49:58.065,1.13192,1.13196,2.78,0.10
2021.11.16 19:50:00.108,1.13193,1.13197,0.10,0.10
2021.11.16 19:50:00.334,1.13194,1.13198,0.10,2.32
2021.11.16 19:50:03.489,1.13193,1.13197,1.28,0.45
2021.11.16 19:50:04.511,1.13192,1.13196,1.28,0.10
2021.11.16 19:50:05.143,1.13191,1.13195,0.10,0.45
2021.11.16 19:50:05.244,1.1319,1.13194,2.78,0.10
2021.11.16 19:50:08.482,1.13191,1.13195,0.10,0.45
2021.11.16 19:50:11.503,1.13192,1.13196,0.10,5.32
2021.11.16 19:50:11.605,1.13193,1.13197,0.10,1.20
2021.11.16 19:50:16.125,1.13195,1.13199,0.10,2.32
2021.11.16 19:50:16.226,1.13196,1.132,0.82,0.10
2021.11.16 19:50:25.648,1.13195,1.13199,0.10,0.45
2021.11.16 19:50:25.751,1.13194,1.13198,3.97,0.10
2021.11.16 19:50:28.130,1.13195,1.13199,0.10,0.82
2021.11.16 19:50:28.333,1.13197,1.13201,0.10,5.70
2021.11.16 19:50:28.536,1.13198,1.13202,4.72,5.14
2021.11.16 19:50:38.441,1.132,1.13204,0.10,3.26
2021.11.16 19:50:41.527,1.132,1.13203,1.20,0.10
2021.11.16 19:50:42.313,1.13199,1.13203,1.95,0.10
2021.11.16 19:50:44.679,1.132,1.13204,0.10,0.10
2021.11.16 19:50:46.495,1.132,1.13206,1.28,6.64
2021.11.16 19:50:46.596,1.13201,1.13206,1.20,2.89
2021.11.16 19:50:47.185,1.132,1.13204,1.28,0.45
2021.11.16 19:51:00.225,1.13199,1.13204,2.78,0.45
2021.11.16 19:51:01.424,1.132,1.13204,1.20,0.10
2021.11.16 19:51:02.676,1.132,1.13203,2.33,0.10
2021.11.16 19:51:28.509,1.132,1.13204,1.95,0.10
2021.11.16 19:51:33.372,1.13201,1.13204,1.20,0.10
2021.11.16 19:51:36.978,1.13202,1.13205,1.69,0.10
2021.11.16 19:51:37.080,1.13201,1.13204,1.58,0.10
2021.11.16 19:51:38.709,1.132,1.13204,3.22,0.10
2021.11.16 19:51:46.416,1.13203,1.13206,2.40,2.93
2021.11.16 19:51:46.568,1.13204,1.13208,1.20,0.10
2021.11.16 19:51:46.669,1.13205,1.13209,1.20,0.10
2021.11.16 19:51:46.770,1.13204,1.13208,1.95,0.10
2021.11.16 19:51:48.287,1.13205,1.13209,1.50,0.10
2021.11.16 19:51:48.389,1.13204,1.13209,5.21,0.10
2021.11.16 19:51:48.490,1.13205,1.13209,1.20,0.10
2021.11.16 19:51:48.591,1.13204,1.13209,4.84,0.10
2021.11.16 19:51:48.692,1.13205,1.13209,1.20,0.10
2021.11.16 19:51:49.035,1.13205,1.1321,1.76,0.10
2021.11.16 19:51:49.136,1.13207,1.13211,0.94,0.45
2021.11.16 19:51:49.238,1.13207,1.1321,1.20,0.10
2021.11.16 19:51:49.692,1.13207,1.13209,1.20,0.10
2021.11.16 19:51:50.367,1.13206,1.13209,1.20,0.10
2021.11.16 19:51:50.469,1.13205,1.13209,1.95,0.10
2021.11.16 19:51:59.379,1.13207,1.1321,0.75,0.10
2021.11.16 19:52:00.157,1.13205,1.1321,4.01,0.10
2021.11.16 19:52:00.309,1.13206,1.1321,1.20,0.10
2021.11.16 19:52:00.519,1.13206,1.13209,1.20,0.10
2021.11.16 19:52:03.587,1.13205,1.13209,2.89,0.10
2021.11.16 19:52:05.243,1.13206,1.1321,1.20,0.10
2021.11.16 19:52:16.909,1.13206,1.13209,1.20,0.10
2021.11.16 19:52:17.060,1.13206,1.1321,1.20,0.10
2021.11.16 19:52:17.162,1.13206,1.13209,1.20,0.10
2021.11.16 19:52:24.444,1.13205,1.13209,1.20,0.10
2021.11.16 19:52:25.415,1.13206,1.13209,1.20,0.10
2021.11.16 19:52:32.059,1.13205,1.13209,1.20,0.10
2021.11.16 19:52:32.160,1.13204,1.13209,5.03,0.10
2021.11.16 19:52:34.077,1.13204,1.13207,1.95,0.10
2021.11.16 19:52:34.179,1.13202,1.13206,3.15,0.10
2021.11.16 19:52:35.044,1.13201,1.13206,4.46,0.10
2021.11.16 19:52:35.830,1.13202,1.13206,0.19,0.10
2021.11.16 19:52:35.881,1.13204,1.13208,1.95,0.82
2021.11.16 19:52:53.321,1.13204,1.13209,2.78,0.10
2021.11.16 19:52:55.253,1.13205,1.13209,0.37,0.10
2021.11.16 19:52:58.391,1.13204,1.13209,9.03,0.10
2021.11.16 19:53:00.050,1.13204,1.13208,2.70,0.10
2021.11.16 19:53:00.151,1.13202,1.13206,9.60,0.10
2021.11.16 19:53:00.981,1.13204,1.13207,2.70,2.56
2021.11.16 19:53:01.032,1.13205,1.13208,3.15,0.82
2021.11.16 19:53:03.915,1.13205,1.13209,1.95,0.10
2021.11.16 19:53:12.119,1.13205,1.1321,1.95,0.10
2021.11.16 19:53:12.553,1.13206,1.13208,1.95,0.10
2021.11.16 19:53:22.083,1.13205,1.1321,2.33,0.10
2021.11.16 19:53:23.389,1.13206,1.1321,1.20,0.10
2021.11.16 19:53:23.491,1.13206,1.13211,1.95,0.10
2021.11.16 19:53:26.909,1.13206,1.1321,0.75,0.10
2021.11.16 19:53:32.303,1.13205,1.13209,1.58,0.10
2021.11.16 19:53:33.138,1.13206,1.13209,1.20,0.10
2021.11.16 19:53:33.390,1.13205,1.13209,0.75,0.10
2021.11.16 19:53:35.422,1.13207,1.13212,1.20,10.24
2021.11.16 19:53:35.976,1.13207,1.1321,1.20,0.10
2021.11.16 19:53:44.019,1.13208,1.13211,1.20,0.75
2021.11.16 19:53:44.121,1.13206,1.13209,3.15,0.10
2021.11.16 19:53:44.223,1.13208,1.13211,1.20,0.10
2021.11.16 19:53:45.911,1.13207,1.13212,3.60,0.45
2021.11.16 19:53:46.402,1.13208,1.13212,0.75,0.10
2021.11.16 19:53:46.520,1.13207,1.13212,8.92,0.10
2021.11.16 19:53:46.648,1.13208,1.13212,1.20,0.10
