2021.11.17 01:00:11.571,1.1322,1.13224,1.39,1.50
2021.11.17 01:00:11.724,1.1322,1.13223,0.45,1.12
2021.11.17 01:00:11.826,1.13218,1.13222,1.50,4.12
2021.11.17 01:00:12.130,1.13217,1.13221,1.50,0.75
2021.11.17 01:00:14.491,1.13218,1.13222,0.94,1.50
2021.11.17 01:00:16.529,1.1322,1.13222,0.94,1.50
2021.11.17 01:00:16.580,1.13221,1.13224,0.75,0.75
2021.11.17 01:00:18.238,1.13222,1.13224,2.68,0.75
2021.11.17 01:00:19.222,1.13222,1.13225,0.19,0.75
2021.11.17 01:00:19.425,1.13221,1.13225,2.68,0.75
2021.11.17 01:00:19.832,1.13223,1.13224,0.19,0.75
2021.11.17 01:00:25.155,1.13221,1.13225,2.05,0.75
2021.11.17 01:00:26.132,1.13221,1.13224,0.75,1.12
2021.11.17 01:00:26.285,1.1322,1.13223,0.75,0.75
2021.11.17 01:00:26.508,1.13219,1.13223,0.75,0.75
2021.11.17 01:00:27.203,1.13219,1.13222,0.75,3.00
2021.11.17 01:00:27.522,1.13219,1.13223,0.75,7.27
2021.11.17 01:00:27.641,1.13219,1.13222,0.75,0.75
2021.11.17 01:00:28.358,1.13219,1.13223,0.75,12.27
2021.11.17 01:00:28.516,1.13219,1.13222,0.75,0.75
2021.11.17 01:00:35.640,1.13216,1.13219,2.70,0.10
2021.11.17 01:00:35.741,1.13217,1.1322,0.75,0.75
2021.11.17 01:00:35.843,1.13217,1.13221,0.75,0.82
2021.11.17 01:00:35.944,1.13218,1.13219,0.75,0.75
2021.11.17 01:00:37.326,1.13217,1.13221,0.75,0.82
2021.11.17 01:00:41.041,1.13217,1.1322,0.75,0.82
2021.11.17 01:00:41.748,1.13218,1.1322,0.94,3.82
2021.11.17 01:00:45.435,1.13218,1.13221,0.75,0.75
2021.11.17 01:00:46.997,1.13219,1.13222,0.75,0.82
2021.11.17 01:00:53.878,1.1322,1.13223,0.75,0.82
2021.11.17 01:00:53.980,1.13221,1.13224,0.94,2.25
2021.11.17 01:00:54.082,1.13222,1.13225,0.75,0.75
2021.11.17 01:01:02.732,1.13222,1.13226,0.75,4.57
2021.11.17 01:01:14.297,1.13223,1.13226,0.75,0.75
2021.11.17 01:01:14.491,1.13224,1.13227,0.75,0.75
2021.11.17 01:01:14.643,1.13225,1.13228,0.75,4.27
2021.11.17 01:01:14.744,1.13227,1.1323,0.75,1.20
2021.11.17 01:01:14.846,1.13228,1.1323,0.75,0.45
2021.11.17 01:01:14.947,1.13228,1.13231,0.75,2.32
2021.11.17 01:01:16.494,1.13227,1.1323,0.75,0.75
2021.11.17 01:01:18.342,1.13226,1.13228,0.75,2.32
2021.11.17 01:01:20.148,1.13227,1.1323,0.75,8.02
2021.11.17 01:01:20.351,1.13227,1.13231,0.75,2.32
2021.11.17 01:01:21.067,1.13228,1.13231,0.75,0.82
2021.11.17 01:01:27.722,1.13228,1.13232,0.75,4.95
2021.11.17 01:01:37.511,1.13229,1.13232,0.75,0.75
2021.11.17 01:01:42.533,1.13228,1.13232,3.06,0.75
2021.11.17 01:01:49.710,1.13229,1.13232,0.94,0.75
2021.11.17 01:01:50.065,1.13229,1.13231,0.75,0.75
2021.11.17 01:01:50.116,1.13227,1.13231,6.50,0.75
2021.11.17 01:01:50.220,1.13228,1.13232,0.75,0.75
2021.11.17 01:01:52.223,1.13229,1.13232,0.75,0.75
2021.11.17 01:01:54.879,1.1323,1.13233,2.89,0.75
2021.11.17 01:01:54.980,1.13231,1.13234,0.75,0.75
2021.11.17 01:01:58.387,1.1323,1.13234,1.01,0.75
2021.11.17 01:02:00.389,1.13229,1.13232,1.69,0.75
2021.11.17 01:02:00.643,1.13228,1.13232,2.44,0.75
2021.11.17 01:02:00.795,1.13229,1.1323,0.75,0.75
2021.11.17 01:02:00.897,1.13227,1.13231,3.06,0.75
2021.11.17 01:02:03.827,1.13226,1.13229,0.82,0.75
2021.11.17 01:02:03.980,1.13225,1.13228,0.75,0.75
2021.11.17 01:02:04.082,1.13224,1.13228,0.75,3.75
2021.11.17 01:02:04.185,1.13224,1.13227,0.75,0.75
2021.11.17 01:02:04.589,1.13223,1.13227,0.82,3.75
2021.11.17 01:02:05.679,1.13224,1.13227,0.75,0.75
2021.11.17 01:02:06.476,1.13223,1.13226,0.75,0.75
2021.11.17 01:02:12.291,1.13222,1.13226,0.75,3.75
2021.11.17 01:02:12.920,1.13222,1.13225,0.75,0.75
2021.11.17 01:02:14.345,1.13222,1.13226,0.75,0.75
2021.11.17 01:02:18.327,1.13222,1.13225,0.75,0.75
2021.11.17 01:02:19.081,1.13221,1.13225,0.75,0.75
2021.11.17 01:02:19.286,1.13218,1.13221,3.22,0.75
2021.11.17 01:02:19.337,1.13219,1.13223,0.94,5.70
2021.11.17 01:02:19.439,1.13219,1.13222,0.75,0.75
2021.11.17 01:02:26.263,1.13218,1.13221,0.94,0.75
2021.11.17 01:02:31.654,1.13217,1.13221,0.75,1.12
2021.11.17 01:02:31.705,1.13214,1.13216,2.69,0.75
2021.11.17 01:02:31.806,1.13214,1.13215,0.75,3.75
2021.11.17 01:02:42.378,1.13212,1.13216,1.01,3.75
2021.11.17 01:02:42.530,1.13212,1.13215,0.10,0.75
2021.11.17 01:02:44.993,1.1321,1.13213,2.14,0.75
2021.11.17 01:02:45.145,1.13211,1.13213,0.75,4.12
2021.11.17 01:02:47.234,1.1321,1.13213,0.75,0.75
2021.11.17 01:02:52.200,1.13209,1.13213,0.75,6.64
2021.11.17 01:02:52.302,1.13208,1.13212,0.75,0.75
2021.11.17 01:02:52.403,1.13207,1.1321,1.20,0.75
2021.11.17 01:02:58.797,1.13208,1.13211,0.94,0.75
2021.11.17 01:03:06.415,1.13207,1.1321,2.68,0.75
2021.11.17 01:03:09.536,1.13206,1.13209,0.75,0.75
2021.11.17 01:03:09.637,1.13205,1.13208,0.45,0.75
2021.11.17 01:03:09.739,1.13203,1.13206,0.82,0.75
2021.11.17 01:03:09.840,1.13202,1.13206,2.59,0.75
2021.11.17 01:03:13.133,1.13202,1.13205,1.69,0.75
2021.11.17 01:03:14.004,1.13203,1.13205,0.94,0.75
2021.11.17 01:03:14.105,1.13204,1.13207,0.19,0.75
2021.11.17 01:03:14.257,1.13205,1.13208,1.01,0.75
2021.11.17 01:03:14.359,1.13205,1.13209,1.01,0.75
2021.11.17 01:03:14.561,1.13206,1.13209,1.01,0.75
2021.11.17 01:03:15.398,1.13206,1.1321,3.81,0.75
2021.11.17 01:03:17.065,1.13207,1.1321,0.94,0.75
2021.11.17 01:03:25.301,1.13208,1.13211,1.01,0.75
2021.11.17 01:03:37.846,1.13208,1.1321,1.69,0.75
2021.11.17 01:03:49.092,1.13208,1.13211,0.94,0.75
2021.11.17 01:03:49.945,1.13207,1.13211,1.69,0.75
2021.11.17 01:03:54.639,1.13207,1.1321,1.76,0.75
2021.11.17 01:03:56.911,1.13208,1.1321,0.19,0.75
2021.11.17 01:04:03.097,1.13208,1.13211,0.94,0.75
2021.11.17 01:04:03.226,1.13207,1.13211,1.76,0.75
2021.11.17 01:04:11.079,1.13209,1.13213,1.50,6.00
2021.11.17 01:04:11.790,1.13212,1.13214,0.75,6.00
2021.11.17 01:04:11.892,1.13214,1.13216,1.69,0.75
2021.11.17 01:04:11.943,1.13216,1.13218,0.75,4.81
2021.11.17 01:04:12.045,1.13216,1.13219,0.75,0.75
2021.11.17 01:04:14.415,1.13215,1.13219,1.50,0.82
2021.11.17 01:04:14.517,1.13217,1.13218,0.75,0.82
2021.11.17 01:04:17.546,1.13216,1.1322,1.95,0.75
2021.11.17 01:04:21.948,1.13216,1.13219,0.75,0.75
2021.11.17 01:04:31.109,1.13215,1.13218,0.75,0.10
2021.11.17 01:04:31.210,1.13214,1.13218,0.75,1.57
2021.11.17 01:04:31.312,1.13214,1.13217,0.75,0.82
2021.11.17 01:04:31.414,1.13213,1.13217,0.75,2.32
2021.11.17 01:04:31.515,1.13213,1.13216,0.75,0.10
2021.11.17 01:04:36.238,1.13213,1.13215,1.57,0.75
2021.11.17 01:04:46.939,1.13213,1.13216,0.75,0.75
2021.11.17 01:04:52.229,1.13215,1.13218,0.82,2.25
2021.11.17 01:04:52.330,1.13215,1.13219,2.12,0.75
2021.11.17 01:04:52.432,1.13216,1.13219,0.82,0.75
2021.11.17 01:05:01.296,1.13215,1.13219,2.98,0.82
2021.11.17 01:05:01.447,1.13215,1.13218,0.75,0.10
2021.11.17 01:05:15.411,1.13214,1.13218,2.98,0.82
2021.11.17 01:05:15.731,1.13214,1.13217,0.94,0.10
2021.11.17 01:05:16.106,1.13213,1.13217,2.23,0.82
2021.11.17 01:05:16.208,1.13213,1.13216,0.75,3.07
2021.11.17 01:05:16.360,1.13214,1.13217,0.75,0.10
2021.11.17 01:05:16.462,1.13215,1.13218,0.75,0.10
2021.11.17 01:05:17.181,1.13216,1.13219,0.75,0.75
2021.11.17 01:05:20.164,1.13215,1.13219,1.69,0.82
2021.11.17 01:05:20.333,1.13215,1.13218,0.75,0.10
2021.11.17 01:05:22.550,1.13217,1.13218,1.50,0.75
2021.11.17 01:05:32.797,1.13215,1.13219,3.36,0.82
2021.11.17 01:05:34.082,1.13216,1.13219,0.75,0.82
2021.11.17 01:05:38.775,1.13217,1.13219,0.19,0.75
2021.11.17 01:05:39.266,1.13217,1.1322,0.94,0.82
2021.11.17 01:05:39.317,1.1322,1.13222,1.31,2.25
2021.11.17 01:05:39.419,1.13221,1.13225,2.06,0.82
2021.11.17 01:05:39.673,1.13222,1.13225,0.75,0.82
2021.11.17 01:05:39.775,1.13221,1.13225,1.69,0.82
2021.11.17 01:05:40.019,1.13221,1.13224,1.69,0.75
2021.11.17 01:05:41.589,1.1322,1.13223,0.75,0.82
2021.11.17 01:05:41.690,1.13219,1.13223,3.73,0.82
2021.11.17 01:05:43.779,1.13222,1.13223,0.75,0.82
2021.11.17 01:05:44.294,1.13221,1.13225,0.75,0.82
2021.11.17 01:05:44.789,1.13221,1.13224,1.31,0.75
2021.11.17 01:05:53.457,1.13221,1.13225,0.75,0.82
2021.11.17 01:05:54.491,1.13221,1.13224,0.75,0.75
2021.11.17 01:06:02.458,1.1322,1.13223,0.75,1.20
2021.11.17 01:06:02.559,1.13219,1.13223,0.94,4.20
2021.11.17 01:06:03.274,1.1322,1.13223,0.75,0.82
2021.11.17 01:06:04.044,1.13221,1.13224,0.75,1.57
2021.11.17 01:06:04.358,1.13222,1.13225,0.75,0.82
2021.11.17 01:06:07.798,1.13223,1.13226,0.75,0.10
2021.11.17 01:06:07.900,1.13223,1.13227,2.98,0.82
2021.11.17 01:06:08.103,1.13225,1.13228,0.75,3.07
2021.11.17 01:06:08.204,1.13226,1.13229,0.75,0.82
2021.11.17 01:06:08.305,1.13227,1.1323,0.75,0.82
2021.11.17 01:06:09.163,1.13228,1.1323,0.75,0.10
2021.11.17 01:06:09.399,1.13229,1.1323,0.75,0.82
2021.11.17 01:06:14.610,1.13227,1.1323,0.75,0.10
2021.11.17 01:06:15.764,1.13226,1.13229,0.75,0.10
2021.11.17 01:06:15.866,1.13226,1.13228,1.50,0.82
2021.11.17 01:06:18.582,1.13225,1.13228,0.75,0.10
2021.11.17 01:06:20.131,1.13224,1.13227,1.69,0.10
2021.11.17 01:06:21.726,1.13225,1.13228,0.75,0.82
2021.11.17 01:06:27.994,1.13224,1.13227,0.75,0.82
2021.11.17 01:06:28.095,1.13223,1.13227,0.94,3.82
2021.11.17 01:06:28.427,1.13224,1.13227,1.50,0.75
2021.11.17 01:06:28.529,1.13225,1.13228,0.75,0.82
2021.11.17 01:06:32.142,1.13225,1.13227,2.06,0.82
2021.11.17 01:06:33.919,1.13224,1.13227,0.94,0.75
2021.11.17 01:06:34.071,1.13223,1.13227,2.98,0.82
2021.11.17 01:06:35.808,1.13223,1.13226,1.50,0.75
2021.11.17 01:06:36.588,1.13222,1.13226,7.07,0.82
2021.11.17 01:06:36.690,1.13221,1.13225,7.63,0.82
2021.11.17 01:06:36.791,1.13221,1.13224,0.19,0.82
2021.11.17 01:06:36.893,1.1322,1.13224,5.77,0.82
2021.11.17 01:06:37.096,1.1322,1.13223,6.34,0.75
2021.11.17 01:06:38.280,1.13221,1.13223,0.37,0.75
2021.11.17 01:06:38.386,1.13221,1.13224,0.37,0.82
2021.11.17 01:06:39.689,1.13221,1.13223,7.09,0.82
2021.11.17 01:06:39.921,1.13221,1.13224,6.15,0.75
2021.11.17 01:06:40.073,1.13222,1.13225,5.96,0.82
2021.11.17 01:06:42.213,1.13222,1.13226,7.26,0.82
2021.11.17 01:06:43.343,1.13222,1.13225,7.26,0.75
2021.11.17 01:06:48.893,1.13224,1.13227,0.19,0.75
2021.11.17 01:06:48.995,1.13226,1.13228,0.75,0.82
2021.11.17 01:06:51.038,1.13226,1.13229,1.50,0.82
2021.11.17 01:06:52.026,1.13227,1.13229,0.19,0.75
2021.11.17 01:06:52.128,1.13227,1.1323,1.48,0.75
2021.11.17 01:06:57.699,1.13227,1.13228,0.94,0.82
2021.11.17 01:07:04.037,1.13226,1.13228,0.75,0.82
2021.11.17 01:07:12.225,1.13226,1.13229,0.75,0.75
2021.11.17 01:07:14.970,1.13227,1.1323,0.75,3.07
2021.11.17 01:07:15.072,1.13228,1.13231,0.75,0.10
2021.11.17 01:07:16.895,1.13229,1.13231,0.75,0.10
2021.11.17 01:07:18.582,1.13228,1.13231,0.75,0.10
2021.11.17 01:07:45.898,1.13229,1.13232,0.75,0.82
2021.11.17 01:07:46.050,1.1323,1.13232,0.94,1.20
2021.11.17 01:07:46.101,1.13232,1.13234,0.75,3.38
2021.11.17 01:07:46.253,1.13232,1.13235,0.75,3.82
2021.11.17 01:07:46.610,1.13232,1.13234,0.75,0.10
2021.11.17 01:07:46.712,1.13231,1.13234,0.75,0.10
2021.11.17 01:07:46.814,1.13231,1.13233,0.75,0.10
2021.11.17 01:07:47.371,1.13231,1.13234,0.75,0.10
2021.11.17 01:07:54.988,1.13231,1.13233,0.75,0.10
2021.11.17 01:07:55.089,1.1323,1.13233,0.75,0.45
2021.11.17 01:07:55.191,1.13231,1.13233,0.75,0.10
2021.11.17 01:07:55.747,1.1323,1.13233,0.75,0.10
2021.11.17 01:07:55.999,1.13231,1.13233,0.75,0.10
2021.11.17 01:07:56.101,1.13232,1.13234,0.75,0.10
2021.11.17 01:07:57.455,1.13232,1.13235,0.75,0.82
2021.11.17 01:07:57.939,1.13232,1.13234,0.75,0.10
2021.11.17 01:08:01.725,1.13231,1.13234,0.75,0.10
2021.11.17 01:08:02.079,1.13231,1.13232,0.75,0.10
2021.11.17 01:08:02.378,1.13229,1.13233,1.86,0.10
2021.11.17 01:08:03.397,1.13231,1.13233,0.75,0.10
2021.11.17 01:08:20.115,1.13232,1.13233,0.75,0.10
2021.11.17 01:08:20.371,1.13232,1.13235,0.75,2.06
2021.11.17 01:08:20.573,1.13231,1.13233,0.75,0.10
2021.11.17 01:08:25.426,1.13229,1.13232,0.75,0.10
2021.11.17 01:08:25.527,1.13229,1.13231,0.75,0.10
2021.11.17 01:08:28.534,1.13229,1.13232,0.75,0.10
2021.11.17 01:08:28.635,1.13229,1.13233,0.75,0.82
2021.11.17 01:08:28.736,1.13231,1.13233,0.75,0.10
2021.11.17 01:08:30.717,1.13232,1.13235,0.75,0.82
2021.11.17 01:08:31.525,1.13232,1.13234,0.75,0.10
2021.11.17 01:08:34.570,1.13233,1.13234,0.75,0.82
2021.11.17 01:08:34.889,1.13231,1.13235,0.75,0.82
2021.11.17 01:08:36.031,1.13231,1.13234,0.75,0.82
2021.11.17 01:08:38.610,1.13231,1.13232,0.75,0.10
2021.11.17 01:08:39.959,1.13231,1.13234,0.75,3.82
2021.11.17 01:08:40.060,1.13232,1.13234,0.75,0.10
2021.11.17 01:08:40.877,1.13232,1.13235,0.75,0.82
2021.11.17 01:08:42.729,1.13232,1.13234,0.75,0.10
2021.11.17 01:08:50.564,1.13231,1.13234,0.75,0.82
2021.11.17 01:08:50.665,1.1323,1.13233,0.75,0.45
2021.11.17 01:08:52.717,1.13229,1.13233,0.75,1.95
2021.11.17 01:08:58.119,1.13228,1.13232,0.75,1.69
2021.11.17 01:08:58.221,1.13229,1.1323,0.75,0.10
2021.11.17 01:08:58.373,1.13227,1.13231,0.75,0.82
2021.11.17 01:09:00.689,1.13226,1.1323,1.57,0.75
2021.11.17 01:09:03.186,1.13227,1.1323,0.82,0.75
2021.11.17 01:09:03.726,1.13228,1.1323,0.45,0.75
2021.11.17 01:09:03.827,1.13228,1.13231,0.82,0.75
2021.11.17 01:09:04.248,1.13227,1.13231,3.82,0.75
2021.11.17 01:09:09.801,1.13228,1.13231,0.45,0.75
2021.11.17 01:09:17.826,1.13228,1.13232,1.57,0.82
2021.11.17 01:09:19.267,1.13228,1.13231,1.57,0.75
2021.11.17 01:09:21.439,1.13228,1.13232,1.57,0.82
2021.11.17 01:09:34.013,1.13227,1.13231,2.32,0.75
2021.11.17 01:09:34.827,1.13226,1.1323,2.70,0.82
2021.11.17 01:09:40.933,1.13226,1.13229,0.75,0.75
2021.11.17 01:09:50.468,1.13226,1.1323,1.69,0.75
2021.11.17 01:09:50.571,1.13228,1.13229,0.37,0.75
2021.11.17 01:09:50.622,1.13228,1.13232,1.95,0.82
2021.11.17 01:09:51.127,1.13229,1.13233,1.12,0.75
2021.11.17 01:09:51.228,1.1323,1.13234,1.12,0.82
2021.11.17 01:09:52.707,1.1323,1.13232,3.26,0.82
2021.11.17 01:09:52.808,1.13229,1.13232,1.20,0.82
2021.11.17 01:09:52.910,1.13228,1.13232,2.32,0.82
2021.11.17 01:09:53.365,1.1323,1.13234,0.75,1.95
2021.11.17 01:09:53.696,1.1323,1.13232,1.57,0.82
2021.11.17 01:09:54.384,1.1323,1.13234,1.12,0.82
2021.11.17 01:09:55.465,1.1323,1.13233,0.75,0.10
2021.11.17 01:09:55.566,1.13229,1.13233,2.14,0.82
2021.11.17 01:09:58.097,1.1323,1.13231,2.32,0.75
2021.11.17 01:10:01.572,1.13228,1.1323,0.45,0.75
2021.11.17 01:10:01.724,1.13226,1.1323,2.70,0.75
2021.11.17 01:10:02.397,1.13227,1.13231,0.75,1.01
2021.11.17 01:10:02.549,1.13228,1.13231,0.37,0.75
2021.11.17 01:10:04.517,1.13228,1.13232,1.57,1.39
2021.11.17 01:10:05.110,1.13231,1.13234,0.75,0.75
2021.11.17 01:10:07.733,1.13234,1.13238,3.26,3.75
2021.11.17 01:10:07.835,1.13236,1.13239,0.75,0.75
2021.11.17 01:10:10.094,1.13235,1.13238,1.57,1.20
2021.11.17 01:10:10.195,1.13235,1.13237,1.20,0.75
2021.11.17 01:10:10.246,1.13233,1.13237,2.77,0.75
2021.11.17 01:10:11.419,1.13233,1.13236,1.57,0.75
2021.11.17 01:10:14.177,1.13233,1.13235,2.40,0.75
2021.11.17 01:10:14.944,1.13232,1.13235,1.65,0.75
2021.11.17 01:10:16.378,1.13231,1.13235,2.40,0.75
2021.11.17 01:10:16.480,1.13231,1.13234,2.02,0.75
2021.11.17 01:10:16.581,1.13232,1.13234,0.37,0.75
2021.11.17 01:10:16.683,1.13232,1.13235,0.45,0.75
2021.11.17 01:10:17.041,1.13233,1.13235,0.37,0.75
2021.11.17 01:10:17.345,1.13232,1.13235,0.90,0.75
2021.11.17 01:10:19.504,1.13231,1.13235,2.40,0.75
2021.11.17 01:10:19.605,1.13232,1.13233,1.57,0.75
2021.11.17 01:10:20.440,1.1323,1.13234,2.40,0.75
2021.11.17 01:10:25.090,1.1323,1.13233,2.32,0.75
2021.11.17 01:10:25.192,1.13229,1.13232,2.32,0.75
2021.11.17 01:10:25.293,1.13229,1.13231,1.20,0.75
2021.11.17 01:10:25.417,1.13229,1.13231,2.70,0.75
2021.11.17 01:10:27.137,1.13228,1.13232,2.32,0.82
2021.11.17 01:10:28.842,1.13228,1.13231,2.32,0.75
2021.11.17 01:10:29.303,1.13229,1.13231,1.57,0.75
2021.11.17 01:10:30.294,1.1323,1.13233,1.20,0.75
2021.11.17 01:10:30.396,1.1323,1.13234,2.32,0.82
2021.11.17 01:10:30.497,1.13231,1.13234,1.57,0.75
2021.11.17 01:10:30.815,1.13231,1.13233,2.32,0.75
2021.11.17 01:10:32.050,1.13231,1.13235,2.32,0.75
2021.11.17 01:10:33.504,1.13232,1.13236,0.75,0.82
2021.11.17 01:10:33.757,1.13233,1.13237,0.75,1.76
2021.11.17 01:10:38.179,1.13232,1.13236,2.32,0.75
2021.11.17 01:10:38.332,1.13232,1.13235,1.20,0.75
2021.11.17 01:10:38.433,1.13232,1.13236,0.75,0.82
2021.11.17 01:10:39.483,1.13234,1.13236,0.75,1.57
2021.11.17 01:10:39.534,1.13236,1.13238,0.75,0.75
2021.11.17 01:10:39.635,1.13236,1.1324,0.75,0.82
2021.11.17 01:10:44.809,1.13235,1.13239,3.07,0.75
2021.11.17 01:10:45.163,1.13236,1.13239,1.57,0.75
2021.11.17 01:10:49.773,1.13237,1.13239,1.57,0.75
2021.11.17 01:10:49.930,1.13237,1.1324,1.20,0.75
2021.11.17 01:10:50.031,1.13236,1.1324,2.70,0.75
2021.11.17 01:10:50.132,1.13237,1.1324,0.37,0.75
2021.11.17 01:10:50.447,1.13236,1.1324,3.45,0.75
2021.11.17 01:10:52.741,1.13236,1.13239,1.57,0.75
2021.11.17 01:10:52.894,1.13235,1.13239,3.07,0.75
2021.11.17 01:10:55.052,1.13236,1.13239,2.32,0.75
2021.11.17 01:10:55.672,1.13235,1.13239,4.76,0.75
2021.11.17 01:10:56.495,1.13236,1.13239,1.20,0.75
2021.11.17 01:10:56.923,1.13235,1.13239,5.51,0.75
2021.11.17 01:10:57.025,1.13236,1.13239,0.75,0.75
2021.11.17 01:10:58.213,1.13235,1.13238,3.52,0.82
2021.11.17 01:10:58.314,1.13235,1.13237,1.20,2.51
2021.11.17 01:10:58.365,1.13233,1.13237,0.75,2.89
2021.11.17 01:10:58.416,1.13232,1.13235,1.95,0.75
2021.11.17 01:10:58.770,1.13231,1.13235,2.70,0.75
2021.11.17 01:10:58.871,1.13231,1.13234,2.32,0.75
2021.11.17 01:10:58.972,1.13231,1.13235,2.32,0.75
2021.11.17 01:10:59.073,1.13231,1.13234,2.32,0.75
2021.11.17 01:10:59.634,1.13232,1.13234,0.37,0.75
2021.11.17 01:11:00.042,1.13231,1.13234,2.32,0.75
2021.11.17 01:11:00.345,1.13232,1.13234,2.32,0.75
2021.11.17 01:11:00.548,1.13231,1.13234,3.07,0.75
2021.11.17 01:11:01.206,1.13232,1.13234,1.20,0.75
2021.11.17 01:11:01.409,1.13231,1.13234,3.52,0.75
2021.11.17 01:11:01.510,1.13232,1.13235,0.37,0.75
2021.11.17 01:11:01.805,1.13231,1.13235,4.27,0.75
2021.11.17 01:11:02.088,1.13231,1.13234,4.27,0.75
2021.11.17 01:11:03.721,1.1323,1.13234,3.15,0.75
2021.11.17 01:11:04.178,1.13231,1.13234,1.57,0.75
2021.11.17 01:11:06.525,1.1323,1.13234,4.57,0.82
2021.11.17 01:11:10.708,1.13232,1.13233,0.75,0.82
2021.11.17 01:11:11.093,1.13231,1.13235,2.70,0.82
2021.11.17 01:11:11.195,1.13232,1.13235,1.12,0.82
2021.11.17 01:11:11.297,1.13234,1.13235,3.15,0.75
2021.11.17 01:11:11.499,1.13234,1.13236,1.57,0.75
2021.11.17 01:11:11.941,1.13234,1.13238,2.32,2.14
2021.11.17 01:11:12.042,1.13235,1.13238,0.75,1.20
2021.11.17 01:11:12.195,1.13236,1.1324,0.75,3.31
2021.11.17 01:11:12.348,1.13237,1.1324,1.57,0.75
2021.11.17 01:11:12.872,1.13236,1.1324,3.82,0.75
2021.11.17 01:11:14.413,1.13237,1.1324,0.75,0.75
2021.11.17 01:11:16.600,1.13236,1.1324,3.90,0.75
2021.11.17 01:11:17.563,1.13237,1.1324,0.82,0.75
2021.11.17 01:11:20.297,1.13236,1.1324,3.52,0.75
2021.11.17 01:11:25.489,1.13237,1.1324,0.75,0.75
2021.11.17 01:11:29.895,1.13236,1.1324,0.75,0.82
2021.11.17 01:11:30.198,1.13236,1.13239,1.95,0.19
2021.11.17 01:11:30.400,1.13234,1.13238,1.95,1.39
2021.11.17 01:11:32.330,1.13235,1.13238,0.75,0.75
2021.11.17 01:11:32.431,1.13235,1.13239,0.82,0.75
2021.11.17 01:11:32.634,1.13236,1.1324,1.12,0.82
2021.11.17 01:11:34.457,1.13237,1.1324,0.75,2.89
2021.11.17 01:11:34.559,1.13237,1.13239,0.75,1.01
2021.11.17 01:11:35.045,1.13237,1.13238,0.75,0.19
2021.11.17 01:11:36.415,1.13236,1.1324,0.75,1.76
2021.11.17 01:11:36.517,1.13237,1.1324,0.75,0.94
2021.11.17 01:11:54.370,1.13238,1.13241,0.94,0.75
2021.11.17 01:11:54.421,1.1324,1.13243,1.01,2.56
2021.11.17 01:11:54.522,1.13242,1.13245,1.50,0.75
2021.11.17 01:11:54.624,1.13243,1.13246,0.75,1.01
2021.11.17 01:12:00.239,1.13242,1.13246,0.75,1.76
2021.11.17 01:12:01.018,1.13243,1.13246,0.75,0.94
2021.11.17 01:12:01.271,1.13244,1.13247,0.75,1.01
2021.11.17 01:12:10.184,1.13243,1.13246,0.75,0.94
2021.11.17 01:12:12.679,1.13244,1.13247,0.75,0.82
2021.11.17 01:12:14.177,1.13245,1.13248,0.75,1.20
2021.11.17 01:12:14.279,1.13247,1.13249,0.75,2.25
2021.11.17 01:12:14.381,1.13247,1.1325,0.75,0.75
2021.11.17 01:12:15.586,1.13247,1.13251,0.75,1.57
2021.11.17 01:12:16.426,1.13246,1.13249,0.75,0.10
2021.11.17 01:12:16.579,1.13245,1.13249,0.75,1.20
2021.11.17 01:12:17.033,1.13246,1.13249,0.75,0.10
2021.11.17 01:12:18.144,1.13247,1.13251,0.75,0.82
2021.11.17 01:12:19.619,1.13247,1.1325,0.75,0.10
2021.11.17 01:12:21.802,1.13247,1.13251,0.75,0.82
2021.11.17 01:12:21.904,1.13249,1.13252,0.75,4.88
2021.11.17 01:12:23.519,1.13249,1.13253,0.75,2.14
2021.11.17 01:12:34.139,1.1325,1.13253,0.75,2.14
2021.11.17 01:12:37.553,1.1325,1.13252,0.75,0.10
2021.11.17 01:12:38.375,1.1325,1.13253,0.75,2.14
2021.11.17 01:12:40.240,1.1325,1.13252,0.75,0.10
2021.11.17 01:12:40.687,1.13249,1.13252,0.75,0.10
2021.11.17 01:12:49.781,1.13249,1.13251,0.75,0.10
2021.11.17 01:12:55.067,1.13248,1.1325,0.75,0.10
2021.11.17 01:12:55.529,1.13247,1.1325,0.75,0.26
2021.11.17 01:12:57.766,1.13246,1.13248,0.75,0.10
2021.11.17 01:12:57.868,1.13246,1.13249,0.75,0.56
2021.11.17 01:12:59.804,1.13246,1.13248,0.75,0.19
2021.11.17 01:13:00.178,1.13245,1.13247,0.75,0.26
2021.11.17 01:13:00.229,1.13242,1.13245,2.69,0.10
2021.11.17 01:13:00.331,1.13243,1.13245,0.75,0.10
2021.11.17 01:13:00.752,1.13243,1.13246,0.75,1.01
2021.11.17 01:13:00.854,1.13244,1.13246,0.75,0.10
2021.11.17 01:13:05.583,1.13243,1.13245,0.75,0.10
2021.11.17 01:13:05.735,1.13243,1.13244,0.75,0.82
2021.11.17 01:13:05.988,1.13242,1.13244,0.75,0.10
2021.11.17 01:13:06.089,1.13241,1.13244,0.75,0.10
2021.11.17 01:13:12.145,1.13242,1.13245,0.75,0.10
2021.11.17 01:13:12.247,1.13243,1.13246,0.75,0.10
2021.11.17 01:13:12.348,1.13244,1.13246,0.75,0.26
2021.11.17 01:13:15.270,1.13244,1.13247,0.75,1.01
2021.11.17 01:13:15.625,1.13244,1.13246,0.75,0.10
2021.11.17 01:13:20.294,1.13245,1.13246,0.75,0.26
2021.11.17 01:13:20.547,1.13244,1.13246,0.75,0.10
2021.11.17 01:13:20.789,1.13242,1.13246,1.95,0.10
2021.11.17 01:13:23.546,1.13245,1.13247,0.75,0.19
2021.11.17 01:13:23.877,1.13245,1.13246,0.75,0.10
2021.11.17 01:13:25.907,1.13245,1.13247,0.75,0.19
2021.11.17 01:13:26.313,1.13244,1.13246,0.75,0.10
2021.11.17 01:13:33.160,1.13244,1.13247,0.75,0.10
2021.11.17 01:13:33.273,1.13245,1.13247,0.75,0.10
2021.11.17 01:13:33.324,1.13247,1.1325,0.75,0.10
2021.11.17 01:13:33.426,1.13248,1.1325,0.75,0.10
2021.11.17 01:13:33.527,1.13249,1.13251,0.75,0.19
2021.11.17 01:13:35.599,1.13249,1.13252,0.75,3.19
2021.11.17 01:13:36.686,1.13246,1.1325,2.70,0.10
2021.11.17 01:13:36.988,1.13247,1.13252,5.14,0.10
2021.11.17 01:13:37.089,1.13248,1.13252,0.37,0.10
2021.11.17 01:13:37.770,1.1325,1.13252,0.75,0.10
2021.11.17 01:13:38.275,1.13249,1.13251,0.75,0.10
2021.11.17 01:13:44.594,1.13249,1.13252,0.75,3.19
2021.11.17 01:13:49.990,1.13247,1.1325,1.57,0.10
2021.11.17 01:13:50.376,1.13249,1.13251,0.75,0.10
2021.11.17 01:13:57.263,1.13249,1.13252,0.75,1.76
2021.11.17 01:13:58.968,1.13246,1.1325,3.52,0.94
2021.11.17 01:13:59.019,1.13248,1.13251,0.75,0.82
2021.11.17 01:13:59.222,1.13248,1.1325,0.75,0.19
2021.11.17 01:13:59.323,1.13248,1.1325,0.75,1.76
2021.11.17 01:14:01.836,1.1325,1.13253,0.75,1.01
2021.11.17 01:14:01.938,1.1325,1.13252,0.75,0.26
2021.11.17 01:14:02.040,1.1325,1.13253,0.75,0.26
2021.11.17 01:14:04.912,1.13251,1.13253,0.75,0.26
2021.11.17 01:14:09.297,1.1325,1.13253,0.75,0.26
2021.11.17 01:14:31.443,1.1325,1.13252,0.75,2.25
2021.11.17 01:14:31.494,1.13248,1.13251,0.75,0.94
2021.11.17 01:14:31.545,1.13249,1.13253,0.75,1.76
2021.11.17 01:14:31.646,1.13249,1.13252,0.75,0.75
2021.11.17 01:14:31.798,1.1325,1.13253,0.75,1.01
2021.11.17 01:14:50.276,1.13247,1.1325,3.37,2.44
2021.11.17 01:14:50.378,1.13246,1.13249,2.69,1.01
2021.11.17 01:14:50.479,1.13245,1.13248,8.25,1.01
2021.11.17 01:14:50.631,1.13244,1.13246,0.75,1.01
2021.11.17 01:14:52.378,1.13242,1.13246,0.75,1.01
2021.11.17 01:14:52.480,1.13242,1.13245,0.75,0.10
2021.11.17 01:14:52.929,1.13243,1.13245,0.75,1.01
2021.11.17 01:14:53.432,1.13242,1.13245,0.75,0.82
2021.11.17 01:14:55.164,1.13242,1.13246,0.75,1.01
2021.11.17 01:15:01.194,1.13243,1.13246,0.75,0.94
2021.11.17 01:15:03.738,1.1324,1.13243,1.50,0.75
2021.11.17 01:15:03.839,1.1324,1.13244,0.75,1.31
2021.11.17 01:15:04.207,1.13242,1.13245,0.75,0.94
2021.11.17 01:15:04.409,1.13242,1.13246,0.75,0.94
2021.11.17 01:15:04.561,1.13243,1.13246,0.75,0.94
2021.11.17 01:15:05.132,1.13242,1.13245,0.75,1.50
2021.11.17 01:15:07.577,1.13241,1.13245,0.75,1.76
2021.11.17 01:15:07.679,1.13241,1.13244,0.75,0.19
2021.11.17 01:15:11.162,1.13241,1.13242,0.75,0.75
2021.11.17 01:15:14.746,1.13242,1.13244,0.75,0.19
2021.11.17 01:15:14.848,1.13242,1.13245,0.75,1.01
2021.11.17 01:15:14.949,1.13241,1.13244,0.75,0.75
2021.11.17 01:15:16.729,1.1324,1.13244,0.75,2.14
2021.11.17 01:15:16.831,1.1324,1.13243,0.75,0.19
2021.11.17 01:15:19.240,1.13239,1.13242,0.75,0.82
2021.11.17 01:15:19.291,1.13238,1.13241,0.75,0.19
2021.11.17 01:15:19.785,1.13238,1.13242,0.75,1.01
2021.11.17 01:15:20.143,1.13239,1.13242,0.75,1.01
2021.11.17 01:15:20.345,1.1324,1.13243,0.75,1.39
2021.11.17 01:15:25.907,1.13241,1.13243,0.75,0.26
2021.11.17 01:15:29.287,1.1324,1.13243,0.75,0.26
2021.11.17 01:15:31.189,1.13242,1.13245,0.75,1.01
2021.11.17 01:15:32.306,1.13243,1.13246,0.75,0.75
2021.11.17 01:15:32.457,1.13242,1.13245,0.75,0.10
2021.11.17 01:15:32.609,1.13241,1.13244,0.75,0.19
2021.11.17 01:15:34.807,1.13241,1.13243,0.75,0.26
2021.11.17 01:15:35.110,1.1324,1.13243,0.75,1.01
2021.11.17 01:15:35.263,1.13238,1.13241,0.75,0.19
2021.11.17 01:15:39.305,1.13236,1.13239,0.75,1.95
2021.11.17 01:15:39.407,1.13235,1.13238,1.95,0.82
2021.11.17 01:15:39.559,1.13236,1.13239,0.75,0.82
2021.11.17 01:15:39.812,1.13238,1.13241,0.75,1.01
2021.11.17 01:15:39.913,1.13238,1.1324,0.75,0.19
2021.11.17 01:15:40.515,1.13236,1.13239,0.75,0.82
2021.11.17 01:15:40.870,1.13237,1.1324,0.75,0.94
2021.11.17 01:15:41.243,1.13236,1.13239,0.75,0.94
2021.11.17 01:15:41.778,1.13236,1.13237,0.75,0.26
2021.11.17 01:15:41.880,1.13235,1.13238,0.75,1.01
2021.11.17 01:15:41.981,1.13234,1.13237,0.75,1.01
2021.11.17 01:15:42.284,1.13233,1.13236,0.75,1.01
2021.11.17 01:15:48.410,1.13232,1.13235,0.75,0.75
2021.11.17 01:15:49.070,1.13231,1.13234,0.75,0.75
2021.11.17 01:15:49.547,1.13231,1.13233,0.75,0.19
2021.11.17 01:15:49.649,1.1323,1.13233,0.75,1.39
2021.11.17 01:15:55.275,1.13232,1.13235,0.75,0.94
2021.11.17 01:15:55.780,1.13231,1.13235,0.75,1.01
2021.11.17 01:15:57.113,1.13231,1.13234,0.75,1.01
2021.11.17 01:15:57.658,1.13231,1.13233,0.75,0.10
2021.11.17 01:15:59.558,1.1323,1.13233,0.75,1.01
2021.11.17 01:16:00.290,1.13229,1.13232,0.75,1.01
2021.11.17 01:16:06.757,1.13232,1.13235,0.75,3.38
2021.11.17 01:16:06.858,1.13233,1.13235,0.75,2.56
2021.11.17 01:16:06.960,1.13233,1.13236,0.75,0.82
2021.11.17 01:16:07.794,1.13233,1.13237,0.75,1.01
2021.11.17 01:16:07.896,1.13235,1.13238,0.75,1.20
2021.11.17 01:16:13.847,1.13237,1.1324,0.75,0.75
2021.11.17 01:16:13.949,1.13238,1.13241,0.75,0.82
2021.11.17 01:16:16.681,1.13239,1.13242,0.75,2.32
2021.11.17 01:16:16.937,1.13238,1.13242,0.75,3.07
2021.11.17 01:16:17.038,1.13238,1.13241,0.75,0.10
2021.11.17 01:16:17.605,1.13237,1.13241,0.75,1.01
2021.11.17 01:16:18.206,1.13238,1.13241,0.75,1.01
2021.11.17 01:16:18.308,1.13237,1.1324,0.75,0.10
2021.11.17 01:16:18.459,1.13236,1.1324,0.75,1.20
2021.11.17 01:16:20.293,1.13237,1.1324,0.75,0.82
2021.11.17 01:16:23.992,1.13236,1.1324,0.75,2.14
2021.11.17 01:16:24.093,1.13236,1.13239,0.75,0.10
2021.11.17 01:16:26.436,1.13236,1.1324,0.75,1.20
2021.11.17 01:16:29.049,1.13237,1.13241,0.75,1.01
2021.11.17 01:16:29.201,1.13237,1.1324,0.75,0.10
2021.11.17 01:16:30.217,1.13236,1.13239,1.94,1.20
2021.11.17 01:16:30.318,1.13235,1.13239,1.95,1.57
2021.11.17 01:16:30.420,1.13235,1.13238,0.75,0.82
2021.11.17 01:16:30.529,1.13234,1.13238,0.75,0.82
2021.11.17 01:16:30.630,1.13235,1.13238,0.75,0.82
2021.11.17 01:16:32.606,1.13236,1.13239,1.39,10.88
2021.11.17 01:16:32.657,1.13237,1.1324,0.75,3.31
2021.11.17 01:16:36.896,1.13235,1.13238,0.75,0.82
2021.11.17 01:16:36.997,1.13234,1.13238,0.75,2.89
2021.11.17 01:16:37.098,1.13234,1.13237,0.75,0.75
2021.11.17 01:16:37.759,1.13234,1.13238,0.75,0.82
2021.11.17 01:16:37.860,1.13234,1.13237,0.75,0.75
2021.11.17 01:16:38.222,1.13233,1.13237,0.75,1.57
2021.11.17 01:16:47.067,1.13233,1.13236,0.75,0.75
2021.11.17 01:16:50.303,1.13232,1.13235,0.75,1.50
2021.11.17 01:16:52.245,1.13231,1.13234,0.75,0.82
2021.11.17 01:16:52.498,1.1323,1.13233,0.75,0.75
2021.11.17 01:16:55.587,1.13229,1.13233,0.75,1.20
2021.11.17 01:16:57.724,1.13231,1.13234,0.75,0.82
2021.11.17 01:16:58.693,1.13231,1.13235,0.75,0.82
2021.11.17 01:17:00.027,1.13232,1.13235,0.75,0.10
2021.11.17 01:17:00.846,1.13232,1.13236,0.75,0.82
2021.11.17 01:17:01.099,1.13233,1.13236,0.75,0.82
2021.11.17 01:17:01.201,1.13234,1.13237,0.75,0.75
2021.11.17 01:17:01.302,1.13237,1.1324,0.75,0.75
2021.11.17 01:17:01.404,1.13236,1.1324,0.75,1.20
2021.11.17 01:17:01.505,1.13236,1.13239,0.75,0.10
2021.11.17 01:17:01.606,1.13236,1.1324,0.75,1.39
2021.11.17 01:17:01.808,1.13237,1.1324,0.75,0.82
2021.11.17 01:17:02.112,1.13235,1.13239,1.12,0.82
2021.11.17 01:17:02.263,1.13235,1.13238,0.75,0.75
2021.11.17 01:17:03.212,1.13235,1.13239,0.75,1.20
2021.11.17 01:17:03.314,1.13235,1.13238,0.75,0.75
2021.11.17 01:17:03.667,1.13237,1.1324,0.75,0.75
2021.11.17 01:17:03.769,1.13237,1.13241,0.75,0.82
2021.11.17 01:17:04.948,1.13237,1.1324,0.75,0.82
2021.11.17 01:17:05.049,1.13236,1.1324,0.75,0.82
2021.11.17 01:17:05.201,1.13237,1.1324,0.75,0.82
2021.11.17 01:17:05.252,1.13236,1.13238,2.32,1.20
2021.11.17 01:17:05.404,1.13235,1.13238,0.75,0.82
2021.11.17 01:17:09.902,1.13234,1.13238,0.75,1.20
2021.11.17 01:17:10.004,1.13234,1.13237,0.75,0.10
2021.11.17 01:17:20.271,1.13234,1.13236,0.75,0.10
2021.11.17 01:17:20.732,1.13233,1.13236,0.75,1.20
2021.11.17 01:17:28.193,1.13233,1.13237,0.75,0.82
2021.11.17 01:17:28.295,1.13234,1.13237,0.75,0.75
2021.11.17 01:17:42.462,1.13236,1.13239,0.75,0.82
2021.11.17 01:17:42.563,1.13237,1.1324,0.75,0.75
2021.11.17 01:17:42.664,1.13237,1.13241,0.75,1.76
2021.11.17 01:17:43.300,1.13236,1.13239,0.75,1.57
2021.11.17 01:17:43.401,1.13235,1.13238,1.20,0.10
2021.11.17 01:17:44.763,1.13234,1.13237,0.75,0.75
2021.11.17 01:17:48.314,1.13234,1.13236,0.75,0.10
2021.11.17 01:17:54.532,1.13233,1.13236,0.75,0.10
2021.11.17 01:17:55.289,1.13233,1.13237,0.75,1.01
2021.11.17 01:17:55.672,1.13233,1.13236,0.75,0.10
2021.11.17 01:18:03.638,1.13233,1.13237,0.75,0.82
2021.11.17 01:18:13.849,1.13234,1.13238,0.75,2.14
2021.11.17 01:18:17.205,1.13236,1.13239,0.75,0.82
2021.11.17 01:18:17.256,1.13237,1.13241,0.75,4.69
2021.11.17 01:18:17.358,1.13238,1.13241,0.75,0.10
2021.11.17 01:18:17.520,1.13238,1.13242,0.75,0.82
2021.11.17 01:18:18.130,1.13239,1.13241,0.75,0.10
2021.11.17 01:18:28.732,1.13237,1.1324,0.75,0.10
2021.11.17 01:18:29.136,1.13237,1.13241,0.75,1.57
2021.11.17 01:18:29.238,1.13238,1.13241,0.75,0.10
2021.11.17 01:18:29.339,1.13238,1.13242,0.75,1.01
2021.11.17 01:18:32.091,1.13241,1.13244,0.75,0.94
2021.11.17 01:18:32.193,1.13242,1.13245,0.75,0.10
2021.11.17 01:18:32.648,1.13243,1.13245,0.75,1.76
2021.11.17 01:18:35.701,1.13243,1.13246,0.75,0.75
2021.11.17 01:18:37.604,1.13242,1.13245,0.75,0.82
2021.11.17 01:18:42.146,1.13242,1.13246,0.75,1.57
2021.11.17 01:18:44.709,1.13242,1.13245,0.75,0.10
2021.11.17 01:18:58.852,1.13241,1.13244,0.75,0.82
2021.11.17 01:18:59.004,1.1324,1.13243,0.75,0.82
2021.11.17 01:19:00.907,1.13239,1.13243,1.50,0.82
2021.11.17 01:19:02.889,1.1324,1.13243,0.10,0.75
2021.11.17 01:19:02.991,1.13242,1.13245,0.75,4.32
2021.11.17 01:19:03.092,1.13241,1.13245,0.75,2.32
2021.11.17 01:19:04.698,1.13241,1.13244,0.75,0.75
2021.11.17 01:19:05.974,1.1324,1.13244,0.75,2.32
2021.11.17 01:19:06.075,1.1324,1.13243,0.75,0.10
2021.11.17 01:19:06.227,1.13239,1.13242,0.75,0.75
2021.11.17 01:19:06.328,1.13238,1.13241,0.75,1.01
2021.11.17 01:19:06.431,1.13238,1.13242,0.75,2.14
2021.11.17 01:19:16.161,1.13235,1.13239,2.70,1.95
2021.11.17 01:19:16.263,1.13235,1.13238,1.95,0.75
2021.11.17 01:19:16.364,1.13236,1.13239,0.75,1.57
2021.11.17 01:19:21.910,1.13236,1.1324,0.75,0.82
2021.11.17 01:19:22.011,1.13237,1.1324,0.75,0.82
2021.11.17 01:19:23.197,1.13237,1.13238,0.75,0.75
2021.11.17 01:19:23.887,1.13237,1.1324,0.75,0.82
2021.11.17 01:19:23.989,1.13237,1.13241,0.75,4.01
2021.11.17 01:19:28.899,1.13239,1.1324,0.75,0.75
2021.11.17 01:19:29.001,1.13239,1.13241,0.75,4.39
2021.11.17 01:19:29.416,1.13238,1.13241,0.75,0.10
2021.11.17 01:19:29.568,1.13238,1.13242,0.75,4.39
2021.11.17 01:19:30.027,1.13238,1.13241,0.75,0.10
2021.11.17 01:19:30.129,1.13238,1.13242,0.75,3.64
2021.11.17 01:19:43.888,1.13239,1.13242,0.75,3.00
2021.11.17 01:19:45.187,1.13241,1.13245,0.75,4.06
2021.11.17 01:19:45.289,1.13242,1.13246,0.75,1.31
2021.11.17 01:19:47.713,1.13242,1.13245,0.75,0.75
2021.11.17 01:19:51.569,1.13242,1.13246,0.75,1.69
2021.11.17 01:19:52.723,1.13241,1.13245,0.75,0.94
2021.11.17 01:19:54.106,1.1324,1.13244,1.50,1.12
2021.11.17 01:19:55.287,1.13241,1.13244,0.75,0.75
2021.11.17 01:19:59.732,1.13238,1.13242,1.95,0.94
2021.11.17 01:20:03.981,1.13237,1.13241,1.50,0.75
2021.11.17 01:20:08.224,1.13237,1.1324,0.75,0.75
2021.11.17 01:20:13.975,1.13235,1.13239,2.69,1.31
2021.11.17 01:20:14.126,1.13234,1.13238,1.95,1.12
2021.11.17 01:20:14.328,1.13234,1.13237,0.75,0.10
2021.11.17 01:20:22.091,1.13232,1.13236,0.75,0.82
2021.11.17 01:20:25.733,1.13231,1.13235,1.57,0.75
2021.11.17 01:20:27.045,1.13232,1.13236,0.75,0.82
2021.11.17 01:20:32.875,1.13232,1.13235,0.75,0.75
2021.11.17 01:20:32.977,1.13231,1.13234,3.52,0.75
2021.11.17 01:20:33.179,1.1323,1.13234,2.77,0.75
2021.11.17 01:20:36.524,1.13231,1.13232,0.82,0.75
2021.11.17 01:20:37.900,1.13229,1.13232,1.95,0.75
2021.11.17 01:20:38.103,1.13228,1.13232,2.32,0.75
2021.11.17 01:20:38.523,1.13229,1.13232,0.75,0.75
2021.11.17 01:20:38.726,1.13228,1.13232,2.77,0.75
2021.11.17 01:20:38.936,1.13229,1.13232,0.75,0.75
2021.11.17 01:20:39.139,1.13229,1.13231,2.32,0.75
2021.11.17 01:20:39.341,1.13229,1.13232,0.75,0.75
2021.11.17 01:20:40.656,1.13228,1.13232,2.77,0.75
2021.11.17 01:20:42.638,1.13228,1.13231,0.82,0.75
2021.11.17 01:20:45.542,1.13228,1.13232,3.34,0.75
2021.11.17 01:20:45.644,1.13229,1.13232,2.84,0.75
2021.11.17 01:20:49.903,1.13229,1.13233,2.14,0.75
2021.11.17 01:20:52.939,1.13229,1.13232,1.50,0.75
2021.11.17 01:20:53.040,1.13228,1.13232,3.97,0.75
2021.11.17 01:20:53.344,1.13228,1.13231,0.82,0.75
2021.11.17 01:20:55.243,1.13228,1.13232,0.82,0.75
2021.11.17 01:21:01.093,1.13229,1.13233,0.75,0.82
2021.11.17 01:21:01.527,1.13232,1.13234,0.75,1.57
2021.11.17 01:21:01.629,1.13232,1.13236,0.75,0.82
2021.11.17 01:21:02.098,1.13233,1.13236,0.75,0.10
2021.11.17 01:21:02.600,1.13233,1.13237,0.75,1.57
2021.11.17 01:21:03.302,1.13234,1.13237,0.75,0.82
2021.11.17 01:21:03.353,1.13235,1.13239,0.75,3.07
2021.11.17 01:21:03.454,1.13236,1.13239,0.75,0.82
2021.11.17 01:21:03.556,1.13237,1.1324,0.75,0.82
2021.11.17 01:21:07.058,1.13236,1.1324,1.57,0.75
2021.11.17 01:21:08.030,1.13236,1.13239,0.75,0.82
2021.11.17 01:21:08.146,1.13235,1.13239,0.75,1.57
2021.11.17 01:21:14.989,1.13237,1.1324,0.75,0.82
2021.11.17 01:21:19.258,1.13236,1.1324,0.75,0.82
2021.11.17 01:21:23.086,1.13235,1.13239,0.75,1.57
2021.11.17 01:21:24.822,1.13237,1.1324,0.75,0.75
2021.11.17 01:21:24.924,1.13237,1.13241,0.75,0.82
2021.11.17 01:21:27.750,1.13239,1.13242,0.75,0.82
2021.11.17 01:21:27.851,1.1324,1.13243,0.75,0.75
2021.11.17 01:21:27.952,1.13241,1.13244,0.75,0.10
2021.11.17 01:21:28.054,1.13241,1.13245,0.75,1.76
2021.11.17 01:21:30.619,1.1324,1.13244,0.75,1.39
2021.11.17 01:21:30.720,1.1324,1.13243,0.75,0.75
2021.11.17 01:21:30.821,1.13239,1.13243,0.75,1.20
2021.11.17 01:21:31.947,1.13239,1.13242,0.75,0.10
2021.11.17 01:21:35.737,1.1324,1.13242,0.75,1.20
2021.11.17 01:21:38.719,1.13239,1.13243,0.75,1.39
2021.11.17 01:21:38.871,1.13239,1.13242,0.75,0.10
2021.11.17 01:21:43.737,1.1324,1.13243,0.75,1.57
2021.11.17 01:21:48.309,1.13241,1.13244,0.75,0.82
2021.11.17 01:21:50.535,1.13241,1.13243,0.75,0.10
2021.11.17 01:21:50.637,1.1324,1.13242,0.75,1.01
2021.11.17 01:21:50.739,1.13239,1.13243,0.75,1.76
2021.11.17 01:21:52.227,1.1324,1.13243,0.75,0.82
2021.11.17 01:21:52.379,1.13241,1.13243,0.75,0.82
2021.11.17 01:21:52.533,1.13241,1.13244,0.75,1.20
2021.11.17 01:22:09.197,1.13242,1.13245,0.75,0.10
2021.11.17 01:22:09.399,1.13242,1.13246,0.75,1.57
2021.11.17 01:22:09.602,1.13244,1.13245,0.75,0.82
2021.11.17 01:22:09.754,1.13244,1.13247,0.75,0.75
2021.11.17 01:22:09.855,1.13245,1.13248,0.75,0.10
2021.11.17 01:22:13.257,1.13246,1.1325,0.75,2.51
2021.11.17 01:22:15.779,1.13246,1.13248,0.75,0.82
2021.11.17 01:22:15.884,1.13245,1.13249,1.12,1.20
2021.11.17 01:22:16.381,1.13245,1.13248,0.75,1.20
2021.11.17 01:22:16.735,1.13244,1.13248,0.75,2.14
2021.11.17 01:22:17.138,1.13244,1.13247,0.75,0.10
2021.11.17 01:22:18.507,1.13244,1.13248,0.75,1.76
2021.11.17 01:22:18.609,1.13245,1.13246,0.75,0.82
2021.11.17 01:22:18.992,1.13244,1.13246,0.75,2.14
2021.11.17 01:22:24.097,1.13245,1.13248,0.75,0.82
2021.11.17 01:22:24.198,1.13246,1.13248,0.75,0.10
2021.11.17 01:22:25.302,1.13246,1.13247,0.75,0.10
2021.11.17 01:22:25.605,1.13244,1.13248,0.75,2.89
2021.11.17 01:22:25.707,1.13244,1.13247,0.75,0.10
2021.11.17 01:22:25.808,1.13243,1.13247,0.75,0.82
2021.11.17 01:22:42.690,1.13243,1.13246,0.75,0.10
2021.11.17 01:22:42.792,1.13242,1.13246,0.75,0.82
2021.11.17 01:22:42.893,1.13243,1.13246,0.75,0.10
2021.11.17 01:23:00.614,1.13244,1.13246,0.75,0.10
2021.11.17 01:23:00.715,1.13244,1.13246,0.75,1.01
2021.11.17 01:23:01.090,1.13245,1.13248,0.75,2.14
2021.11.17 01:23:01.558,1.13245,1.13249,0.75,2.89
2021.11.17 01:23:05.186,1.13245,1.13248,0.75,0.10
2021.11.17 01:23:06.657,1.13244,1.13247,0.75,0.75
2021.11.17 01:23:06.910,1.13243,1.13247,0.75,0.82
2021.11.17 01:23:16.759,1.13242,1.13246,0.82,0.75
2021.11.17 01:23:22.940,1.13243,1.13247,0.75,1.76
2021.11.17 01:23:33.240,1.13244,1.13248,0.75,1.20
2021.11.17 01:23:38.309,1.13245,1.13248,0.75,0.10
2021.11.17 01:23:38.663,1.13246,1.13249,0.75,0.82
2021.11.17 01:23:41.267,1.13245,1.13249,0.75,1.20
2021.11.17 01:23:46.172,1.13245,1.13248,0.75,0.10
2021.11.17 01:23:46.425,1.13244,1.13248,0.75,2.14
2021.11.17 01:23:47.181,1.13245,1.13248,0.75,0.45
2021.11.17 01:24:01.012,1.13244,1.13247,0.75,0.82
2021.11.17 01:24:01.113,1.13243,1.13246,0.75,0.10
2021.11.17 01:24:09.517,1.13244,1.13246,0.75,2.51
2021.11.17 01:24:16.663,1.13244,1.13245,0.75,0.10
2021.11.17 01:24:17.155,1.13243,1.13247,0.75,1.39
2021.11.17 01:24:17.597,1.13245,1.13248,0.75,1.57
2021.11.17 01:24:19.184,1.13246,1.13248,0.75,0.10
2021.11.17 01:24:30.692,1.13246,1.13249,0.75,4.01
2021.11.17 01:24:39.696,1.13246,1.13247,0.75,0.19
2021.11.17 01:24:39.798,1.13245,1.13248,0.75,2.06
2021.11.17 01:24:39.950,1.13245,1.13247,0.75,0.19
2021.11.17 01:24:42.293,1.13245,1.13248,0.75,2.14
2021.11.17 01:24:42.445,1.13245,1.13249,0.75,3.26
2021.11.17 01:24:42.547,1.13246,1.13249,0.75,4.01
2021.11.17 01:24:53.330,1.13247,1.13251,0.75,4.99
2021.11.17 01:24:54.414,1.13248,1.13252,0.75,1.12
2021.11.17 01:24:55.073,1.13248,1.13251,0.75,0.75
2021.11.17 01:24:55.383,1.13246,1.1325,3.14,1.12
2021.11.17 01:24:55.534,1.13247,1.1325,0.75,0.75
2021.11.17 01:25:05.233,1.13248,1.13251,0.75,0.82
2021.11.17 01:25:06.167,1.13248,1.1325,0.75,0.10
2021.11.17 01:25:06.268,1.13247,1.13251,0.75,1.57
2021.11.17 01:25:06.369,1.13247,1.1325,0.75,0.10
2021.11.17 01:25:12.995,1.13247,1.13251,0.75,0.82
2021.11.17 01:25:14.645,1.13247,1.1325,0.75,0.82
2021.11.17 01:25:17.617,1.13248,1.13251,0.75,0.82
2021.11.17 01:25:20.018,1.1325,1.13252,0.75,0.75
2021.11.17 01:25:20.070,1.13252,1.13254,0.75,3.45
2021.11.17 01:25:20.171,1.13251,1.13253,0.75,0.10
2021.11.17 01:25:20.222,1.13253,1.13256,0.75,1.76
2021.11.17 01:25:20.273,1.13252,1.13253,0.75,0.10
2021.11.17 01:25:20.425,1.13251,1.13255,0.75,1.01
2021.11.17 01:25:20.527,1.13252,1.13255,0.75,1.39
2021.11.17 01:25:21.266,1.13252,1.13253,0.75,0.10
2021.11.17 01:25:22.528,1.13252,1.13254,0.75,0.10
2021.11.17 01:25:26.447,1.13252,1.13255,0.75,1.39
2021.11.17 01:25:36.758,1.13251,1.13254,0.75,0.37
2021.11.17 01:25:38.073,1.13252,1.13254,0.75,0.75
2021.11.17 01:25:38.853,1.13251,1.13254,0.75,1.50
2021.11.17 01:25:41.559,1.13252,1.13254,0.75,0.75
2021.11.17 01:25:41.660,1.13253,1.13254,0.75,0.19
2021.11.17 01:25:44.182,1.13251,1.13254,0.75,1.50
2021.11.17 01:25:46.919,1.1325,1.13253,0.75,1.50
2021.11.17 01:25:47.021,1.1325,1.13254,0.75,4.76
2021.11.17 01:25:47.841,1.13251,1.13255,0.75,5.44
2021.11.17 01:25:54.586,1.13252,1.13255,0.75,1.50
2021.11.17 01:25:56.635,1.1325,1.13254,0.75,1.50
2021.11.17 01:25:57.312,1.13253,1.13254,0.75,0.75
2021.11.17 01:25:57.415,1.13253,1.13255,0.75,0.75
2021.11.17 01:25:57.517,1.13254,1.13255,0.75,1.50
2021.11.17 01:25:58.090,1.13252,1.13256,0.75,1.87
2021.11.17 01:26:11.686,1.13253,1.13256,0.75,1.50
2021.11.17 01:26:11.788,1.13254,1.13257,0.75,0.75
2021.11.17 01:26:11.890,1.13257,1.13259,0.75,2.56
2021.11.17 01:26:11.941,1.13257,1.13261,0.75,3.75
2021.11.17 01:26:12.043,1.13259,1.1326,0.75,0.94
2021.11.17 01:26:12.196,1.13258,1.1326,0.75,1.69
2021.11.17 01:26:14.790,1.13256,1.1326,0.75,3.64
2021.11.17 01:26:14.892,1.13257,1.1326,0.75,1.50
2021.11.17 01:26:14.993,1.13256,1.13259,0.75,0.37
2021.11.17 01:26:15.094,1.13257,1.1326,0.75,0.75
2021.11.17 01:26:15.297,1.13257,1.13261,0.75,0.94
2021.11.17 01:26:19.071,1.13257,1.1326,0.75,0.19
2021.11.17 01:26:26.233,1.13257,1.13261,0.75,0.94
2021.11.17 01:26:26.435,1.13259,1.13262,0.75,1.12
2021.11.17 01:26:26.587,1.13258,1.13262,0.75,0.94
2021.11.17 01:26:26.840,1.13258,1.13261,0.75,0.75
2021.11.17 01:26:26.942,1.13257,1.13261,0.75,0.75
2021.11.17 01:26:39.696,1.13257,1.1326,0.75,0.75
2021.11.17 01:26:39.848,1.13256,1.13259,0.75,1.12
2021.11.17 01:26:40.000,1.13256,1.13258,0.75,0.10
2021.11.17 01:26:41.866,1.13256,1.13259,0.75,2.51
2021.11.17 01:26:42.636,1.13257,1.1326,0.75,0.82
2021.11.17 01:26:42.788,1.13257,1.13261,0.75,0.82
2021.11.17 01:26:48.960,1.13258,1.13261,0.75,0.75
2021.11.17 01:26:58.553,1.13257,1.1326,0.75,0.75
2021.11.17 01:27:00.217,1.13257,1.13259,0.75,0.10
2021.11.17 01:27:00.268,1.13255,1.13258,2.62,0.82
2021.11.17 01:27:00.420,1.13255,1.13257,1.50,0.10
2021.11.17 01:27:08.889,1.13255,1.13258,0.75,1.39
2021.11.17 01:27:12.111,1.13255,1.13257,0.75,0.10
2021.11.17 01:27:37.186,1.13255,1.13258,1.50,0.82
2021.11.17 01:27:38.626,1.13257,1.1326,0.75,1.57
2021.11.17 01:27:40.157,1.13259,1.1326,0.75,0.82
2021.11.17 01:27:41.559,1.13257,1.13261,1.65,0.75
2021.11.17 01:27:50.835,1.13257,1.1326,0.75,1.39
2021.11.17 01:27:50.937,1.13257,1.13259,0.75,0.10
2021.11.17 01:27:51.038,1.13256,1.13259,0.75,1.20
2021.11.17 01:27:52.681,1.13256,1.1326,0.75,2.14
2021.11.17 01:27:52.782,1.13257,1.1326,0.75,2.14
2021.11.17 01:28:00.770,1.13257,1.13261,1.57,1.57
2021.11.17 01:28:01.741,1.13257,1.1326,0.75,2.14
2021.11.17 01:28:02.990,1.13258,1.13262,0.82,3.31
2021.11.17 01:28:03.092,1.1326,1.13263,0.75,0.82
2021.11.17 01:28:03.193,1.13261,1.13264,0.75,2.89
2021.11.17 01:28:05.099,1.13261,1.13263,0.75,0.45
2021.11.17 01:28:05.453,1.13261,1.13264,0.75,2.89
2021.11.17 01:28:05.555,1.13261,1.13263,0.75,0.10
2021.11.17 01:28:05.657,1.1326,1.13263,0.75,0.10
2021.11.17 01:28:11.777,1.1326,1.13262,0.75,0.82
2021.11.17 01:28:11.878,1.13259,1.13262,0.75,2.51
2021.11.17 01:28:25.277,1.13261,1.13262,0.75,2.14
2021.11.17 01:28:25.379,1.13262,1.13264,0.75,1.76
2021.11.17 01:28:27.038,1.13261,1.13263,0.75,1.39
2021.11.17 01:28:27.139,1.13261,1.13262,1.20,3.26
2021.11.17 01:28:27.241,1.1326,1.13262,0.75,0.10
2021.11.17 01:28:30.918,1.13258,1.13261,0.75,0.10
2021.11.17 01:28:31.019,1.13257,1.1326,0.75,0.10
2021.11.17 01:28:31.120,1.13259,1.1326,0.75,0.10
2021.11.17 01:28:31.222,1.13258,1.13262,0.75,1.76
2021.11.17 01:28:31.626,1.13259,1.13262,0.75,1.01
2021.11.17 01:28:32.999,1.13259,1.13261,0.75,1.39
2021.11.17 01:28:35.590,1.13258,1.13261,0.75,0.82
2021.11.17 01:28:35.793,1.13258,1.13259,0.75,0.10
2021.11.17 01:28:35.894,1.13258,1.1326,0.75,0.10
2021.11.17 01:28:35.996,1.13257,1.1326,1.20,0.10
2021.11.17 01:28:42.760,1.13257,1.13261,0.75,0.82
2021.11.17 01:28:42.862,1.1326,1.13262,0.75,0.10
2021.11.17 01:28:42.963,1.13261,1.13263,0.75,0.10
2021.11.17 01:28:43.065,1.13261,1.13264,0.75,3.26
2021.11.17 01:28:43.167,1.13262,1.13263,0.75,0.82
2021.11.17 01:28:43.716,1.13261,1.13264,0.75,0.82
2021.11.17 01:28:43.867,1.13261,1.13263,0.75,0.10
2021.11.17 01:28:44.120,1.1326,1.13263,0.75,0.10
2021.11.17 01:28:44.222,1.13261,1.13263,0.75,0.10
2021.11.17 01:28:44.324,1.13263,1.13265,0.75,2.63
2021.11.17 01:28:45.890,1.13265,1.13267,0.75,6.19
2021.11.17 01:28:45.991,1.13266,1.13268,0.75,0.10
2021.11.17 01:28:46.092,1.13265,1.13268,0.75,0.10
2021.11.17 01:28:46.244,1.13265,1.13269,0.75,2.70
2021.11.17 01:28:48.084,1.13266,1.13267,0.75,0.19
2021.11.17 01:28:48.185,1.13265,1.13267,0.75,0.19
2021.11.17 01:28:48.286,1.13264,1.13267,0.75,0.19
2021.11.17 01:28:59.182,1.13265,1.13267,0.75,2.89
2021.11.17 01:29:16.620,1.13264,1.13268,0.75,1.31
2021.11.17 01:29:17.704,1.13265,1.13268,0.75,1.31
2021.11.17 01:29:20.815,1.13266,1.13268,0.75,0.64
2021.11.17 01:29:25.315,1.13265,1.13268,0.75,1.39
2021.11.17 01:29:25.475,1.13263,1.13267,0.75,1.01
2021.11.17 01:29:25.577,1.13264,1.13267,0.75,0.45
2021.11.17 01:29:25.678,1.13263,1.13266,0.75,0.26
2021.11.17 01:29:25.779,1.13264,1.13266,0.75,0.26
2021.11.17 01:29:25.880,1.13263,1.13266,0.75,0.10
2021.11.17 01:29:26.234,1.13264,1.13266,0.75,0.10
2021.11.17 01:29:26.437,1.13265,1.13266,0.75,0.10
2021.11.17 01:29:26.538,1.13265,1.13267,0.75,0.26
2021.11.17 01:29:39.875,1.13265,1.13268,0.75,0.45
2021.11.17 01:29:39.976,1.13265,1.13267,0.75,0.10
2021.11.17 01:29:49.952,1.13265,1.13268,0.75,0.45
2021.11.17 01:29:53.527,1.13265,1.13267,0.75,0.26
2021.11.17 01:29:55.656,1.13263,1.13266,0.75,0.10
2021.11.17 01:29:55.808,1.13261,1.13266,2.96,0.10
2021.11.17 01:29:55.909,1.13265,1.13267,0.75,0.26
2021.11.17 01:30:00.543,1.13263,1.13266,0.75,0.19
2021.11.17 01:30:00.644,1.13264,1.13266,0.75,4.81
2021.11.17 01:30:00.745,1.13263,1.13266,0.75,0.75
2021.11.17 01:30:00.846,1.13262,1.13266,0.45,0.75
2021.11.17 01:30:01.041,1.13262,1.13265,3.26,0.75
2021.11.17 01:30:01.124,1.13264,1.13267,0.75,3.56
2021.11.17 01:30:01.844,1.13263,1.13264,0.75,2.81
2021.11.17 01:30:01.946,1.13261,1.13265,1.95,4.12
2021.11.17 01:30:02.047,1.13262,1.13265,0.75,2.25
2021.11.17 01:30:04.417,1.13261,1.13265,0.75,6.56
2021.11.17 01:30:04.518,1.13261,1.13264,0.75,0.37
2021.11.17 01:30:09.577,1.13261,1.13263,0.75,0.10
2021.11.17 01:30:32.838,1.1326,1.13263,0.75,1.39
2021.11.17 01:30:34.309,1.1326,1.13262,0.75,0.10
2021.11.17 01:30:35.649,1.13259,1.13262,0.75,0.26
2021.11.17 01:30:51.454,1.13257,1.13259,0.75,1.20
2021.11.17 01:30:51.909,1.13256,1.13259,0.75,0.10
2021.11.17 01:30:52.511,1.13255,1.13258,1.50,0.10
2021.11.17 01:30:52.612,1.13256,1.13258,0.75,0.10
2021.11.17 01:30:52.713,1.13256,1.13259,0.75,1.20
2021.11.17 01:30:52.815,1.13256,1.1326,0.75,1.76
2021.11.17 01:30:52.966,1.13258,1.1326,0.75,0.10
2021.11.17 01:30:53.099,1.13258,1.13261,0.75,0.45
2021.11.17 01:30:54.066,1.13259,1.13262,0.75,0.10
2021.11.17 01:30:55.334,1.1326,1.13262,0.75,0.10
2021.11.17 01:30:55.385,1.13261,1.13264,0.75,0.10
2021.11.17 01:30:55.486,1.13262,1.13265,0.75,1.01
2021.11.17 01:30:55.762,1.13262,1.13266,0.75,2.14
2021.11.17 01:30:56.015,1.13262,1.13265,0.75,0.10
2021.11.17 01:30:56.214,1.13263,1.13266,0.75,0.82
2021.11.17 01:30:59.714,1.13262,1.13265,0.75,0.10
2021.11.17 01:31:00.019,1.13261,1.13264,0.75,0.45
2021.11.17 01:31:00.121,1.13261,1.13265,0.94,1.57
2021.11.17 01:31:00.223,1.13262,1.13265,0.75,0.82
2021.11.17 01:31:00.830,1.13264,1.13266,0.75,0.75
2021.11.17 01:31:00.932,1.13264,1.13268,0.75,0.82
2021.11.17 01:31:01.034,1.13266,1.13269,0.75,0.45
2021.11.17 01:31:01.550,1.13266,1.13267,0.75,0.10
2021.11.17 01:31:01.652,1.13266,1.13269,0.75,0.82
2021.11.17 01:31:01.804,1.13265,1.13269,0.75,1.76
2021.11.17 01:31:01.905,1.13266,1.13269,0.75,1.76
2021.11.17 01:31:02.006,1.13265,1.13267,0.75,0.10
2021.11.17 01:31:02.107,1.13264,1.13267,1.50,0.82
2021.11.17 01:31:09.180,1.13263,1.13267,0.75,1.01
2021.11.17 01:31:10.009,1.13263,1.13265,0.75,0.10
2021.11.17 01:31:10.110,1.13263,1.13266,0.75,0.26
2021.11.17 01:31:17.196,1.13264,1.13267,0.75,0.64
2021.11.17 01:31:23.681,1.13263,1.13267,0.75,2.14
2021.11.17 01:31:23.782,1.13261,1.13264,1.57,0.10
2021.11.17 01:31:24.086,1.13262,1.13264,0.75,0.10
2021.11.17 01:31:24.187,1.13262,1.13265,0.75,1.57
2021.11.17 01:31:25.145,1.13261,1.13264,1.12,1.57
2021.11.17 01:31:25.448,1.13261,1.13263,0.75,0.45
2021.11.17 01:31:25.758,1.13261,1.13264,0.75,0.10
2021.11.17 01:31:26.646,1.13261,1.13262,0.75,0.37
2021.11.17 01:31:44.796,1.13262,1.13264,0.75,3.75
2021.11.17 01:31:44.898,1.13263,1.13266,0.75,0.52
2021.11.17 01:31:45.000,1.13264,1.13267,0.75,9.07
2021.11.17 01:31:45.101,1.13264,1.13268,0.75,0.82
2021.11.17 01:31:45.253,1.13266,1.13269,0.75,3.45
2021.11.17 01:31:46.397,1.13267,1.13269,0.75,0.82
2021.11.17 01:31:46.498,1.13267,1.1327,0.75,1.76
2021.11.17 01:31:47.606,1.13267,1.13268,0.75,0.45
2021.11.17 01:31:47.859,1.13265,1.13269,0.75,3.45
2021.11.17 01:31:48.011,1.13265,1.13268,0.75,0.10
2021.11.17 01:31:48.112,1.13265,1.13269,0.75,3.64
2021.11.17 01:31:48.214,1.13265,1.13268,0.75,0.82
2021.11.17 01:31:51.881,1.13264,1.13268,0.75,1.39
2021.11.17 01:32:01.632,1.13265,1.13266,0.75,0.75
2021.11.17 01:32:07.685,1.13263,1.13267,0.75,0.82
2021.11.17 01:32:07.786,1.13263,1.13264,1.20,0.75
2021.11.17 01:32:07.888,1.1326,1.13264,3.14,1.20
2021.11.17 01:32:08.040,1.1326,1.13263,0.75,0.75
2021.11.17 01:32:08.141,1.13259,1.13263,0.75,0.82
2021.11.17 01:32:11.393,1.13259,1.13262,0.75,0.75
2021.11.17 01:32:14.684,1.13258,1.13262,0.82,0.75
2021.11.17 01:32:35.011,1.13257,1.13261,1.20,0.75
2021.11.17 01:32:35.112,1.13257,1.13259,0.37,1.57
2021.11.17 01:32:35.214,1.13256,1.13258,0.75,2.14
2021.11.17 01:32:36.662,1.13255,1.13258,0.75,0.10
2021.11.17 01:32:40.890,1.13254,1.13258,0.75,1.20
2021.11.17 01:32:45.299,1.13253,1.13257,0.82,0.75
2021.11.17 01:32:48.067,1.13251,1.13254,1.20,2.25
2021.11.17 01:32:48.219,1.1325,1.13254,1.50,2.25
2021.11.17 01:32:52.918,1.13249,1.13253,0.75,0.75
2021.11.17 01:33:00.045,1.13249,1.13252,1.50,0.75
2021.11.17 01:33:01.559,1.13248,1.13252,3.07,0.75
2021.11.17 01:33:06.255,1.13249,1.13252,1.50,0.75
2021.11.17 01:33:07.026,1.13248,1.1325,0.37,0.75
2021.11.17 01:33:07.430,1.13248,1.13249,0.37,0.75
2021.11.17 01:33:07.964,1.13247,1.13249,0.37,0.75
2021.11.17 01:33:08.065,1.13246,1.13249,0.75,0.75
2021.11.17 01:33:09.996,1.13245,1.13249,1.20,0.75
2021.11.17 01:33:10.222,1.13245,1.13248,1.12,0.75
2021.11.17 01:33:10.323,1.13244,1.13247,1.20,0.75
2021.11.17 01:33:10.425,1.13243,1.13247,0.82,0.75
2021.11.17 01:33:10.526,1.13243,1.13246,0.75,0.75
2021.11.17 01:33:10.728,1.13242,1.13245,0.82,0.75
2021.11.17 01:33:10.931,1.13241,1.13245,0.75,1.01
2021.11.17 01:33:11.032,1.13241,1.13244,0.75,0.45
2021.11.17 01:33:11.133,1.13241,1.13245,0.75,1.39
2021.11.17 01:33:12.842,1.1324,1.13244,1.20,0.75
2021.11.17 01:33:20.766,1.13241,1.13245,1.20,0.75
2021.11.17 01:33:21.119,1.13242,1.13245,0.75,0.75
2021.11.17 01:33:21.220,1.13242,1.13246,1.95,0.75
2021.11.17 01:33:24.397,1.13244,1.13245,0.75,0.75
2021.11.17 01:33:25.635,1.13242,1.13246,0.75,0.82
2021.11.17 01:33:26.408,1.13241,1.13245,1.57,0.75
2021.11.17 01:33:28.214,1.1324,1.13244,0.82,0.75
2021.11.17 01:33:37.233,1.13241,1.13245,0.82,0.75
2021.11.17 01:33:37.334,1.1324,1.13244,3.82,0.75
2021.11.17 01:33:37.536,1.13239,1.13243,1.57,0.75
2021.11.17 01:33:38.482,1.1324,1.13243,0.75,0.75
2021.11.17 01:33:44.292,1.13239,1.13243,1.12,0.82
2021.11.17 01:33:44.444,1.13238,1.13242,1.20,0.75
2021.11.17 01:33:44.891,1.13239,1.13242,0.75,0.75
2021.11.17 01:33:44.992,1.13238,1.13242,1.20,0.75
2021.11.17 01:33:45.093,1.13239,1.13242,1.12,0.75
2021.11.17 01:33:46.076,1.13238,1.13242,1.57,0.75
2021.11.17 01:33:49.430,1.13238,1.13241,0.75,0.10
2021.11.17 01:33:49.632,1.13238,1.13242,0.75,0.82
2021.11.17 01:33:52.910,1.13239,1.1324,0.75,0.75
2021.11.17 01:33:54.379,1.13239,1.13243,0.75,1.12
2021.11.17 01:33:54.785,1.13239,1.13242,0.75,0.75
2021.11.17 01:33:54.886,1.13239,1.13243,0.75,1.12
2021.11.17 01:33:57.533,1.1324,1.13244,0.75,0.75
2021.11.17 01:34:00.529,1.13242,1.13245,0.75,1.50
2021.11.17 01:34:00.681,1.13243,1.13246,0.75,0.75
2021.11.17 01:34:07.827,1.13244,1.13247,0.75,0.75
2021.11.17 01:34:10.968,1.13243,1.13247,0.75,2.62
2021.11.17 01:34:11.726,1.13243,1.13246,0.75,0.94
2021.11.17 01:34:11.827,1.13242,1.13245,0.75,0.75
2021.11.17 01:34:11.928,1.13241,1.13244,0.75,0.37
2021.11.17 01:34:12.484,1.1324,1.13244,0.75,1.87
2021.11.17 01:34:23.717,1.13239,1.13243,0.75,0.75
2021.11.17 01:34:23.819,1.13239,1.13242,0.75,0.75
2021.11.17 01:34:25.878,1.1324,1.13242,0.75,0.75
2021.11.17 01:34:28.098,1.13239,1.13242,0.75,0.75
2021.11.17 01:34:28.655,1.1324,1.13242,0.75,0.75
2021.11.17 01:34:28.807,1.13239,1.13242,0.75,0.75
2021.11.17 01:34:29.009,1.1324,1.13242,0.75,0.75
2021.11.17 01:34:29.110,1.13239,1.13242,0.75,0.75
2021.11.17 01:34:30.345,1.13239,1.13243,0.75,2.06
2021.11.17 01:34:37.382,1.13241,1.13243,0.75,1.87
2021.11.17 01:34:40.244,1.13241,1.13244,0.75,0.75
2021.11.17 01:34:40.346,1.13241,1.13245,0.75,3.00
2021.11.17 01:34:47.706,1.1324,1.13244,1.50,1.12
2021.11.17 01:34:55.539,1.1324,1.13243,0.75,1.31
2021.11.17 01:34:58.929,1.13239,1.13243,0.75,1.31
2021.11.17 01:35:04.870,1.1324,1.13244,0.75,1.87
2021.11.17 01:35:05.765,1.1324,1.13243,0.75,0.75
2021.11.17 01:35:06.850,1.13242,1.13245,0.75,4.50
2021.11.17 01:35:07.003,1.13242,1.13246,0.75,1.39
2021.11.17 01:35:07.753,1.13244,1.13247,0.75,0.75
2021.11.17 01:35:09.573,1.13244,1.13248,1.20,0.75
2021.11.17 01:35:13.938,1.13245,1.13249,0.75,0.75
2021.11.17 01:35:15.944,1.13246,1.13249,0.75,0.75
2021.11.17 01:35:26.969,1.13247,1.1325,0.75,3.00
2021.11.17 01:35:27.070,1.13247,1.13251,0.75,1.50
2021.11.17 01:35:27.172,1.13248,1.13251,0.75,0.75
2021.11.17 01:35:41.812,1.13248,1.13252,0.75,1.50
2021.11.17 01:36:10.971,1.13249,1.13252,0.75,0.10
2021.11.17 01:36:18.798,1.13249,1.13253,0.75,1.20
2021.11.17 01:36:23.887,1.13249,1.13252,0.75,0.10
2021.11.17 01:36:32.122,1.13249,1.13253,0.75,4.20
2021.11.17 01:36:44.847,1.1325,1.13253,0.37,0.75
2021.11.17 01:36:44.948,1.13252,1.13255,0.75,0.82
2021.11.17 01:36:46.434,1.13251,1.13255,0.75,0.82
2021.11.17 01:36:56.880,1.13251,1.13254,0.75,1.20
2021.11.17 01:36:57.899,1.13251,1.13255,0.75,1.20
2021.11.17 01:36:58.000,1.13252,1.13254,0.75,1.20
2021.11.17 01:37:05.165,1.13253,1.13256,0.75,1.57
2021.11.17 01:37:11.635,1.13253,1.13255,0.75,0.10
2021.11.17 01:37:12.817,1.13253,1.13256,0.75,3.26
2021.11.17 01:37:16.141,1.13253,1.13255,0.75,0.10
2021.11.17 01:37:34.377,1.13254,1.13256,0.75,0.10
2021.11.17 01:37:34.478,1.13256,1.13258,0.75,0.10
2021.11.17 01:37:34.580,1.13256,1.13259,0.75,0.45
2021.11.17 01:37:35.629,1.13257,1.13259,0.75,0.45
2021.11.17 01:37:36.368,1.13256,1.13259,0.75,0.45
2021.11.17 01:37:37.414,1.13255,1.13258,0.75,0.45
2021.11.17 01:37:37.566,1.13255,1.13257,0.75,0.10
2021.11.17 01:37:38.060,1.13254,1.13257,0.75,0.26
2021.11.17 01:37:41.629,1.13255,1.13257,0.75,0.10
2021.11.17 01:37:59.274,1.13256,1.13259,0.75,0.45
2021.11.17 01:37:59.426,1.13258,1.1326,0.75,2.56
2021.11.17 01:37:59.527,1.13258,1.13261,0.75,0.10
2021.11.17 01:38:02.522,1.13256,1.13259,1.57,0.10
2021.11.17 01:38:05.429,1.13255,1.13258,0.75,0.45
2021.11.17 01:38:06.351,1.13255,1.13257,0.75,0.10
2021.11.17 01:38:09.334,1.13254,1.13257,0.75,0.10
2021.11.17 01:38:10.132,1.13253,1.13257,0.75,1.20
2021.11.17 01:38:15.596,1.13254,1.13257,0.75,0.10
2021.11.17 01:38:17.588,1.13254,1.13258,0.75,1.20
2021.11.17 01:38:18.197,1.13254,1.13257,0.75,0.10
2021.11.17 01:38:22.156,1.13253,1.13256,0.75,0.82
2021.11.17 01:38:22.257,1.13252,1.13256,0.75,0.82
2021.11.17 01:38:22.627,1.13253,1.13256,0.75,0.75
2021.11.17 01:38:22.728,1.13254,1.13257,0.75,0.75
2021.11.17 01:38:23.233,1.13254,1.13258,0.75,2.89
2021.11.17 01:38:25.049,1.13254,1.13257,0.75,0.37
2021.11.17 01:38:25.150,1.13252,1.13256,1.12,1.95
2021.11.17 01:38:25.352,1.13252,1.13255,1.12,2.62
2021.11.17 01:38:31.767,1.13252,1.13254,0.75,3.00
2021.11.17 01:38:35.006,1.13252,1.13253,0.75,2.25
2021.11.17 01:38:35.108,1.1325,1.13254,1.12,2.25
2021.11.17 01:38:36.683,1.13249,1.13253,0.75,1.87
2021.11.17 01:38:36.987,1.13249,1.13252,0.75,0.75
2021.11.17 01:38:37.088,1.13248,1.13252,0.75,0.75
2021.11.17 01:38:38.816,1.13249,1.13252,0.75,1.50
2021.11.17 01:39:01.039,1.13248,1.13252,0.75,0.75
2021.11.17 01:39:02.222,1.13246,1.1325,4.57,3.37
2021.11.17 01:39:02.323,1.13246,1.13249,3.07,0.37
2021.11.17 01:39:02.424,1.13246,1.1325,1.31,1.50
2021.11.17 01:39:02.526,1.13247,1.13251,0.94,4.87
2021.11.17 01:39:02.728,1.1325,1.13251,0.75,0.75
2021.11.17 01:39:07.351,1.1325,1.13254,1.69,4.50
2021.11.17 01:39:07.453,1.13251,1.13254,0.75,0.75
2021.11.17 01:39:07.656,1.13251,1.13255,0.94,1.50
2021.11.17 01:39:10.601,1.13252,1.13255,0.19,0.75
2021.11.17 01:39:10.702,1.13252,1.13256,0.75,1.50
2021.11.17 01:39:10.804,1.13253,1.13256,0.75,0.75
2021.11.17 01:39:11.807,1.13253,1.13257,0.75,0.75
2021.11.17 01:39:12.057,1.13254,1.13257,0.75,0.75
2021.11.17 01:39:12.209,1.13253,1.13257,0.75,0.75
2021.11.17 01:39:16.395,1.13252,1.13256,2.69,0.75
2021.11.17 01:39:16.497,1.13251,1.13255,1.76,0.75
2021.11.17 01:39:19.057,1.1325,1.13254,3.63,1.87
2021.11.17 01:39:19.209,1.13251,1.13255,0.75,3.00
2021.11.17 01:39:19.462,1.13253,1.13256,0.82,0.75
2021.11.17 01:39:21.148,1.13253,1.13257,0.82,0.75
2021.11.17 01:39:27.747,1.13255,1.13256,0.75,0.75
2021.11.17 01:39:28.263,1.13254,1.13258,0.82,0.75
2021.11.17 01:39:45.898,1.13253,1.13257,0.75,0.75
2021.11.17 01:39:47.282,1.13252,1.13255,0.75,0.75
2021.11.17 01:39:52.572,1.1325,1.13254,1.31,1.12
2021.11.17 01:39:52.854,1.13251,1.13255,0.75,1.87
2021.11.17 01:39:55.305,1.13251,1.13254,0.75,0.37
2021.11.17 01:39:57.017,1.1325,1.13254,0.75,1.50
2021.11.17 01:40:01.791,1.1325,1.13253,0.75,1.50
2021.11.17 01:40:01.892,1.1325,1.13254,0.75,1.50
2021.11.17 01:40:22.896,1.13251,1.13255,0.75,0.75
2021.11.17 01:40:23.048,1.13252,1.13255,0.75,0.75
2021.11.17 01:40:25.053,1.13251,1.13255,1.12,3.00
2021.11.17 01:40:25.306,1.13252,1.13255,0.75,0.75
2021.11.17 01:40:27.344,1.13253,1.13256,0.75,0.75
2021.11.17 01:40:30.499,1.13252,1.13255,0.75,0.75
2021.11.17 01:40:32.716,1.13251,1.13254,0.75,0.75
2021.11.17 01:40:32.918,1.13252,1.13255,0.75,0.75
2021.11.17 01:40:33.121,1.13252,1.13256,0.75,1.57
2021.11.17 01:40:34.822,1.13251,1.13254,0.75,0.75
2021.11.17 01:40:47.506,1.13251,1.13255,3.64,0.75
2021.11.17 01:40:47.607,1.13253,1.13256,0.75,0.75
2021.11.17 01:40:48.136,1.13253,1.13257,0.75,0.75
2021.11.17 01:40:49.001,1.13252,1.13255,0.37,2.25
2021.11.17 01:40:49.701,1.13254,1.13255,0.75,0.75
2021.11.17 01:40:49.803,1.13254,1.13257,0.75,0.75
2021.11.17 01:40:55.756,1.13252,1.13254,0.37,1.12
2021.11.17 01:40:55.958,1.13252,1.13255,0.37,0.75
2021.11.17 01:40:56.955,1.13251,1.13255,1.50,0.75
2021.11.17 01:40:57.636,1.13252,1.13255,0.94,0.75
2021.11.17 01:40:57.737,1.13253,1.13256,1.12,0.75
2021.11.17 01:40:58.141,1.13254,1.13257,0.75,0.75
2021.11.17 01:41:09.750,1.13255,1.13258,0.75,0.75
2021.11.17 01:41:11.520,1.13254,1.13257,0.75,0.10
2021.11.17 01:41:12.050,1.13254,1.13258,0.75,0.82
2021.11.17 01:41:20.444,1.13255,1.13258,0.75,0.82
2021.11.17 01:41:24.694,1.13255,1.13259,1.12,0.82
2021.11.17 01:41:24.795,1.13257,1.13258,0.75,0.10
2021.11.17 01:41:24.896,1.13256,1.1326,1.12,0.82
2021.11.17 01:41:25.099,1.13256,1.13259,0.75,0.82
2021.11.17 01:41:28.420,1.13255,1.13259,0.75,1.95
2021.11.17 01:41:28.523,1.13255,1.13258,0.75,0.10
2021.11.17 01:41:29.181,1.13253,1.13255,1.94,1.57
2021.11.17 01:41:29.283,1.13252,1.13255,0.75,1.57
2021.11.17 01:41:33.612,1.13253,1.13256,0.75,0.82
2021.11.17 01:41:35.565,1.13251,1.13255,1.95,2.25
2021.11.17 01:41:35.666,1.13251,1.13254,1.12,0.10
2021.11.17 01:41:35.818,1.13251,1.13252,0.75,0.75
2021.11.17 01:41:35.920,1.13251,1.13254,0.75,1.95
2021.11.17 01:41:38.566,1.1325,1.13253,0.75,2.51
2021.11.17 01:41:38.617,1.13248,1.1325,1.94,2.32
2021.11.17 01:41:38.668,1.13246,1.13249,1.12,1.50
2021.11.17 01:41:39.788,1.13245,1.13249,0.75,1.95
2021.11.17 01:41:40.068,1.13245,1.13246,0.75,0.82
2021.11.17 01:41:52.314,1.13241,1.13245,3.82,1.57
2021.11.17 01:41:52.465,1.13242,1.13245,0.75,0.82
2021.11.17 01:41:52.566,1.13241,1.13245,0.75,0.82
2021.11.17 01:41:53.361,1.13241,1.13244,0.75,1.95
2021.11.17 01:41:53.463,1.1324,1.13243,0.75,0.82
2021.11.17 01:41:56.216,1.13239,1.13242,0.75,0.82
2021.11.17 01:41:58.344,1.13239,1.1324,0.75,0.10
2021.11.17 01:41:59.223,1.13238,1.13242,0.75,1.57
2021.11.17 01:41:59.378,1.13238,1.13241,0.75,0.82
2021.11.17 01:42:00.239,1.1324,1.13243,0.94,0.82
2021.11.17 01:42:00.391,1.1324,1.13244,0.75,1.95
2021.11.17 01:42:01.067,1.13241,1.13244,0.75,0.82
2021.11.17 01:42:02.125,1.1324,1.13244,0.75,0.82
2021.11.17 01:42:02.604,1.13242,1.13243,0.75,0.82
2021.11.17 01:42:03.945,1.13241,1.13245,1.12,0.82
2021.11.17 01:42:04.200,1.13241,1.13244,0.75,0.82
2021.11.17 01:42:05.807,1.1324,1.13243,0.75,0.10
2021.11.17 01:42:06.478,1.1324,1.13242,0.75,0.10
2021.11.17 01:42:06.580,1.13239,1.13242,0.75,0.10
2021.11.17 01:42:09.958,1.13238,1.13241,0.75,0.82
2021.11.17 01:42:14.794,1.13236,1.13239,1.12,0.82
2021.11.17 01:42:14.895,1.13236,1.1324,0.75,2.32
2021.11.17 01:42:14.997,1.13237,1.1324,0.75,0.82
2021.11.17 01:42:15.168,1.13236,1.13239,0.75,0.45
2021.11.17 01:42:15.421,1.13237,1.1324,0.75,1.57
2021.11.17 01:42:17.886,1.13237,1.13241,1.12,1.57
2021.11.17 01:42:18.186,1.13237,1.1324,0.75,0.10
2021.11.17 01:42:20.331,1.13236,1.13239,0.75,1.20
2021.11.17 01:42:20.596,1.13235,1.13238,0.75,1.57
2021.11.17 01:42:20.798,1.13234,1.13237,0.75,0.10
2021.11.17 01:42:23.656,1.13232,1.13236,1.50,3.07
2021.11.17 01:42:23.758,1.13232,1.13235,0.75,0.10
2021.11.17 01:42:24.216,1.13232,1.13236,0.75,2.32
2021.11.17 01:42:24.983,1.13231,1.13234,0.75,0.82
2021.11.17 01:42:26.814,1.1323,1.13233,0.75,1.57
2021.11.17 01:42:26.917,1.13226,1.1323,0.75,2.70
2021.11.17 01:42:27.019,1.13227,1.1323,0.75,1.57
2021.11.17 01:42:27.426,1.13228,1.13231,1.12,0.75
2021.11.17 01:42:27.578,1.13229,1.13231,0.75,0.10
2021.11.17 01:42:27.629,1.13227,1.13231,1.12,0.82
2021.11.17 01:42:28.346,1.13227,1.1323,1.12,0.75
2021.11.17 01:42:29.825,1.13226,1.13229,1.50,0.10
2021.11.17 01:42:30.094,1.13227,1.1323,0.75,3.07
2021.11.17 01:42:30.551,1.13227,1.13231,1.12,1.20
2021.11.17 01:42:31.623,1.13227,1.1323,1.12,1.57
2021.11.17 01:42:32.159,1.13226,1.13229,0.75,0.75
2021.11.17 01:42:32.311,1.13226,1.1323,0.75,0.82
2021.11.17 01:42:33.658,1.13226,1.13229,0.75,1.20
2021.11.17 01:42:34.445,1.13226,1.1323,0.75,0.82
2021.11.17 01:42:35.668,1.13226,1.13229,0.75,0.82
2021.11.17 01:42:38.666,1.13225,1.13229,0.75,1.20
2021.11.17 01:42:41.985,1.13226,1.1323,2.89,0.75
2021.11.17 01:42:45.804,1.13228,1.13229,0.37,0.82
2021.11.17 01:42:47.033,1.13226,1.1323,2.89,0.75
2021.11.17 01:42:47.433,1.13227,1.1323,0.37,0.75
2021.11.17 01:42:50.569,1.13226,1.1323,2.62,0.82
2021.11.17 01:42:51.300,1.13227,1.1323,0.37,0.82
2021.11.17 01:42:52.554,1.13226,1.1323,1.95,0.75
2021.11.17 01:42:52.656,1.13227,1.1323,1.39,0.75
2021.11.17 01:42:52.757,1.1323,1.13232,0.19,0.10
2021.11.17 01:42:52.808,1.13228,1.13231,0.45,0.75
2021.11.17 01:42:52.859,1.1323,1.13233,0.75,1.20
2021.11.17 01:42:53.279,1.1323,1.13232,0.75,1.20
2021.11.17 01:42:53.851,1.13228,1.13232,1.12,0.82
2021.11.17 01:42:54.920,1.13229,1.13232,0.75,0.75
2021.11.17 01:43:02.036,1.13228,1.13231,1.12,0.75
2021.11.17 01:43:02.695,1.13228,1.13232,1.12,0.82
2021.11.17 01:43:03.689,1.13229,1.13232,0.75,0.75
2021.11.17 01:43:03.790,1.1323,1.13233,0.75,0.75
2021.11.17 01:43:05.221,1.1323,1.13231,0.75,0.75
2021.11.17 01:43:13.905,1.13228,1.13232,1.95,0.75
2021.11.17 01:43:14.157,1.13229,1.13232,0.75,0.75
2021.11.17 01:43:17.131,1.13229,1.13233,1.12,0.82
2021.11.17 01:43:18.770,1.1323,1.13234,2.14,0.75
2021.11.17 01:43:19.583,1.13231,1.13234,0.75,0.75
2021.11.17 01:43:20.269,1.1323,1.13233,0.75,0.75
2021.11.17 01:43:20.372,1.13229,1.13233,1.31,1.20
2021.11.17 01:43:29.154,1.1323,1.13231,0.75,0.75
2021.11.17 01:43:30.710,1.13228,1.13232,1.39,0.75
2021.11.17 01:43:32.200,1.13229,1.13232,0.37,0.75
2021.11.17 01:43:33.201,1.13228,1.13232,2.14,0.75
2021.11.17 01:43:33.353,1.1323,1.13234,1.20,0.75
2021.11.17 01:43:33.454,1.13231,1.13234,0.37,0.75
2021.11.17 01:43:33.606,1.13231,1.13233,1.12,0.82
2021.11.17 01:43:34.061,1.1323,1.13233,0.75,0.10
2021.11.17 01:43:34.162,1.1323,1.13234,0.75,0.82
2021.11.17 01:43:34.291,1.1323,1.13233,0.75,0.75
2021.11.17 01:43:34.960,1.1323,1.13231,0.75,0.75
2021.11.17 01:43:35.062,1.13228,1.13232,1.12,0.82
2021.11.17 01:43:35.547,1.13229,1.13232,0.75,0.82
2021.11.17 01:43:46.225,1.13228,1.13232,1.20,0.75
2021.11.17 01:43:50.953,1.1323,1.13233,1.12,0.75
2021.11.17 01:43:53.935,1.13229,1.13232,0.75,0.82
2021.11.17 01:44:00.813,1.13228,1.13232,2.32,0.75
2021.11.17 01:44:01.167,1.13229,1.13232,0.37,0.75
2021.11.17 01:44:01.270,1.13229,1.13233,2.14,1.50
2021.11.17 01:44:01.371,1.1323,1.13233,0.37,0.75
2021.11.17 01:44:01.820,1.13229,1.13233,3.64,1.50
2021.11.17 01:44:04.812,1.13231,1.13235,1.12,4.88
2021.11.17 01:44:05.116,1.13233,1.13234,0.37,0.75
2021.11.17 01:44:06.885,1.13232,1.13236,3.56,1.57
2021.11.17 01:44:06.986,1.13232,1.13235,1.12,0.10
2021.11.17 01:44:10.739,1.13231,1.13234,1.87,0.10
2021.11.17 01:44:10.840,1.13231,1.13233,0.75,0.10
2021.11.17 01:44:11.093,1.1323,1.13233,1.31,0.10
2021.11.17 01:44:16.016,1.1323,1.13234,1.31,0.82
2021.11.17 01:44:16.176,1.1323,1.13233,1.31,0.10
2021.11.17 01:44:18.965,1.1323,1.13232,1.50,2.89
2021.11.17 01:44:19.016,1.13228,1.13231,4.19,0.10
2021.11.17 01:44:19.118,1.13227,1.13231,4.50,0.82
2021.11.17 01:44:20.492,1.13228,1.13231,0.75,0.82
2021.11.17 01:44:27.224,1.13228,1.13232,0.75,1.57
2021.11.17 01:44:28.176,1.13229,1.13233,0.75,0.82
2021.11.17 01:44:34.677,1.1323,1.13232,0.75,0.10
2021.11.17 01:44:34.779,1.1323,1.13233,0.75,1.57
2021.11.17 01:44:37.516,1.1323,1.13232,0.75,0.10
2021.11.17 01:44:39.298,1.13229,1.13232,0.75,0.10
2021.11.17 01:44:46.558,1.13228,1.13231,0.75,0.10
2021.11.17 01:44:46.659,1.13229,1.13231,0.75,0.10
2021.11.17 01:44:46.761,1.13228,1.13231,0.75,0.10
2021.11.17 01:44:47.790,1.13228,1.13232,0.75,1.57
2021.11.17 01:44:49.647,1.13229,1.13232,0.75,0.10
2021.11.17 01:44:55.606,1.13229,1.13233,0.75,2.70
2021.11.17 01:44:57.978,1.1323,1.13233,0.75,0.75
2021.11.17 01:44:58.661,1.13231,1.13234,0.75,1.57
2021.11.17 01:45:00.096,1.1323,1.13234,0.75,1.57
2021.11.17 01:45:01.657,1.1323,1.13232,0.75,0.82
2021.11.17 01:45:10.940,1.1323,1.13234,0.75,3.07
2021.11.17 01:45:13.247,1.1323,1.13233,0.75,0.37
2021.11.17 01:45:13.398,1.1323,1.13234,0.75,3.45
2021.11.17 01:45:18.670,1.1323,1.13233,0.75,0.10
2021.11.17 01:45:18.771,1.13229,1.13233,0.75,0.82
2021.11.17 01:45:27.477,1.13229,1.13232,0.75,0.10
2021.11.17 01:45:29.475,1.13229,1.13233,0.75,1.20
2021.11.17 01:45:38.907,1.13228,1.13232,0.75,2.32
2021.11.17 01:45:47.498,1.13228,1.13231,0.75,0.75
2021.11.17 01:45:49.578,1.13229,1.13232,0.75,0.75
2021.11.17 01:45:51.132,1.13228,1.13232,0.75,0.75
2021.11.17 01:46:09.416,1.13227,1.13231,1.50,1.76
2021.11.17 01:46:09.517,1.13226,1.1323,1.12,0.82
2021.11.17 01:46:11.220,1.13226,1.13229,0.75,0.10
2021.11.17 01:46:19.167,1.13227,1.1323,0.75,0.82
2021.11.17 01:46:19.929,1.13227,1.13231,0.75,0.82
2021.11.17 01:46:40.739,1.13228,1.13231,0.75,0.75
2021.11.17 01:46:40.840,1.13229,1.13233,1.50,1.20
2021.11.17 01:46:42.341,1.1323,1.13234,0.75,2.14
2021.11.17 01:46:46.004,1.1323,1.13233,0.75,0.75
2021.11.17 01:46:49.842,1.13231,1.13234,0.75,0.75
2021.11.17 01:46:49.944,1.1323,1.13234,0.75,1.95
2021.11.17 01:47:00.227,1.13231,1.13235,0.75,1.57
2021.11.17 01:47:14.637,1.13234,1.13237,0.75,3.52
2021.11.17 01:47:14.811,1.13233,1.13235,0.75,0.75
2021.11.17 01:47:14.912,1.13232,1.13235,0.75,0.75
2021.11.17 01:47:26.992,1.1323,1.13233,4.57,0.10
2021.11.17 01:47:27.144,1.13229,1.13232,1.12,1.76
2021.11.17 01:47:27.245,1.13229,1.13231,0.37,0.75
2021.11.17 01:47:27.296,1.13227,1.1323,0.75,0.82
2021.11.17 01:47:27.397,1.13228,1.1323,0.37,1.57
2021.11.17 01:47:27.448,1.13227,1.13229,0.75,1.76
2021.11.17 01:47:35.691,1.13227,1.1323,0.75,0.75
2021.11.17 01:47:35.792,1.13228,1.13232,0.75,3.82
2021.11.17 01:47:40.671,1.13231,1.13233,0.75,2.25
2021.11.17 01:47:40.772,1.13231,1.13234,0.75,0.75
2021.11.17 01:47:49.013,1.13231,1.13235,0.75,0.75
2021.11.17 01:47:49.115,1.13232,1.13235,0.75,0.75
2021.11.17 01:47:52.849,1.13231,1.13235,0.75,0.82
2021.11.17 01:47:57.919,1.13232,1.13235,1.50,0.75
2021.11.17 01:47:59.106,1.13231,1.13235,1.50,0.82
2021.11.17 01:48:04.582,1.13231,1.13234,0.75,0.82
2021.11.17 01:48:04.684,1.1323,1.13233,0.75,0.75
2021.11.17 01:48:04.786,1.13229,1.13232,0.75,0.75
2021.11.17 01:48:04.887,1.13228,1.13232,1.50,0.75
2021.11.17 01:48:06.373,1.13227,1.13231,0.75,0.75
2021.11.17 01:48:15.249,1.13229,1.13232,0.75,0.75
2021.11.17 01:48:16.697,1.1323,1.13233,0.75,0.75
2021.11.17 01:48:16.799,1.13231,1.13234,0.75,3.38
2021.11.17 01:48:20.327,1.13231,1.13235,0.75,1.76
2021.11.17 01:48:21.627,1.13229,1.13232,4.27,1.50
2021.11.17 01:48:21.728,1.1323,1.13233,0.75,0.10
2021.11.17 01:48:21.830,1.1323,1.13234,0.75,1.95
2021.11.17 01:48:21.982,1.13231,1.13234,0.75,0.82
2021.11.17 01:48:22.235,1.13231,1.13235,0.75,1.20
2021.11.17 01:48:22.698,1.13229,1.13232,2.32,1.50
2021.11.17 01:48:22.799,1.1323,1.13233,0.75,1.20
2021.11.17 01:48:24.699,1.1323,1.13234,0.75,0.82
2021.11.17 01:48:25.578,1.1323,1.13233,0.75,0.75
2021.11.17 01:48:25.680,1.13229,1.13233,0.75,1.12
2021.11.17 01:48:31.111,1.1323,1.13231,1.69,0.75
2021.11.17 01:48:31.212,1.1323,1.13233,0.75,0.75
2021.11.17 01:48:31.313,1.13231,1.13234,0.75,0.82
2021.11.17 01:48:31.819,1.13232,1.13236,0.75,2.14
2021.11.17 01:48:31.984,1.13232,1.13235,0.75,0.10
2021.11.17 01:48:32.903,1.13232,1.13236,0.75,3.64
2021.11.17 01:48:33.668,1.13232,1.13235,0.75,0.10
2021.11.17 01:48:34.606,1.13232,1.13236,0.75,2.51
2021.11.17 01:48:35.541,1.13231,1.13235,0.75,2.89
2021.11.17 01:48:35.642,1.13232,1.13235,0.75,3.26
2021.11.17 01:48:38.006,1.13231,1.13234,0.75,1.39
2021.11.17 01:48:38.107,1.1323,1.13233,0.75,0.10
2021.11.17 01:48:38.259,1.13229,1.13233,0.75,1.95
2021.11.17 01:48:38.361,1.13229,1.13232,0.75,0.82
2021.11.17 01:48:38.847,1.13228,1.13232,0.75,2.14
2021.11.17 01:48:45.125,1.13229,1.13233,0.75,2.70
2021.11.17 01:48:46.159,1.13229,1.13232,0.75,0.10
2021.11.17 01:48:51.739,1.13228,1.13232,0.75,1.95
2021.11.17 01:49:00.911,1.13229,1.1323,0.75,0.75
2021.11.17 01:49:07.748,1.13227,1.13231,0.75,0.82
2021.11.17 01:49:08.331,1.13228,1.13231,0.75,0.82
2021.11.17 01:49:16.655,1.1323,1.13232,0.75,0.75
2021.11.17 01:49:16.706,1.13231,1.13234,0.75,2.56
2021.11.17 01:49:16.808,1.13232,1.13234,0.75,9.41
2021.11.17 01:49:18.835,1.13232,1.13236,0.75,7.27
2021.11.17 01:49:18.987,1.13236,1.13238,0.75,2.70
2021.11.17 01:49:19.089,1.13235,1.13239,0.75,6.90
2021.11.17 01:49:19.191,1.13237,1.13241,0.75,8.96
2021.11.17 01:49:21.039,1.13238,1.13242,0.75,8.40
2021.11.17 01:49:21.140,1.13239,1.13242,0.75,6.52
2021.11.17 01:49:21.815,1.13238,1.13241,0.75,6.45
2021.11.17 01:49:22.549,1.13238,1.13242,0.75,8.10
2021.11.17 01:49:36.106,1.13238,1.13241,0.75,6.45
2021.11.17 01:49:46.010,1.13237,1.13241,1.57,6.45
2021.11.17 01:49:46.112,1.13237,1.1324,0.75,6.71
2021.11.17 01:49:46.213,1.13236,1.1324,0.75,7.65
2021.11.17 01:49:47.081,1.13237,1.13241,0.75,9.71
2021.11.17 01:49:47.335,1.13237,1.13239,1.50,6.52
2021.11.17 01:49:53.679,1.13237,1.13241,0.75,4.46
2021.11.17 01:49:55.354,1.13237,1.1324,0.75,0.75
2021.11.17 01:49:56.604,1.13236,1.13239,0.75,0.82
2021.11.17 01:49:56.706,1.13235,1.13239,2.69,5.14
2021.11.17 01:49:56.808,1.13236,1.13237,0.75,0.75
2021.11.17 01:49:57.706,1.13236,1.13239,0.75,3.07
2021.11.17 01:49:58.276,1.13237,1.1324,0.75,0.75
2021.11.17 01:50:01.931,1.13236,1.1324,0.75,1.01
2021.11.17 01:50:02.034,1.13236,1.13239,0.75,0.10
2021.11.17 01:50:02.135,1.13235,1.13238,0.75,0.75
2021.11.17 01:50:02.557,1.13236,1.13239,0.75,0.82
2021.11.17 01:50:09.117,1.13237,1.13239,0.75,3.64
2021.11.17 01:50:10.550,1.13235,1.13238,0.75,0.75
2021.11.17 01:50:11.527,1.13234,1.13237,0.75,0.75
2021.11.17 01:50:12.419,1.13233,1.13237,0.75,1.50
2021.11.17 01:50:12.520,1.13234,1.13237,0.75,1.50
2021.11.17 01:50:13.471,1.13233,1.13237,1.01,1.50
2021.11.17 01:50:15.780,1.13234,1.13237,0.75,1.50
2021.11.17 01:50:16.940,1.13233,1.13237,0.75,1.50
2021.11.17 01:50:18.361,1.13234,1.13237,0.75,0.75
2021.11.17 01:50:18.462,1.13236,1.1324,0.75,3.45
2021.11.17 01:50:18.564,1.13237,1.1324,0.75,0.75
2021.11.17 01:50:19.591,1.13236,1.1324,1.20,0.75
2021.11.17 01:50:21.230,1.13237,1.1324,0.75,0.75
2021.11.17 01:50:21.432,1.13236,1.1324,1.39,0.75
2021.11.17 01:50:21.534,1.13237,1.1324,0.75,0.75
2021.11.17 01:50:22.089,1.13236,1.1324,1.39,0.75
2021.11.17 01:50:22.990,1.13237,1.1324,0.75,0.75
2021.11.17 01:50:24.636,1.13235,1.13239,3.44,0.75
2021.11.17 01:50:24.737,1.13236,1.13239,0.75,0.75
2021.11.17 01:50:26.497,1.13237,1.13239,0.75,0.75
2021.11.17 01:50:26.750,1.13236,1.13239,1.12,0.75
2021.11.17 01:50:28.874,1.13236,1.1324,1.01,0.75
2021.11.17 01:50:35.107,1.13237,1.1324,0.75,0.75
2021.11.17 01:50:37.600,1.13238,1.13241,0.75,0.75
2021.11.17 01:50:42.789,1.13238,1.13242,0.75,0.75
2021.11.17 01:50:42.840,1.1324,1.13243,0.75,0.75
2021.11.17 01:50:42.942,1.1324,1.13244,0.75,3.00
2021.11.17 01:50:43.543,1.1324,1.13243,0.75,0.75
2021.11.17 01:50:45.762,1.13239,1.13243,0.75,1.95
2021.11.17 01:50:49.939,1.13239,1.13242,0.75,0.75
2021.11.17 01:51:01.324,1.13238,1.13242,0.94,0.75
2021.11.17 01:51:25.316,1.13238,1.13241,1.01,0.75
2021.11.17 01:51:25.417,1.13238,1.13242,0.82,0.75
2021.11.17 01:51:41.717,1.13236,1.13239,2.69,0.75
2021.11.17 01:51:41.818,1.13235,1.13238,0.75,0.75
2021.11.17 01:51:41.919,1.13235,1.13239,0.75,0.75
2021.11.17 01:51:43.331,1.13236,1.1324,1.12,3.19
2021.11.17 01:51:43.432,1.13237,1.1324,0.75,0.75
2021.11.17 01:51:46.922,1.13237,1.13241,0.75,0.75
2021.11.17 01:51:47.607,1.13238,1.13242,0.75,1.50
2021.11.17 01:51:54.034,1.13238,1.13241,0.75,0.75
2021.11.17 01:51:55.549,1.13237,1.13241,0.75,1.50
2021.11.17 01:51:55.751,1.13236,1.1324,0.75,0.75
2021.11.17 01:52:04.384,1.13238,1.1324,0.75,0.75
2021.11.17 01:52:14.728,1.13237,1.1324,0.75,0.75
2021.11.17 01:52:14.830,1.13236,1.13239,1.50,0.75
2021.11.17 01:52:22.341,1.13234,1.13238,3.19,0.82
2021.11.17 01:52:27.267,1.13235,1.13239,0.94,0.82
2021.11.17 01:52:27.847,1.13236,1.13237,0.19,0.75
2021.11.17 01:52:30.058,1.13235,1.13239,1.31,0.82
2021.11.17 01:52:30.160,1.13236,1.1324,0.75,0.82
2021.11.17 01:52:32.007,1.13237,1.1324,0.75,0.75
2021.11.17 01:52:33.519,1.13237,1.13241,0.94,0.82
2021.11.17 01:52:34.406,1.13236,1.13239,0.75,0.75
2021.11.17 01:52:36.658,1.13235,1.13238,0.75,0.75
2021.11.17 01:52:36.759,1.13233,1.13237,0.75,0.82
2021.11.17 01:52:36.860,1.13233,1.13236,0.75,0.75
2021.11.17 01:52:36.911,1.13231,1.13235,1.12,0.82
2021.11.17 01:52:36.962,1.1323,1.13233,2.69,0.75
2021.11.17 01:52:37.114,1.13229,1.13233,0.75,0.82
2021.11.17 01:52:39.685,1.13229,1.13232,0.75,0.75
2021.11.17 01:52:40.758,1.13228,1.13231,0.75,0.75
2021.11.17 01:52:45.212,1.13227,1.13231,0.75,1.20
2021.11.17 01:52:45.313,1.13226,1.13229,1.94,0.82
2021.11.17 01:52:45.415,1.13225,1.13229,0.75,0.82
2021.11.17 01:52:47.790,1.13224,1.13228,1.87,0.82
2021.11.17 01:52:47.892,1.13225,1.13228,0.75,0.82
2021.11.17 01:52:48.136,1.13224,1.13228,1.50,0.82
2021.11.17 01:52:50.725,1.13225,1.13229,0.75,0.82
2021.11.17 01:52:52.696,1.13225,1.13228,0.75,0.82
2021.11.17 01:52:52.798,1.13224,1.13227,0.75,0.75
2021.11.17 01:52:53.285,1.13223,1.13227,0.75,0.75
2021.11.17 01:52:53.386,1.13222,1.13225,0.75,0.75
2021.11.17 01:52:53.488,1.13221,1.13225,0.75,0.75
2021.11.17 01:52:55.138,1.1322,1.13223,0.75,0.75
2021.11.17 01:52:55.239,1.13219,1.13223,2.62,0.75
2021.11.17 01:52:55.341,1.1322,1.13223,0.75,0.75
2021.11.17 01:52:56.888,1.13219,1.13223,1.50,0.75
2021.11.17 01:52:57.573,1.1322,1.13223,0.37,0.75
2021.11.17 01:52:57.675,1.13221,1.13223,1.12,0.82
2021.11.17 01:52:57.782,1.1322,1.13223,1.12,0.75
2021.11.17 01:52:58.148,1.1322,1.13224,1.12,0.82
2021.11.17 01:53:00.048,1.13221,1.13224,0.75,0.82
2021.11.17 01:53:00.201,1.13221,1.13225,0.75,1.57
2021.11.17 01:53:00.505,1.13221,1.13224,0.75,0.75
2021.11.17 01:53:01.323,1.1322,1.13224,0.75,0.82
2021.11.17 01:53:02.506,1.1322,1.13223,0.75,0.82
2021.11.17 01:53:02.609,1.13219,1.13222,0.75,0.75
2021.11.17 01:53:02.862,1.13218,1.13221,1.50,0.75
2021.11.17 01:53:07.568,1.13217,1.13221,1.69,0.82
2021.11.17 01:53:08.553,1.13216,1.1322,2.06,0.75
2021.11.17 01:53:09.359,1.13217,1.1322,0.94,0.75
2021.11.17 01:53:12.820,1.13219,1.1322,0.19,0.75
2021.11.17 01:53:12.921,1.13218,1.13221,0.94,0.75
2021.11.17 01:53:14.733,1.13217,1.1322,2.06,0.75
2021.11.17 01:53:15.087,1.13217,1.13221,2.06,0.75
2021.11.17 01:53:15.624,1.13217,1.1322,1.50,0.75
2021.11.17 01:53:19.010,1.13217,1.13221,0.75,0.82
2021.11.17 01:53:19.646,1.13218,1.13221,0.75,0.75
2021.11.17 01:53:20.385,1.13217,1.13221,1.69,0.75
2021.11.17 01:53:28.977,1.13218,1.13221,0.19,0.75
2021.11.17 01:53:29.028,1.13219,1.13223,2.06,0.82
2021.11.17 01:53:29.079,1.13221,1.13224,0.75,0.82
2021.11.17 01:53:29.388,1.1322,1.13224,0.75,0.75
2021.11.17 01:53:33.093,1.13221,1.13222,0.75,0.75
2021.11.17 01:53:34.494,1.1322,1.13224,0.75,0.82
2021.11.17 01:53:35.518,1.13221,1.13224,0.37,0.75
2021.11.17 01:53:35.619,1.1322,1.13224,1.87,0.75
2021.11.17 01:53:35.730,1.13222,1.13223,0.37,0.75
2021.11.17 01:53:35.832,1.13221,1.13225,1.12,1.57
2021.11.17 01:53:35.933,1.13222,1.13225,0.75,0.75
2021.11.17 01:53:52.302,1.13222,1.13226,1.69,0.82
2021.11.17 01:53:52.404,1.13224,1.13228,1.87,3.07
2021.11.17 01:53:52.606,1.13225,1.13228,0.75,0.10
2021.11.17 01:53:59.322,1.13225,1.13229,2.62,0.82
2021.11.17 01:53:59.423,1.13226,1.13229,0.75,0.82
2021.11.17 01:54:07.130,1.13226,1.13228,0.75,0.10
2021.11.17 01:54:07.231,1.13225,1.13227,0.75,0.10
2021.11.17 01:54:07.332,1.13224,1.13227,0.75,0.10
2021.11.17 01:54:11.137,1.13224,1.13226,0.75,0.10
2021.11.17 01:54:11.239,1.13223,1.13225,0.75,0.10
2021.11.17 01:54:11.291,1.13221,1.13224,2.69,0.10
2021.11.17 01:54:13.970,1.1322,1.13223,0.75,0.10
2021.11.17 01:54:14.353,1.13221,1.13223,0.75,0.10
2021.11.17 01:54:18.329,1.1322,1.13222,0.75,0.10
2021.11.17 01:54:18.481,1.13219,1.13221,0.75,0.10
2021.11.17 01:54:18.532,1.13218,1.1322,1.12,0.82
2021.11.17 01:54:18.633,1.13219,1.1322,0.75,0.82
2021.11.17 01:54:18.836,1.13218,1.13222,0.94,0.82
2021.11.17 01:54:18.938,1.1322,1.13222,0.75,0.10
2021.11.17 01:54:19.089,1.1322,1.13223,0.75,0.82
2021.11.17 01:54:19.342,1.13221,1.13223,0.75,0.10
2021.11.17 01:54:19.444,1.13221,1.13225,1.12,0.82
2021.11.17 01:54:19.545,1.13221,1.13224,0.75,0.10
2021.11.17 01:54:22.286,1.13222,1.13226,0.75,0.82
2021.11.17 01:54:22.488,1.13223,1.13226,0.75,0.10
2021.11.17 01:54:22.589,1.13223,1.13227,0.75,0.82
2021.11.17 01:54:25.155,1.13224,1.13227,0.75,0.82
2021.11.17 01:54:29.949,1.13224,1.13225,0.75,0.10
2021.11.17 01:54:30.050,1.13222,1.13226,0.75,0.82
2021.11.17 01:54:30.151,1.13222,1.13225,0.75,0.82
2021.11.17 01:54:30.253,1.13221,1.13225,1.50,0.82
2021.11.17 01:54:30.665,1.13221,1.13224,0.75,0.10
2021.11.17 01:54:30.766,1.13221,1.13225,1.12,0.82
2021.11.17 01:54:31.991,1.13221,1.13224,0.75,0.75
2021.11.17 01:54:32.881,1.13221,1.13225,1.12,0.82
2021.11.17 01:54:33.083,1.13222,1.13226,0.75,0.82
2021.11.17 01:54:34.231,1.13224,1.13225,0.75,0.82
2021.11.17 01:54:43.083,1.13223,1.13227,0.94,0.82
2021.11.17 01:54:48.087,1.13223,1.13226,0.75,0.75
2021.11.17 01:54:50.541,1.13225,1.13228,0.75,0.82
2021.11.17 01:54:51.057,1.13223,1.13227,1.50,0.82
2021.11.17 01:54:51.535,1.13224,1.13227,0.75,0.82
2021.11.17 01:54:58.368,1.13225,1.13228,1.12,0.75
2021.11.17 01:54:58.469,1.13227,1.13228,0.75,1.27
2021.11.17 01:54:58.621,1.13226,1.13227,1.50,0.82
2021.11.17 01:54:58.723,1.13224,1.13228,2.25,0.82
2021.11.17 01:54:58.824,1.13224,1.13227,0.75,0.82
2021.11.17 01:54:58.976,1.13223,1.13226,1.69,0.75
2021.11.17 01:55:00.733,1.13221,1.13224,0.75,0.82
2021.11.17 01:55:00.835,1.1322,1.13224,0.75,0.82
2021.11.17 01:55:00.936,1.1322,1.13223,0.75,0.82
2021.11.17 01:55:04.522,1.1322,1.13224,1.87,0.82
2021.11.17 01:55:04.675,1.13221,1.13224,1.12,0.82
2021.11.17 01:55:04.827,1.1322,1.13224,1.50,0.82
2021.11.17 01:55:08.046,1.13219,1.13223,1.69,0.82
2021.11.17 01:55:08.249,1.1322,1.13223,0.75,0.10
2021.11.17 01:55:08.967,1.1322,1.13224,0.75,0.82
2021.11.17 01:55:25.084,1.13219,1.13223,1.69,0.75
2021.11.17 01:55:27.824,1.13218,1.13222,0.75,0.82
2021.11.17 01:55:28.758,1.13217,1.13221,0.75,0.75
2021.11.17 01:55:29.349,1.13219,1.13222,1.50,0.75
2021.11.17 01:55:30.187,1.13219,1.13221,0.94,0.75
2021.11.17 01:55:34.778,1.13221,1.13223,0.75,2.25
2021.11.17 01:55:34.880,1.13221,1.13224,0.75,1.20
2021.11.17 01:55:36.366,1.13221,1.13225,0.75,3.07
2021.11.17 01:55:36.468,1.13222,1.13225,0.75,0.75
2021.11.17 01:55:38.991,1.13222,1.13226,0.75,0.75
2021.11.17 01:55:39.673,1.13223,1.13227,0.75,0.75
2021.11.17 01:55:56.957,1.13224,1.13228,0.75,0.75
2021.11.17 01:55:57.465,1.13226,1.1323,2.25,1.20
2021.11.17 01:56:00.888,1.13227,1.1323,0.75,0.75
2021.11.17 01:56:02.069,1.13226,1.1323,3.37,0.75
2021.11.17 01:56:02.965,1.13228,1.13229,0.75,0.75
2021.11.17 01:56:03.294,1.13226,1.1323,3.00,0.75
2021.11.17 01:56:03.910,1.13227,1.1323,0.75,0.75
2021.11.17 01:56:11.380,1.13226,1.1323,3.37,0.75
2021.11.17 01:56:11.632,1.13226,1.13229,0.75,0.75
2021.11.17 01:56:11.734,1.13225,1.13229,1.50,0.75
2021.11.17 01:56:11.835,1.13226,1.13227,0.75,0.75
2021.11.17 01:56:11.936,1.13224,1.13228,0.75,0.75
2021.11.17 01:56:12.468,1.13225,1.13228,1.12,0.75
2021.11.17 01:56:13.070,1.13224,1.13228,1.87,0.75
2021.11.17 01:56:13.400,1.13223,1.13225,0.75,0.75
2021.11.17 01:56:13.502,1.13222,1.13225,0.75,0.75
2021.11.17 01:56:13.603,1.13222,1.13226,1.87,0.82
2021.11.17 01:56:13.704,1.13222,1.13225,1.12,0.75
2021.11.17 01:56:13.805,1.13221,1.13225,3.00,0.75
2021.11.17 01:56:14.495,1.13222,1.13226,0.75,0.82
2021.11.17 01:56:14.607,1.13223,1.13226,1.12,0.82
2021.11.17 01:56:14.708,1.13223,1.13225,1.12,0.75
2021.11.17 01:56:14.759,1.13221,1.13225,3.00,0.75
2021.11.17 01:56:22.791,1.13223,1.13226,1.50,0.75
2021.11.17 01:56:22.943,1.13223,1.13227,1.50,0.75
2021.11.17 01:56:34.629,1.13226,1.13228,0.75,0.75
2021.11.17 01:56:34.730,1.13226,1.13229,0.75,0.75
2021.11.17 01:56:34.832,1.13226,1.1323,2.25,0.75
2021.11.17 01:56:38.055,1.13226,1.13229,1.87,0.75
2021.11.17 01:56:42.510,1.13226,1.1323,1.50,0.75
2021.11.17 01:56:47.720,1.13226,1.13229,2.62,0.75
2021.11.17 01:56:48.017,1.13225,1.13228,1.50,0.75
2021.11.17 01:56:48.169,1.13224,1.13227,0.75,0.75
2021.11.17 01:56:48.270,1.13223,1.13226,0.75,0.75
2021.11.17 01:56:48.321,1.13221,1.13225,2.25,0.75
2021.11.17 01:56:48.423,1.13221,1.13224,0.75,0.75
2021.11.17 01:56:50.771,1.13219,1.13222,2.25,0.75
2021.11.17 01:56:50.923,1.13219,1.13221,2.62,0.75
2021.11.17 01:56:57.548,1.1322,1.13224,0.75,0.82
2021.11.17 01:56:57.650,1.13221,1.13224,0.75,0.82
2021.11.17 01:56:59.578,1.1322,1.13223,0.75,0.75
2021.11.17 01:56:59.731,1.13219,1.13223,1.87,0.75
2021.11.17 01:56:59.933,1.1322,1.13224,0.75,0.82
2021.11.17 01:57:05.914,1.13219,1.13222,0.75,0.75
2021.11.17 01:57:06.066,1.13218,1.13222,0.75,0.75
2021.11.17 01:57:06.274,1.13219,1.13222,1.50,0.75
2021.11.17 01:57:07.059,1.1322,1.13223,0.75,0.75
2021.11.17 01:57:07.202,1.1322,1.13224,0.75,0.82
2021.11.17 01:57:10.644,1.13221,1.13225,0.75,0.75
2021.11.17 01:57:10.745,1.13223,1.13224,0.75,0.75
2021.11.17 01:57:11.250,1.13224,1.13225,0.75,0.75
2021.11.17 01:57:11.301,1.13225,1.13229,0.75,0.82
2021.11.17 01:57:16.896,1.13224,1.13228,0.75,0.82
2021.11.17 01:57:17.553,1.13225,1.13229,0.75,0.82
2021.11.17 01:57:25.691,1.13224,1.13228,0.75,0.75
2021.11.17 01:57:25.793,1.13225,1.13228,0.75,0.75
2021.11.17 01:57:25.995,1.13225,1.13229,0.75,0.82
2021.11.17 01:57:26.197,1.13226,1.1323,0.75,1.57
2021.11.17 01:57:26.298,1.13226,1.13229,0.75,0.75
2021.11.17 01:57:30.771,1.13225,1.13229,0.75,0.75
2021.11.17 01:57:35.592,1.13226,1.13229,0.75,0.75
2021.11.17 01:57:35.693,1.13226,1.1323,2.25,0.75
2021.11.17 01:57:38.307,1.13228,1.13229,0.19,0.75
2021.11.17 01:57:39.303,1.13226,1.1323,3.00,0.75
2021.11.17 01:57:39.461,1.13227,1.1323,0.19,0.75
2021.11.17 01:57:41.241,1.13226,1.13229,2.06,0.75
2021.11.17 01:57:41.393,1.13226,1.1323,1.31,0.75
2021.11.17 01:57:41.625,1.13227,1.1323,0.19,0.75
2021.11.17 01:57:43.891,1.13226,1.1323,4.01,0.75
2021.11.17 01:57:44.052,1.13227,1.1323,0.75,0.75
2021.11.17 01:57:44.195,1.13226,1.1323,3.56,0.75
2021.11.17 01:57:45.016,1.13227,1.1323,1.50,0.75
2021.11.17 01:57:45.117,1.13227,1.13231,1.50,0.75
2021.11.17 01:57:45.601,1.1323,1.13232,2.06,0.75
2021.11.17 01:57:45.752,1.1323,1.13231,0.94,0.75
2021.11.17 01:57:45.854,1.13229,1.13233,0.75,0.75
2021.11.17 01:57:46.208,1.13229,1.13232,0.75,0.75
2021.11.17 01:57:47.799,1.13227,1.13231,2.81,0.75
2021.11.17 01:57:59.856,1.13228,1.13232,0.75,0.82
2021.11.17 01:58:01.188,1.13231,1.13232,0.75,0.82
2021.11.17 01:58:03.727,1.13229,1.13232,0.75,0.75
2021.11.17 01:58:04.618,1.1323,1.13233,0.75,0.82
2021.11.17 01:58:06.168,1.1323,1.13234,0.75,1.20
2021.11.17 01:58:06.863,1.13229,1.13233,0.75,0.82
2021.11.17 01:58:07.817,1.13229,1.13232,0.75,0.75
2021.11.17 01:58:21.415,1.13228,1.13232,0.75,1.01
2021.11.17 01:58:24.322,1.13229,1.1323,0.75,0.75
2021.11.17 01:58:24.424,1.13227,1.1323,0.75,1.50
2021.11.17 01:58:24.676,1.13227,1.13231,0.75,0.82
2021.11.17 01:58:24.778,1.13229,1.13231,0.75,0.82
2021.11.17 01:58:24.879,1.13229,1.13232,0.75,0.82
2021.11.17 01:58:31.165,1.13227,1.13231,0.75,0.82
2021.11.17 01:58:35.568,1.13228,1.13231,0.75,0.82
2021.11.17 01:58:35.670,1.13229,1.13231,0.75,0.82
2021.11.17 01:58:38.817,1.13231,1.13235,0.75,3.52
2021.11.17 01:58:39.120,1.13232,1.13235,0.75,0.75
2021.11.17 01:58:40.384,1.13232,1.13236,0.75,0.82
2021.11.17 01:58:49.110,1.13233,1.13236,0.75,0.75
2021.11.17 01:58:49.212,1.13234,1.13238,0.75,0.75
2021.11.17 01:58:49.313,1.13235,1.13239,0.75,1.27
2021.11.17 01:58:50.258,1.13235,1.13238,0.75,0.82
2021.11.17 01:58:50.360,1.13234,1.13237,0.75,0.75
2021.11.17 01:58:50.873,1.13234,1.13238,0.75,1.39
2021.11.17 01:58:51.025,1.13234,1.13237,0.75,0.10
2021.11.17 01:59:02.563,1.13233,1.13236,0.75,0.82
2021.11.17 01:59:02.664,1.13232,1.13235,0.75,0.75
2021.11.17 01:59:04.543,1.13231,1.13234,0.75,1.20
2021.11.17 01:59:05.163,1.1323,1.13234,0.75,0.82
2021.11.17 01:59:05.366,1.13231,1.13234,0.75,0.75
2021.11.17 01:59:06.367,1.13231,1.13235,0.75,1.57
2021.11.17 01:59:06.468,1.13231,1.13234,0.75,0.75
2021.11.17 01:59:08.311,1.13231,1.13235,0.75,1.95
2021.11.17 01:59:11.760,1.13231,1.13234,0.75,0.75
2021.11.17 01:59:15.940,1.1323,1.13234,0.94,1.20
2021.11.17 01:59:16.142,1.13232,1.13233,0.75,0.82
2021.11.17 01:59:16.694,1.1323,1.13234,0.94,0.82
2021.11.17 01:59:16.795,1.1323,1.13233,0.75,1.12
2021.11.17 01:59:16.896,1.13229,1.13233,0.75,3.64
2021.11.17 01:59:16.998,1.13228,1.13231,0.75,0.82
2021.11.17 01:59:17.099,1.13227,1.1323,0.94,0.75
2021.11.17 01:59:17.201,1.13226,1.13229,2.06,0.75
2021.11.17 01:59:27.938,1.13224,1.13228,0.75,0.82
2021.11.17 01:59:28.040,1.13223,1.13227,0.75,0.75
2021.11.17 01:59:31.618,1.13225,1.13226,0.19,0.75
2021.11.17 01:59:31.727,1.13224,1.13228,1.69,0.75
2021.11.17 01:59:36.476,1.13224,1.13227,0.75,0.75
2021.11.17 01:59:39.108,1.13223,1.13226,1.69,0.75
2021.11.17 01:59:47.662,1.13226,1.13229,0.75,0.75
2021.11.17 01:59:49.552,1.13225,1.13229,1.69,0.75
2021.11.17 01:59:52.940,1.13225,1.13228,0.94,0.75
2021.11.17 01:59:53.738,1.13226,1.13228,0.94,0.75
2021.11.17 01:59:54.220,1.13227,1.13228,0.75,0.75
2021.11.17 01:59:56.253,1.13227,1.1323,0.94,0.75
2021.11.17 01:59:56.355,1.13228,1.1323,0.94,0.75
2021.11.17 01:59:56.406,1.13228,1.13232,1.69,0.75
2021.11.17 01:59:57.337,1.13229,1.13232,0.94,0.75
2021.11.17 01:59:57.438,1.1323,1.13233,0.94,0.75
2021.11.17 01:59:58.998,1.13229,1.13233,2.44,0.75
