2014.12.15 15:00:00.048,1.24287,1.2429,1.69,1.00
2014.12.15 15:00:00.352,1.24302,1.24306,2.25,1.69
2014.12.15 15:00:00.403,1.24303,1.24306,1.00,1.69
2014.12.15 15:00:00.809,1.24304,1.24306,1.87,1.00
2014.12.15 15:00:01.247,1.24302,1.24305,4.12,1.24
2014.12.15 15:00:01.351,1.243,1.24301,1.00,1.00
2014.12.15 15:00:01.402,1.24301,1.24305,1.00,4.99
2014.12.15 15:00:01.504,1.24303,1.24305,1.00,2.36
2014.12.15 15:00:01.808,1.24303,1.24307,2.51,1.37
2014.12.15 15:00:02.264,1.24305,1.24309,1.69,1.62
2014.12.15 15:00:03.226,1.24307,1.24309,1.00,1.00
2014.12.15 15:00:03.378,1.24305,1.24309,1.00,1.56
2014.12.15 15:00:03.884,1.24304,1.24309,3.19,2.44
2014.12.15 15:00:04.389,1.24305,1.24309,1.00,1.69
2014.12.15 15:00:04.592,1.24305,1.24309,1.00,1.31
2014.12.15 15:00:05.148,1.24305,1.24307,1.00,1.00
2014.12.15 15:00:05.401,1.24306,1.24309,1.00,1.00
2014.12.15 15:00:06.412,1.24306,1.2431,1.00,2.89
2014.12.15 15:00:06.917,1.24306,1.2431,1.50,2.14
2014.12.15 15:00:07.625,1.24305,1.2431,2.25,2.14
2014.12.15 15:00:07.878,1.24307,1.2431,1.00,1.39
2014.12.15 15:00:08.385,1.24306,1.24311,1.00,3.64
2014.12.15 15:00:08.892,1.24307,1.24311,1.00,2.81
2014.12.15 15:00:09.196,1.24305,1.2431,7.76,2.06
2014.12.15 15:00:09.716,1.24305,1.24309,7.01,1.25
2014.12.15 15:00:10.228,1.24305,1.24308,1.00,1.00
2014.12.15 15:00:10.379,1.24304,1.24308,1.50,2.81
2014.12.15 15:00:10.884,1.24305,1.24306,1.50,1.00
2014.12.15 15:00:11.036,1.24305,1.24309,1.00,1.76
2014.12.15 15:00:11.137,1.24305,1.24309,1.00,2.51
2014.12.15 15:00:11.290,1.24303,1.24306,2.44,1.50
2014.12.15 15:00:11.651,1.24305,1.24306,1.00,1.12
2014.12.15 15:00:11.904,1.24308,1.24309,3.75,1.00
2014.12.15 15:00:12.056,1.24304,1.24305,3.30,1.00
2014.12.15 15:00:12.107,1.24305,1.24306,2.25,2.25
2014.12.15 15:00:12.613,1.24304,1.24306,1.00,1.25
2014.12.15 15:00:14.353,1.24304,1.24307,1.00,2.44
2014.12.15 15:00:15.904,1.24303,1.24307,4.69,1.00
2014.12.15 15:00:16.309,1.24307,1.24311,2.62,2.14
2014.12.15 15:00:16.718,1.24309,1.24313,1.37,3.94
2014.12.15 15:00:17.224,1.24309,1.24311,1.50,1.00
2014.12.15 15:00:17.592,1.24306,1.24307,1.00,1.00
2014.12.15 15:00:17.897,1.24304,1.24306,1.00,1.50
2014.12.15 15:00:18.100,1.24306,1.24308,1.00,1.87
2014.12.15 15:00:18.201,1.24307,1.24309,1.00,1.20
2014.12.15 15:00:18.253,1.24308,1.24312,1.42,3.00
2014.12.15 15:00:18.556,1.24308,1.2431,1.00,1.00
2014.12.15 15:00:19.214,1.24306,1.24309,1.37,1.00
2014.12.15 15:00:19.315,1.24305,1.24306,1.87,1.00
2014.12.15 15:00:19.719,1.24305,1.24308,1.12,2.25
2014.12.15 15:00:20.023,1.24307,1.2431,1.00,4.01
2014.12.15 15:00:20.326,1.24303,1.24306,1.75,1.00
2014.12.15 15:00:20.428,1.24302,1.24304,1.50,1.69
2014.12.15 15:00:20.884,1.243,1.24304,1.50,2.89
2014.12.15 15:00:20.935,1.243,1.24302,1.00,1.00
2014.12.15 15:00:21.238,1.243,1.24304,1.50,3.64
2014.12.15 15:00:21.390,1.24298,1.24299,1.00,1.00
2014.12.15 15:00:21.644,1.24295,1.24298,1.87,1.00
2014.12.15 15:00:22.149,1.24296,1.24297,1.00,1.00
2014.12.15 15:00:22.352,1.24292,1.24293,1.10,1.00
2014.12.15 15:00:22.453,1.24289,1.24291,2.25,1.57
2014.12.15 15:00:22.958,1.24288,1.24291,1.00,1.76
2014.12.15 15:00:23.939,1.24288,1.24291,1.00,2.14
2014.12.15 15:00:24.445,1.24285,1.24286,1.00,1.00
2014.12.15 15:00:24.748,1.24285,1.24288,1.00,1.57
2014.12.15 15:00:25.254,1.24286,1.2429,1.50,4.31
2014.12.15 15:00:25.760,1.24285,1.24287,1.50,1.00
2014.12.15 15:00:25.912,1.2428,1.24283,2.25,1.00
2014.12.15 15:00:25.962,1.24279,1.2428,1.50,1.00
2014.12.15 15:00:26.266,1.24283,1.24284,1.12,2.55
2014.12.15 15:00:26.417,1.24286,1.24288,1.00,1.00
2014.12.15 15:00:26.469,1.24286,1.2429,2.01,2.44
2014.12.15 15:00:27.277,1.24286,1.2429,1.45,1.12
2014.12.15 15:00:27.479,1.24288,1.24292,2.25,1.76
2014.12.15 15:00:27.531,1.24289,1.24292,1.87,1.39
2014.12.15 15:00:28.036,1.2429,1.24291,1.00,1.50
2014.12.15 15:00:28.339,1.2428,1.24281,1.50,1.00
2014.12.15 15:00:28.390,1.24278,1.2428,1.50,1.01
2014.12.15 15:00:28.795,1.2428,1.24281,1.00,1.50
2014.12.15 15:00:29.148,1.24278,1.24282,1.50,1.76
2014.12.15 15:00:29.502,1.24276,1.2428,2.44,1.00
2014.12.15 15:00:30.032,1.24276,1.2428,2.44,1.00
2014.12.15 15:00:30.549,1.24278,1.24281,1.00,1.00
2014.12.15 15:00:31.787,1.24278,1.24279,1.00,1.00
2014.12.15 15:00:32.293,1.24276,1.2428,1.31,1.57
2014.12.15 15:00:33.354,1.24278,1.2428,1.00,1.10
2014.12.15 15:00:33.658,1.24286,1.24287,1.50,1.00
2014.12.15 15:00:33.760,1.24286,1.24289,1.69,1.57
2014.12.15 15:00:34.266,1.24285,1.24288,4.01,1.00
2014.12.15 15:00:34.780,1.24285,1.24288,1.69,1.00
2014.12.15 15:00:35.285,1.24285,1.24287,2.44,1.00
2014.12.15 15:00:35.891,1.24285,1.24287,2.44,1.00
2014.12.15 15:00:37.311,1.24285,1.24287,1.31,1.00
2014.12.15 15:00:38.456,1.24286,1.24287,1.00,1.00
2014.12.15 15:00:38.961,1.24285,1.24288,5.36,1.00
2014.12.15 15:00:39.416,1.24285,1.24286,3.67,1.50
2014.12.15 15:00:39.720,1.24275,1.24277,6.75,1.10
2014.12.15 15:00:39.771,1.24275,1.24277,1.00,1.10
2014.12.15 15:00:39.823,1.24273,1.24277,1.25,1.20
2014.12.15 15:00:39.975,1.24272,1.24275,1.00,1.00
2014.12.15 15:00:40.481,1.2427,1.24275,3.56,5.62
2014.12.15 15:00:41.494,1.24273,1.24275,1.19,7.50
2014.12.15 15:00:41.697,1.24278,1.2428,2.02,1.57
2014.12.15 15:00:42.000,1.24278,1.2428,2.02,1.01
2014.12.15 15:00:42.505,1.24278,1.2428,2.02,1.12
2014.12.15 15:00:42.809,1.24277,1.2428,1.25,1.50
2014.12.15 15:00:43.314,1.24279,1.24281,1.12,2.25
2014.12.15 15:00:43.619,1.24279,1.24282,3.00,2.06
2014.12.15 15:00:43.721,1.24278,1.24281,1.00,1.19
2014.12.15 15:00:44.025,1.24276,1.24279,1.00,1.69
2014.12.15 15:00:44.530,1.24276,1.24278,1.00,1.00
2014.12.15 15:00:44.782,1.24277,1.24281,1.50,2.51
2014.12.15 15:00:44.984,1.24277,1.24279,1.00,2.81
2014.12.15 15:00:45.086,1.24272,1.24275,1.69,8.62
2014.12.15 15:00:45.640,1.24272,1.24274,1.12,1.00
2014.12.15 15:00:45.843,1.24274,1.24276,1.00,1.12
2014.12.15 15:00:45.893,1.24274,1.24277,1.12,1.12
2014.12.15 15:00:45.995,1.24275,1.24277,1.62,1.00
2014.12.15 15:00:46.298,1.24276,1.24279,1.00,1.00
2014.12.15 15:00:46.804,1.24276,1.24278,2.44,1.00
2014.12.15 15:00:47.311,1.24276,1.24277,1.25,1.00
2014.12.15 15:00:48.826,1.24276,1.24278,1.50,1.00
2014.12.15 15:00:49.383,1.24276,1.24277,1.50,1.00
2014.12.15 15:00:49.737,1.24278,1.2428,1.00,2.70
2014.12.15 15:00:50.040,1.24263,1.24264,4.50,1.00
2014.12.15 15:00:50.092,1.24261,1.24263,3.75,1.37
2014.12.15 15:00:50.143,1.24261,1.24262,1.00,1.12
2014.12.15 15:00:50.194,1.2426,1.24262,1.50,1.87
2014.12.15 15:00:50.248,1.24258,1.24259,3.37,1.00
2014.12.15 15:00:50.501,1.24255,1.24259,3.19,1.00
2014.12.15 15:00:50.603,1.24255,1.24256,1.50,1.00
2014.12.15 15:00:50.805,1.24257,1.2426,2.25,1.87
2014.12.15 15:00:50.856,1.24259,1.2426,1.00,1.50
2014.12.15 15:00:50.958,1.2426,1.24262,1.00,1.50
2014.12.15 15:00:51.262,1.24257,1.2426,1.69,1.00
2014.12.15 15:00:51.767,1.24258,1.2426,1.00,1.00
2014.12.15 15:00:52.275,1.24259,1.24261,1.00,2.25
2014.12.15 15:00:52.579,1.24257,1.24258,1.20,1.00
2014.12.15 15:00:52.782,1.24255,1.24257,2.06,1.00
2014.12.15 15:00:52.985,1.24257,1.24259,1.00,1.31
2014.12.15 15:00:53.136,1.24257,1.24259,1.00,1.00
2014.12.15 15:00:53.339,1.24256,1.24257,1.00,1.00
2014.12.15 15:00:53.642,1.24254,1.24257,2.06,1.50
2014.12.15 15:00:53.744,1.24255,1.24256,1.31,1.00
2014.12.15 15:00:54.250,1.24256,1.2426,1.50,3.19
2014.12.15 15:00:54.755,1.24256,1.2426,1.00,3.19
2014.12.15 15:00:55.210,1.24256,1.24257,1.50,1.00
2014.12.15 15:00:55.861,1.24255,1.24256,4.31,1.00
2014.12.15 15:00:56.064,1.24256,1.2426,1.50,2.44
2014.12.15 15:00:56.367,1.24265,1.24266,1.00,1.20
2014.12.15 15:00:56.418,1.24265,1.24267,2.25,1.10
2014.12.15 15:00:56.519,1.24267,1.24268,1.00,1.50
2014.12.15 15:00:58.187,1.24276,1.24277,1.00,1.00
2014.12.15 15:00:58.289,1.24276,1.2428,1.69,1.12
2014.12.15 15:00:58.390,1.24277,1.2428,1.37,1.00
2014.12.15 15:00:58.643,1.24278,1.24282,1.50,1.25
2014.12.15 15:00:58.947,1.2428,1.24283,1.00,1.00
2014.12.15 15:00:59.250,1.24283,1.24286,1.69,1.35
2014.12.15 15:00:59.552,1.2428,1.24282,1.00,1.50
2014.12.15 15:00:59.704,1.24278,1.24282,1.50,1.50
2014.12.15 15:01:00.058,1.24278,1.24279,1.00,1.00
2014.12.15 15:01:00.362,1.2428,1.24283,5.14,1.00
2014.12.15 15:01:00.715,1.24282,1.24285,1.37,11.99
2014.12.15 15:01:01.171,1.24285,1.24286,1.00,1.50
2014.12.15 15:01:01.274,1.24286,1.24288,1.87,1.00
2014.12.15 15:01:01.781,1.24289,1.24291,1.00,1.00
2014.12.15 15:01:01.933,1.24289,1.24292,4.91,1.87
2014.12.15 15:01:02.286,1.2429,1.24294,2.14,1.50
2014.12.15 15:01:02.993,1.2429,1.24294,1.76,1.50
2014.12.15 15:01:03.347,1.2429,1.24292,1.01,1.00
2014.12.15 15:01:03.600,1.2429,1.24291,1.00,1.00
2014.12.15 15:01:03.903,1.2429,1.24292,1.00,1.25
2014.12.15 15:01:04.409,1.24286,1.24287,1.57,1.00
2014.12.15 15:01:04.510,1.24284,1.24285,1.00,9.37
2014.12.15 15:01:04.561,1.24283,1.24285,1.37,8.25
2014.12.15 15:01:04.662,1.24283,1.24285,1.00,8.25
2014.12.15 15:01:06.777,1.24283,1.24285,4.50,3.00
2014.12.15 15:01:06.879,1.24284,1.24288,2.81,1.00
2014.12.15 15:01:07.386,1.24284,1.24288,1.00,1.69
2014.12.15 15:01:08.990,1.24284,1.24286,1.69,1.00
2014.12.15 15:01:09.091,1.24283,1.24284,1.12,1.50
2014.12.15 15:01:09.395,1.24272,1.24274,1.00,1.69
2014.12.15 15:01:09.901,1.24271,1.24275,3.56,7.50
2014.12.15 15:01:10.609,1.24272,1.24275,1.00,5.25
2014.12.15 15:01:11.220,1.24272,1.24275,1.37,5.25
2014.12.15 15:01:11.726,1.24274,1.24275,2.10,1.80
2014.12.15 15:01:11.827,1.24274,1.24277,4.16,1.00
2014.12.15 15:01:11.928,1.24276,1.24278,1.25,1.00
2014.12.15 15:01:12.131,1.24279,1.24283,2.25,1.00
2014.12.15 15:01:12.889,1.24278,1.24283,3.94,2.25
2014.12.15 15:01:12.940,1.24278,1.24281,3.00,1.00
2014.12.15 15:01:13.344,1.24276,1.2428,2.32,1.00
2014.12.15 15:01:13.799,1.24278,1.24281,1.12,1.12
2014.12.15 15:01:14.052,1.24278,1.24283,1.00,2.44
2014.12.15 15:01:14.154,1.24279,1.24281,1.00,1.00
2014.12.15 15:01:14.670,1.24279,1.24282,1.00,1.00
2014.12.15 15:01:14.974,1.24278,1.2428,1.50,1.00
2014.12.15 15:01:15.479,1.24278,1.24281,1.50,1.00
2014.12.15 15:01:16.014,1.24278,1.2428,1.50,1.00
2014.12.15 15:01:16.368,1.24278,1.2428,1.50,1.00
2014.12.15 15:01:16.469,1.24275,1.24276,1.10,6.75
2014.12.15 15:01:16.571,1.24272,1.24274,1.25,1.00
2014.12.15 15:01:16.622,1.24274,1.24275,1.00,1.12
2014.12.15 15:01:16.673,1.24274,1.24276,1.00,4.35
2014.12.15 15:01:16.875,1.24273,1.24274,1.00,1.00
2014.12.15 15:01:18.087,1.24271,1.24273,1.69,1.00
2014.12.15 15:01:18.643,1.24271,1.24273,1.00,1.00
2014.12.15 15:01:19.198,1.24271,1.24274,1.00,1.00
2014.12.15 15:01:19.736,1.2427,1.24271,1.00,1.00
2014.12.15 15:01:19.888,1.24269,1.24271,2.25,1.00
2014.12.15 15:01:19.989,1.24269,1.24272,1.50,1.25
2014.12.15 15:01:20.393,1.24269,1.2427,1.50,1.00
2014.12.15 15:01:21.201,1.24269,1.24271,2.25,1.00
2014.12.15 15:01:21.707,1.2427,1.24272,1.00,1.00
2014.12.15 15:01:21.758,1.24273,1.24275,1.50,3.30
2014.12.15 15:01:21.960,1.24279,1.24282,1.00,1.60
2014.12.15 15:01:22.514,1.24279,1.24283,1.25,3.94
2014.12.15 15:01:23.122,1.24281,1.24283,1.00,1.69
2014.12.15 15:01:23.274,1.24286,1.24287,1.50,1.00
2014.12.15 15:01:23.375,1.24286,1.24289,3.00,1.00
2014.12.15 15:01:23.679,1.24285,1.24286,1.00,1.00
2014.12.15 15:01:23.882,1.24283,1.24286,3.19,2.25
2014.12.15 15:01:24.387,1.24284,1.24287,7.35,1.00
2014.12.15 15:01:25.671,1.24284,1.24289,9.04,1.69
2014.12.15 15:01:25.823,1.24286,1.24289,1.00,1.00
2014.12.15 15:01:26.328,1.24286,1.2429,3.00,3.00
2014.12.15 15:01:26.833,1.24286,1.24289,1.50,1.00
2014.12.15 15:01:27.340,1.24287,1.24291,1.00,2.44
2014.12.15 15:01:27.493,1.2429,1.24292,1.00,2.62
2014.12.15 15:01:27.746,1.24297,1.243,1.00,1.50
2014.12.15 15:01:27.848,1.24295,1.24299,2.25,1.00
2014.12.15 15:01:28.354,1.24295,1.24298,1.50,1.69
2014.12.15 15:01:32.105,1.24295,1.24299,3.19,1.25
2014.12.15 15:01:32.660,1.24295,1.24298,3.56,1.00
2014.12.15 15:01:33.874,1.24295,1.24299,3.56,1.25
2014.12.15 15:01:34.985,1.24295,1.24298,2.06,1.00
2014.12.15 15:01:35.950,1.24295,1.24299,2.44,2.44
2014.12.15 15:01:37.213,1.24295,1.24299,2.25,2.44
2014.12.15 15:01:37.315,1.24294,1.24296,1.37,2.85
2014.12.15 15:01:37.618,1.24292,1.24293,1.00,2.62
2014.12.15 15:01:37.769,1.2429,1.24293,1.00,1.50
2014.12.15 15:01:38.073,1.24288,1.24289,2.25,1.00
2014.12.15 15:01:38.415,1.24282,1.24284,2.25,3.75
2014.12.15 15:01:38.466,1.2428,1.24284,1.50,4.69
2014.12.15 15:01:38.517,1.2428,1.24282,1.12,1.00
2014.12.15 15:01:38.618,1.24278,1.24282,1.00,1.50
2014.12.15 15:01:38.770,1.24277,1.2428,3.37,1.00
2014.12.15 15:01:39.074,1.2428,1.24282,1.87,1.00
2014.12.15 15:01:39.377,1.24277,1.2428,1.69,3.75
2014.12.15 15:01:39.428,1.24277,1.24278,1.00,1.00
2014.12.15 15:01:39.732,1.24274,1.24275,1.00,3.75
2014.12.15 15:01:40.237,1.24274,1.24275,4.16,3.00
2014.12.15 15:01:40.288,1.24276,1.24278,1.00,2.25
2014.12.15 15:01:40.693,1.24278,1.2428,1.00,4.57
2014.12.15 15:01:41.753,1.24278,1.24279,1.00,1.50
2014.12.15 15:01:44.122,1.24278,1.2428,1.50,1.00
2014.12.15 15:01:44.426,1.24282,1.24283,1.00,1.00
2014.12.15 15:01:44.476,1.24282,1.24285,1.12,6.86
2014.12.15 15:01:44.679,1.24284,1.24285,1.25,1.00
2014.12.15 15:01:44.780,1.24284,1.24287,3.19,1.00
2014.12.15 15:01:44.881,1.24284,1.24289,5.29,1.50
2014.12.15 15:01:45.387,1.24284,1.24288,5.81,1.00
2014.12.15 15:01:45.743,1.24287,1.24288,1.00,1.00
2014.12.15 15:01:46.249,1.24287,1.24289,1.00,1.00
2014.12.15 15:01:46.860,1.24288,1.2429,1.00,3.37
2014.12.15 15:01:48.526,1.24287,1.24288,1.50,1.00
2014.12.15 15:01:49.031,1.24287,1.24289,1.00,1.25
2014.12.15 15:01:49.562,1.24286,1.24289,1.50,1.69
2014.12.15 15:01:50.068,1.24286,1.24288,1.50,1.69
2014.12.15 15:01:51.483,1.24285,1.24286,1.00,1.00
2014.12.15 15:01:51.736,1.24286,1.24288,1.50,1.50
2014.12.15 15:01:51.888,1.24286,1.2429,1.50,1.87
2014.12.15 15:01:51.938,1.24289,1.24292,1.00,3.26
2014.12.15 15:01:52.243,1.24292,1.24293,1.00,1.25
2014.12.15 15:01:52.496,1.24296,1.24299,3.00,1.00
2014.12.15 15:01:52.547,1.24299,1.243,1.12,1.10
2014.12.15 15:01:52.598,1.24301,1.24303,1.00,1.25
2014.12.15 15:01:53.103,1.243,1.24304,1.00,2.44
2014.12.15 15:01:53.205,1.24303,1.24304,1.00,2.25
2014.12.15 15:01:53.511,1.24307,1.24308,1.00,1.00
2014.12.15 15:01:53.816,1.24304,1.24308,3.07,1.69
2014.12.15 15:01:54.020,1.24306,1.24307,1.00,1.00
2014.12.15 15:01:54.880,1.24305,1.24307,1.00,1.00
2014.12.15 15:01:55.435,1.24305,1.24308,1.00,1.25
2014.12.15 15:01:55.536,1.24305,1.24306,1.00,1.00
2014.12.15 15:01:55.688,1.24302,1.24303,1.57,1.00
2014.12.15 15:01:55.840,1.24301,1.24305,2.32,6.49
2014.12.15 15:01:56.093,1.24303,1.24304,1.00,1.00
2014.12.15 15:01:56.194,1.24303,1.24307,2.81,1.00
2014.12.15 15:01:56.346,1.24303,1.24305,4.39,1.00
2014.12.15 15:01:56.651,1.24301,1.24302,1.00,1.00
2014.12.15 15:01:57.156,1.24301,1.24302,1.00,1.00
2014.12.15 15:01:57.661,1.243,1.24302,1.12,1.00
2014.12.15 15:01:58.370,1.24301,1.24302,1.00,1.00
2014.12.15 15:01:58.674,1.24305,1.24306,1.00,1.00
2014.12.15 15:01:59.180,1.24303,1.24305,1.00,2.25
2014.12.15 15:01:59.332,1.243,1.24305,3.94,6.37
2014.12.15 15:01:59.434,1.24304,1.24305,1.00,5.55
2014.12.15 15:01:59.941,1.24301,1.24303,1.69,1.50
2014.12.15 15:02:00.043,1.243,1.24303,1.37,1.50
2014.12.15 15:02:00.498,1.24303,1.24304,1.25,1.50
2014.12.15 15:02:00.843,1.24305,1.24306,1.69,1.00
2014.12.15 15:02:01.351,1.24304,1.24305,1.25,1.00
2014.12.15 15:02:01.856,1.24304,1.24305,1.00,1.00
2014.12.15 15:02:02.160,1.24301,1.24304,2.02,2.85
2014.12.15 15:02:02.261,1.243,1.24301,2.62,1.00
2014.12.15 15:02:02.363,1.243,1.24301,1.12,1.00
2014.12.15 15:02:02.465,1.243,1.24301,1.50,1.00
2014.12.15 15:02:02.668,1.24301,1.24303,1.37,1.50
2014.12.15 15:02:02.973,1.24302,1.24304,1.37,1.50
2014.12.15 15:02:03.176,1.24304,1.24306,2.44,1.50
2014.12.15 15:02:03.429,1.24305,1.24307,1.31,1.50
2014.12.15 15:02:03.732,1.24309,1.2431,3.00,1.00
2014.12.15 15:02:04.238,1.24309,1.2431,1.25,1.00
2014.12.15 15:02:04.541,1.24315,1.24316,1.00,1.00
2014.12.15 15:02:05.047,1.24315,1.24316,1.50,1.00
2014.12.15 15:02:05.573,1.24316,1.24318,1.00,1.00
2014.12.15 15:02:06.078,1.24316,1.24317,1.00,1.00
2014.12.15 15:02:06.432,1.24317,1.24319,1.50,2.25
2014.12.15 15:02:06.685,1.2432,1.24321,1.00,1.00
2014.12.15 15:02:07.142,1.24321,1.24322,1.00,2.25
2014.12.15 15:02:07.345,1.2432,1.24323,3.19,1.50
2014.12.15 15:02:07.447,1.24319,1.2432,1.00,1.00
2014.12.15 15:02:07.548,1.24317,1.24319,1.00,1.00
2014.12.15 15:02:07.750,1.24313,1.24314,5.70,1.12
2014.12.15 15:02:07.986,1.2431,1.24313,6.49,1.00
2014.12.15 15:02:08.038,1.24311,1.24313,1.00,1.00
2014.12.15 15:02:08.240,1.24308,1.24312,1.31,1.50
2014.12.15 15:02:08.545,1.24306,1.24312,3.26,2.25
2014.12.15 15:02:08.964,1.24306,1.24308,1.00,1.00
2014.12.15 15:02:09.477,1.24304,1.24307,1.01,1.00
2014.12.15 15:02:09.781,1.24301,1.24304,2.44,1.50
2014.12.15 15:02:10.084,1.24304,1.24305,1.12,1.00
2014.12.15 15:02:10.185,1.24305,1.24307,1.19,1.12
2014.12.15 15:02:13.040,1.24307,1.24309,1.25,1.00
2014.12.15 15:02:13.294,1.24308,1.24309,2.81,1.00
2014.12.15 15:02:13.799,1.24309,1.2431,1.00,1.00
2014.12.15 15:02:14.303,1.24308,1.24309,1.31,1.00
2014.12.15 15:02:14.455,1.24308,1.24309,1.00,1.00
2014.12.15 15:02:14.556,1.24305,1.24306,3.07,1.00
2014.12.15 15:02:15.112,1.24302,1.24303,1.10,1.00
2014.12.15 15:02:15.163,1.243,1.24303,3.56,1.00
2014.12.15 15:02:15.551,1.24302,1.24305,2.25,2.25
2014.12.15 15:02:15.602,1.24302,1.24304,3.37,1.00
2014.12.15 15:02:16.258,1.243,1.24302,1.50,1.00
2014.12.15 15:02:16.763,1.24299,1.243,1.00,1.00
2014.12.15 15:02:16.965,1.24298,1.243,1.31,1.00
2014.12.15 15:02:17.691,1.24299,1.243,1.00,1.00
2014.12.15 15:02:18.196,1.24298,1.24299,1.00,1.00
2014.12.15 15:02:19.359,1.24299,1.243,1.50,1.50
2014.12.15 15:02:19.460,1.243,1.24302,2.25,1.50
2014.12.15 15:02:19.965,1.24302,1.24304,1.37,1.00
2014.12.15 15:02:20.168,1.24301,1.24305,2.81,5.81
2014.12.15 15:02:20.698,1.24302,1.24304,1.37,1.00
2014.12.15 15:02:21.109,1.24305,1.24308,5.85,1.05
2014.12.15 15:02:21.210,1.24307,1.24308,1.30,1.00
2014.12.15 15:02:21.312,1.24307,1.24311,1.91,4.01
2014.12.15 15:02:21.463,1.24307,1.24311,3.94,3.26
2014.12.15 15:02:22.625,1.24309,1.2431,1.00,1.00
2014.12.15 15:02:22.986,1.24309,1.2431,2.44,1.00
2014.12.15 15:02:23.187,1.24312,1.24314,1.87,1.00
2014.12.15 15:02:23.760,1.24314,1.24315,1.00,4.69
2014.12.15 15:02:23.912,1.24314,1.24316,1.69,1.50
2014.12.15 15:02:24.417,1.24314,1.24317,3.94,1.50
2014.12.15 15:02:24.958,1.24314,1.24316,2.44,1.00
2014.12.15 15:02:26.499,1.24314,1.24315,1.00,2.25
2014.12.15 15:02:26.601,1.24312,1.24314,1.87,1.00
2014.12.15 15:02:26.803,1.24314,1.24316,1.00,2.25
2014.12.15 15:02:27.309,1.24315,1.24317,1.00,1.00
2014.12.15 15:02:27.915,1.24315,1.24318,1.12,1.25
2014.12.15 15:02:28.421,1.24316,1.24319,1.00,1.69
2014.12.15 15:02:28.724,1.24324,1.24325,3.00,1.50
2014.12.15 15:02:28.775,1.24324,1.24326,6.60,1.00
2014.12.15 15:02:29.029,1.24325,1.24328,2.44,1.50
2014.12.15 15:02:29.534,1.24324,1.24327,3.79,1.00
2014.12.15 15:02:29.938,1.24323,1.24325,4.12,1.00
2014.12.15 15:02:30.241,1.2432,1.24322,4.12,1.05
2014.12.15 15:02:30.393,1.24323,1.24324,1.50,2.25
2014.12.15 15:02:30.444,1.24321,1.24324,3.19,3.30
2014.12.15 15:02:30.719,1.24322,1.24326,1.00,3.00
2014.12.15 15:02:31.224,1.24323,1.24326,1.12,1.00
2014.12.15 15:02:31.528,1.24324,1.24328,1.00,1.69
2014.12.15 15:02:31.831,1.24323,1.24326,4.31,1.00
2014.12.15 15:02:32.034,1.24321,1.24324,1.50,1.00
2014.12.15 15:02:32.692,1.24319,1.24324,3.49,3.19
2014.12.15 15:02:32.793,1.24319,1.24323,1.25,2.62
2014.12.15 15:02:33.301,1.24317,1.24322,1.62,3.00
2014.12.15 15:02:33.453,1.24316,1.24322,1.12,4.69
2014.12.15 15:02:33.706,1.24316,1.24321,1.12,1.69
2014.12.15 15:02:34.212,1.24316,1.24321,1.31,3.25
2014.12.15 15:02:34.516,1.24317,1.24321,3.04,1.00
2014.12.15 15:02:34.617,1.24319,1.24323,5.47,2.25
2014.12.15 15:02:34.719,1.24321,1.24323,1.00,1.00
2014.12.15 15:02:35.732,1.24321,1.24323,1.62,1.00
2014.12.15 15:02:36.035,1.24325,1.24328,1.00,1.25
2014.12.15 15:02:36.137,1.24325,1.24328,1.00,1.00
2014.12.15 15:02:37.047,1.24325,1.24328,1.00,1.25
2014.12.15 15:02:37.249,1.24323,1.24328,3.00,2.69
2014.12.15 15:02:37.754,1.24323,1.24326,3.37,1.00
2014.12.15 15:02:38.385,1.24323,1.24326,4.69,1.00
2014.12.15 15:02:38.690,1.2432,1.24321,1.00,1.00
2014.12.15 15:02:38.943,1.24318,1.24322,1.12,1.00
2014.12.15 15:02:39.247,1.2432,1.24323,1.69,1.12
2014.12.15 15:02:39.349,1.24321,1.24325,2.66,3.00
2014.12.15 15:02:39.400,1.24323,1.24325,3.00,2.25
2014.12.15 15:02:39.653,1.24323,1.24327,3.94,1.50
2014.12.15 15:02:40.162,1.24323,1.24326,3.94,1.00
2014.12.15 15:02:40.567,1.24322,1.24325,1.25,1.00
2014.12.15 15:02:41.122,1.24321,1.24323,2.25,1.00
2014.12.15 15:02:41.274,1.24319,1.24321,2.51,1.00
2014.12.15 15:02:41.426,1.24322,1.24323,1.00,1.00
2014.12.15 15:02:41.579,1.24323,1.24326,3.37,1.50
2014.12.15 15:02:42.084,1.24324,1.24327,3.60,1.00
2014.12.15 15:02:42.589,1.24324,1.24328,2.10,1.25
2014.12.15 15:02:42.892,1.24326,1.24329,1.00,2.44
2014.12.15 15:02:43.195,1.24329,1.24333,3.56,1.31
2014.12.15 15:02:43.650,1.24332,1.24334,1.00,1.29
2014.12.15 15:02:43.751,1.24335,1.24337,1.50,1.87
2014.12.15 15:02:43.853,1.24335,1.24338,2.25,1.00
2014.12.15 15:02:44.157,1.24336,1.24339,1.12,1.00
2014.12.15 15:02:44.361,1.24333,1.24335,1.00,1.00
2014.12.15 15:02:44.462,1.24333,1.24338,3.75,3.00
2014.12.15 15:02:44.564,1.24333,1.24338,4.87,2.25
2014.12.15 15:02:44.665,1.24333,1.24338,2.62,2.25
2014.12.15 15:02:45.070,1.24335,1.24336,1.00,1.00
2014.12.15 15:02:45.172,1.24335,1.24338,2.06,1.00
2014.12.15 15:02:45.273,1.24338,1.2434,1.87,1.10
2014.12.15 15:02:45.375,1.2434,1.24341,1.00,1.00
2014.12.15 15:02:45.924,1.2434,1.24342,1.12,1.50
2014.12.15 15:02:46.177,1.24339,1.2434,1.00,1.00
2014.12.15 15:02:46.429,1.24337,1.2434,1.31,1.00
2014.12.15 15:02:46.682,1.24337,1.24338,1.00,1.00
2014.12.15 15:02:47.136,1.24335,1.24336,2.25,1.00
2014.12.15 15:02:47.390,1.24331,1.24332,1.00,1.00
2014.12.15 15:02:47.895,1.2433,1.24333,1.37,1.50
2014.12.15 15:02:48.249,1.2433,1.24331,1.50,1.00
2014.12.15 15:02:48.552,1.2433,1.24333,1.87,1.00
2014.12.15 15:02:49.007,1.2433,1.24331,2.25,1.00
2014.12.15 15:02:49.310,1.24327,1.24329,1.12,1.00
2014.12.15 15:02:49.462,1.24325,1.24326,1.95,1.50
2014.12.15 15:02:49.614,1.2432,1.24324,9.00,3.19
2014.12.15 15:02:49.765,1.24323,1.24325,3.37,1.00
2014.12.15 15:02:49.867,1.24324,1.24325,1.00,1.00
2014.12.15 15:02:51.575,1.24324,1.24327,1.25,1.00
2014.12.15 15:02:51.777,1.24324,1.24325,1.31,1.00
2014.12.15 15:02:52.282,1.24324,1.24326,2.06,1.00
2014.12.15 15:02:52.888,1.24324,1.24327,2.06,1.00
2014.12.15 15:02:53.382,1.24324,1.24327,2.06,1.00
2014.12.15 15:02:53.685,1.24323,1.24325,1.50,7.50
2014.12.15 15:02:53.736,1.24322,1.24323,1.12,1.00
2014.12.15 15:02:54.041,1.24328,1.24329,1.00,1.00
2014.12.15 15:02:54.346,1.24328,1.24329,1.00,2.25
2014.12.15 15:02:54.397,1.24325,1.24329,3.37,2.44
2014.12.15 15:02:54.599,1.24326,1.24329,1.12,2.25
2014.12.15 15:02:54.650,1.24328,1.24329,1.00,1.00
2014.12.15 15:02:54.954,1.24331,1.24332,1.00,2.51
2014.12.15 15:02:55.925,1.24326,1.24329,2.81,1.00
2014.12.15 15:02:55.976,1.24326,1.24327,3.00,1.50
2014.12.15 15:02:56.079,1.2432,1.24321,5.62,1.50
2014.12.15 15:02:56.181,1.24319,1.2432,1.00,1.12
2014.12.15 15:02:56.689,1.24318,1.24319,1.00,1.00
2014.12.15 15:02:56.942,1.24318,1.24321,1.31,1.00
2014.12.15 15:02:57.398,1.24318,1.24319,2.06,1.00
2014.12.15 15:02:57.802,1.24318,1.2432,1.25,1.00
2014.12.15 15:02:58.308,1.24318,1.24319,1.00,1.25
2014.12.15 15:02:59.166,1.24314,1.24315,1.00,1.50
2014.12.15 15:02:59.217,1.24313,1.24314,3.45,1.00
2014.12.15 15:02:59.318,1.24313,1.24314,1.50,1.00
2014.12.15 15:02:59.823,1.24313,1.24315,2.47,6.00
2014.12.15 15:03:00.614,1.24314,1.24315,1.00,6.37
2014.12.15 15:03:01.163,1.24314,1.24317,5.47,1.20
2014.12.15 15:03:01.568,1.24316,1.24317,2.25,1.00
2014.12.15 15:03:01.972,1.24316,1.2432,2.44,2.81
2014.12.15 15:03:02.023,1.24318,1.2432,1.00,2.81
2014.12.15 15:03:02.731,1.24319,1.2432,1.25,1.00
2014.12.15 15:03:03.035,1.24319,1.24322,1.50,2.44
2014.12.15 15:03:03.187,1.24319,1.2432,1.00,1.00
2014.12.15 15:03:03.692,1.24319,1.24321,1.00,2.25
2014.12.15 15:03:04.198,1.2432,1.24323,2.81,1.50
2014.12.15 15:03:04.450,1.24323,1.24324,3.75,2.25
2014.12.15 15:03:04.653,1.24326,1.24328,1.50,1.00
2014.12.15 15:03:04.704,1.24326,1.2433,4.87,2.55
2014.12.15 15:03:04.755,1.24328,1.24331,1.62,3.00
2014.12.15 15:03:04.908,1.2433,1.24332,4.12,1.87
2014.12.15 15:03:05.212,1.24334,1.24335,1.00,1.20
2014.12.15 15:03:05.315,1.24336,1.24339,1.69,1.00
2014.12.15 15:03:05.366,1.24337,1.24339,1.10,1.00
2014.12.15 15:03:05.519,1.24338,1.24343,1.95,1.56
2014.12.15 15:03:05.873,1.24336,1.24338,2.25,1.35
2014.12.15 15:03:05.975,1.24333,1.24335,3.45,2.85
2014.12.15 15:03:06.025,1.24332,1.24333,1.80,1.00
2014.12.15 15:03:06.078,1.24333,1.24334,2.32,1.35
2014.12.15 15:03:06.180,1.24331,1.24334,1.12,3.25
2014.12.15 15:03:06.282,1.24332,1.24334,1.50,1.12
2014.12.15 15:03:06.384,1.24334,1.24335,4.35,1.50
2014.12.15 15:03:06.486,1.24336,1.2434,3.56,1.10
2014.12.15 15:03:06.537,1.24339,1.24341,1.37,2.02
2014.12.15 15:03:06.740,1.24341,1.24344,1.12,3.37
2014.12.15 15:03:07.245,1.24341,1.24344,1.12,2.32
2014.12.15 15:03:07.733,1.24343,1.24344,2.25,1.57
2014.12.15 15:03:07.935,1.24346,1.24348,1.00,1.00
2014.12.15 15:03:08.441,1.24346,1.24348,1.00,1.00
2014.12.15 15:03:08.947,1.24346,1.2435,1.50,2.65
2014.12.15 15:03:09.048,1.24347,1.2435,2.44,2.26
2014.12.15 15:03:09.567,1.24348,1.24351,1.00,3.03
2014.12.15 15:03:11.583,1.24348,1.2435,1.00,2.02
2014.12.15 15:03:11.988,1.24348,1.24349,1.00,1.25
2014.12.15 15:03:12.191,1.24342,1.24344,2.06,1.00
2014.12.15 15:03:12.293,1.24342,1.24344,1.69,1.00
2014.12.15 15:03:12.799,1.24342,1.24345,1.69,1.50
2014.12.15 15:03:13.001,1.24344,1.24346,1.05,2.62
2014.12.15 15:03:13.305,1.24346,1.24347,2.81,1.00
2014.12.15 15:03:13.810,1.24344,1.24347,1.50,4.94
2014.12.15 15:03:14.213,1.24343,1.24346,2.44,2.25
2014.12.15 15:03:14.315,1.24344,1.24346,1.00,1.50
2014.12.15 15:03:14.467,1.24344,1.24347,3.56,1.00
2014.12.15 15:03:15.323,1.24346,1.2435,1.54,2.59
2014.12.15 15:03:15.879,1.24346,1.2435,4.91,2.59
2014.12.15 15:03:16.425,1.24347,1.2435,1.31,2.10
2014.12.15 15:03:17.030,1.24348,1.2435,1.00,2.10
2014.12.15 15:03:17.484,1.24346,1.24348,5.06,1.00
2014.12.15 15:03:18.017,1.24346,1.24349,4.31,1.00
2014.12.15 15:03:18.523,1.24346,1.2435,1.00,3.00
2014.12.15 15:03:19.708,1.24346,1.2435,6.04,1.91
2014.12.15 15:03:20.018,1.24348,1.2435,1.00,1.16
2014.12.15 15:03:20.323,1.24354,1.24355,2.25,1.12
2014.12.15 15:03:20.376,1.24356,1.24358,2.10,1.00
2014.12.15 15:03:20.477,1.24357,1.2436,3.22,1.87
2014.12.15 15:03:21.045,1.24354,1.24355,1.12,4.50
2014.12.15 15:03:21.147,1.24353,1.24354,1.12,2.25
2014.12.15 15:03:21.249,1.2435,1.24354,1.69,1.50
2014.12.15 15:03:21.855,1.24351,1.24354,1.87,1.00
2014.12.15 15:03:22.161,1.24355,1.24356,1.87,1.57
2014.12.15 15:03:22.769,1.24353,1.24354,5.66,1.00
2014.12.15 15:03:22.819,1.24353,1.24354,1.50,1.00
2014.12.15 15:03:22.870,1.24352,1.24353,1.20,1.50
2014.12.15 15:03:22.921,1.2435,1.24353,5.25,1.50
2014.12.15 15:03:23.253,1.24351,1.24352,1.50,1.00
2014.12.15 15:03:23.456,1.24353,1.24355,3.37,6.56
2014.12.15 15:03:23.507,1.24351,1.24352,1.50,1.50
2014.12.15 15:03:24.024,1.2435,1.24351,1.00,1.00
2014.12.15 15:03:24.761,1.24349,1.24353,1.75,3.94
2014.12.15 15:03:25.015,1.24361,1.24362,1.12,1.00
2014.12.15 15:03:25.116,1.24361,1.24364,2.70,1.69
2014.12.15 15:03:25.621,1.24361,1.24364,1.87,1.69
2014.12.15 15:03:26.077,1.24364,1.24365,1.00,8.92
2014.12.15 15:03:26.229,1.24366,1.24368,1.00,1.12
2014.12.15 15:03:26.747,1.24367,1.24369,1.00,1.87
2014.12.15 15:03:26.900,1.24365,1.24368,2.25,1.12
2014.12.15 15:03:27.001,1.24365,1.24368,1.10,1.87
2014.12.15 15:03:27.507,1.24365,1.24368,1.00,2.81
2014.12.15 15:03:28.029,1.24365,1.24368,1.00,2.31
2014.12.15 15:03:28.535,1.24365,1.24368,1.00,1.12
2014.12.15 15:03:29.512,1.24365,1.24368,1.00,2.31
2014.12.15 15:03:30.614,1.24365,1.24368,1.69,1.12
2014.12.15 15:03:31.525,1.24371,1.24372,1.00,3.94
2014.12.15 15:03:31.829,1.24368,1.24371,4.69,1.27
2014.12.15 15:03:32.334,1.24369,1.24373,2.81,1.62
2014.12.15 15:03:32.385,1.24369,1.24373,5.02,1.76
2014.12.15 15:03:32.588,1.24369,1.24371,2.50,1.35
2014.12.15 15:03:32.790,1.24366,1.2437,1.69,6.19
2014.12.15 15:03:33.910,1.24365,1.2437,3.19,2.51
2014.12.15 15:03:33.962,1.24365,1.2437,4.31,1.76
2014.12.15 15:03:35.490,1.24366,1.2437,1.50,1.00
2014.12.15 15:03:35.794,1.24367,1.24369,1.00,2.06
2014.12.15 15:03:35.895,1.24365,1.24367,1.10,1.00
2014.12.15 15:03:36.249,1.24364,1.24365,1.00,1.00
2014.12.15 15:03:36.350,1.24361,1.24363,1.12,1.12
2014.12.15 15:03:36.905,1.24359,1.24362,2.66,1.00
2014.12.15 15:03:36.956,1.24359,1.24362,3.41,1.00
2014.12.15 15:03:37.058,1.2436,1.24363,1.12,1.00
2014.12.15 15:03:37.110,1.2436,1.24363,4.87,1.57
2014.12.15 15:03:37.413,1.24359,1.2436,2.40,1.00
2014.12.15 15:03:37.666,1.24359,1.24363,4.83,1.00
2014.12.15 15:03:38.574,1.24359,1.24363,7.09,1.00
2014.12.15 15:03:39.080,1.2436,1.24363,2.81,1.00
2014.12.15 15:03:39.282,1.24362,1.24363,1.00,1.00
2014.12.15 15:03:39.384,1.24364,1.24367,1.00,1.87
2014.12.15 15:03:39.536,1.24363,1.24365,1.00,5.98
2014.12.15 15:03:39.587,1.24361,1.24363,1.00,1.00
2014.12.15 15:03:39.891,1.24359,1.24362,1.00,2.44
2014.12.15 15:03:40.448,1.24361,1.24362,1.00,1.00
2014.12.15 15:03:40.550,1.24361,1.24363,2.62,1.50
2014.12.15 15:03:40.601,1.24361,1.24365,3.00,1.56
2014.12.15 15:03:40.702,1.24364,1.24365,1.00,1.85
2014.12.15 15:03:40.955,1.2436,1.24363,3.56,1.00
2014.12.15 15:03:41.309,1.2436,1.24365,4.69,10.99
2014.12.15 15:03:41.665,1.2436,1.24364,2.06,1.87
2014.12.15 15:03:42.187,1.2436,1.24364,4.12,1.00
2014.12.15 15:03:42.490,1.24361,1.24365,3.26,3.49
2014.12.15 15:03:42.794,1.24366,1.24368,1.25,1.47
2014.12.15 15:03:42.845,1.24366,1.24368,1.25,1.00
2014.12.15 15:03:42.896,1.24367,1.2437,1.25,1.50
2014.12.15 15:03:42.997,1.24367,1.24371,2.06,1.87
2014.12.15 15:03:43.049,1.24369,1.24372,1.25,1.00
2014.12.15 15:03:43.554,1.2437,1.24373,1.25,1.00
2014.12.15 15:03:44.617,1.2437,1.24373,1.19,1.00
2014.12.15 15:03:44.668,1.24373,1.24374,1.00,1.20
2014.12.15 15:03:44.821,1.24376,1.24379,1.00,1.00
2014.12.15 15:03:45.372,1.24375,1.24378,2.81,1.00
2014.12.15 15:03:46.342,1.24375,1.2438,2.44,1.12
2014.12.15 15:03:46.909,1.24376,1.2438,1.31,1.12
2014.12.15 15:03:47.425,1.24377,1.24382,3.94,1.57
2014.12.15 15:03:47.940,1.24378,1.24382,2.06,1.50
2014.12.15 15:03:48.605,1.24378,1.24382,3.94,1.00
2014.12.15 15:03:48.656,1.24384,1.24386,1.37,8.62
2014.12.15 15:03:48.860,1.24392,1.24393,3.52,1.00
2014.12.15 15:03:49.012,1.24394,1.24395,1.00,1.10
2014.12.15 15:03:49.063,1.24394,1.24396,3.00,3.00
2014.12.15 15:03:49.164,1.24396,1.24398,1.00,1.00
2014.12.15 15:03:49.418,1.24401,1.24402,1.00,6.30
2014.12.15 15:03:49.570,1.24401,1.24405,5.51,8.25
2014.12.15 15:03:49.621,1.24401,1.24405,3.64,6.00
2014.12.15 15:03:49.672,1.24401,1.24405,3.26,6.00
2014.12.15 15:03:49.823,1.24401,1.24402,1.00,1.00
2014.12.15 15:03:50.097,1.24399,1.24403,1.54,1.00
2014.12.15 15:03:50.602,1.24397,1.24402,8.66,1.00
2014.12.15 15:03:50.703,1.24398,1.24404,2.10,1.00
2014.12.15 15:03:50.754,1.244,1.24405,2.29,13.76
2014.12.15 15:03:51.259,1.24399,1.24401,1.12,1.00
2014.12.15 15:03:51.563,1.24391,1.24393,3.37,1.00
2014.12.15 15:03:51.614,1.2439,1.24393,1.00,1.00
2014.12.15 15:03:51.767,1.24388,1.24393,1.00,1.01
2014.12.15 15:03:52.060,1.24386,1.24393,2.44,3.26
2014.12.15 15:03:52.163,1.24388,1.24391,1.00,1.00
2014.12.15 15:03:52.366,1.24389,1.24393,2.10,1.76
2014.12.15 15:03:52.468,1.24392,1.24394,1.00,1.87
2014.12.15 15:03:52.518,1.24392,1.24395,2.10,4.57
2014.12.15 15:03:52.671,1.24396,1.24398,1.00,1.00
2014.12.15 15:03:52.772,1.24396,1.244,2.29,1.57
2014.12.15 15:03:53.582,1.24396,1.24399,1.54,1.00
2014.12.15 15:03:53.834,1.24399,1.244,2.29,1.00
2014.12.15 15:03:54.088,1.24406,1.24408,2.10,1.12
2014.12.15 15:03:54.139,1.24406,1.24408,1.00,1.00
2014.12.15 15:03:54.291,1.24403,1.24405,3.60,1.00
2014.12.15 15:03:54.392,1.24403,1.24407,6.97,1.50
2014.12.15 15:03:54.443,1.24405,1.24407,1.31,1.00
2014.12.15 15:03:54.544,1.24406,1.24409,1.54,1.00
2014.12.15 15:03:55.050,1.24406,1.2441,2.44,2.68
2014.12.15 15:03:55.455,1.24404,1.24405,1.00,3.75
2014.12.15 15:03:55.556,1.24402,1.24405,1.50,13.69
2014.12.15 15:03:55.708,1.244,1.24404,1.69,1.25
2014.12.15 15:03:55.911,1.24402,1.24405,1.00,2.25
2014.12.15 15:03:56.164,1.244,1.24404,1.25,1.69
2014.12.15 15:03:56.670,1.24399,1.24401,2.25,2.10
2014.12.15 15:03:56.973,1.24389,1.24391,1.50,1.10
2014.12.15 15:03:57.176,1.24386,1.24391,2.44,1.57
2014.12.15 15:03:57.529,1.24389,1.24392,1.00,1.20
2014.12.15 15:03:57.631,1.24387,1.24392,1.12,1.95
2014.12.15 15:03:58.365,1.24383,1.24387,4.76,1.50
2014.12.15 15:03:58.871,1.24385,1.2439,1.10,6.64
2014.12.15 15:03:59.174,1.24385,1.2439,1.10,7.21
2014.12.15 15:03:59.984,1.24385,1.2439,1.76,6.46
2014.12.15 15:04:00.137,1.24388,1.2439,1.00,1.00
2014.12.15 15:04:00.289,1.24389,1.24392,1.05,1.00
2014.12.15 15:04:00.390,1.2439,1.24392,1.31,1.00
2014.12.15 15:04:00.441,1.2439,1.24395,2.44,2.62
2014.12.15 15:04:00.593,1.24392,1.24395,2.10,1.50
2014.12.15 15:04:00.846,1.24395,1.24398,1.00,1.69
2014.12.15 15:04:00.947,1.24394,1.24396,1.37,1.00
2014.12.15 15:04:01.049,1.24393,1.24396,1.12,3.75
2014.12.15 15:04:01.150,1.24394,1.24396,6.04,3.00
2014.12.15 15:04:01.403,1.244,1.24401,3.45,1.00
2014.12.15 15:04:01.454,1.244,1.24403,2.70,3.00
2014.12.15 15:04:01.959,1.244,1.24401,3.07,1.00
2014.12.15 15:04:02.061,1.244,1.24403,2.25,1.50
2014.12.15 15:04:02.263,1.244,1.24401,1.50,1.00
2014.12.15 15:04:02.516,1.244,1.24403,1.50,3.00
2014.12.15 15:04:05.273,1.24398,1.24402,2.14,1.00
2014.12.15 15:04:05.678,1.24398,1.24399,1.00,1.00
2014.12.15 15:04:05.779,1.24396,1.24398,1.00,1.00
2014.12.15 15:04:06.339,1.24397,1.24398,1.00,1.00
2014.12.15 15:04:06.744,1.24395,1.24396,1.31,1.00
2014.12.15 15:04:06.947,1.24392,1.24393,1.00,1.00
2014.12.15 15:04:07.049,1.24389,1.24393,1.00,4.00
2014.12.15 15:04:07.100,1.24389,1.24393,1.00,4.00
2014.12.15 15:04:07.505,1.24387,1.24392,1.00,1.50
2014.12.15 15:04:07.556,1.24386,1.24392,1.20,2.50
2014.12.15 15:04:08.878,1.24387,1.2439,1.00,1.50
2014.12.15 15:04:09.384,1.24385,1.2439,1.50,8.81
2014.12.15 15:04:09.689,1.2438,1.24385,6.82,7.87
2014.12.15 15:04:09.740,1.2438,1.24385,2.51,11.81
2014.12.15 15:04:09.791,1.24382,1.24385,1.87,10.69
2014.12.15 15:04:10.095,1.24385,1.24387,1.37,1.50
2014.12.15 15:04:10.247,1.24384,1.24387,1.12,2.50
2014.12.15 15:04:10.349,1.24383,1.24387,1.62,1.00
2014.12.15 15:04:10.652,1.24385,1.24388,1.37,1.12
2014.12.15 15:04:10.804,1.24387,1.24389,1.37,1.00
2014.12.15 15:04:10.855,1.24388,1.2439,1.12,6.00
2014.12.15 15:04:11.209,1.24389,1.2439,1.00,3.00
2014.12.15 15:04:11.715,1.2439,1.24391,1.00,1.87
2014.12.15 15:04:11.766,1.24388,1.2439,1.57,3.00
2014.12.15 15:04:12.372,1.24385,1.24388,2.89,1.00
2014.12.15 15:04:12.878,1.24387,1.24388,1.00,1.00
2014.12.15 15:04:14.698,1.24388,1.24389,1.00,1.00
2014.12.15 15:04:15.892,1.24388,1.2439,1.12,2.25
2014.12.15 15:04:15.942,1.24388,1.2439,1.12,2.62
2014.12.15 15:04:16.195,1.24397,1.24399,1.87,4.12
2014.12.15 15:04:16.398,1.24399,1.24402,1.00,1.50
2014.12.15 15:04:16.903,1.24399,1.24403,1.12,2.25
2014.12.15 15:04:17.257,1.24399,1.24401,1.00,1.00
2014.12.15 15:04:17.914,1.24399,1.244,1.00,1.00
2014.12.15 15:04:18.218,1.24401,1.24403,1.00,3.19
2014.12.15 15:04:18.723,1.24401,1.24402,1.00,1.00
2014.12.15 15:04:19.960,1.24398,1.24401,4.39,1.00
2014.12.15 15:04:21.323,1.24401,1.24402,1.00,1.00
2014.12.15 15:04:22.639,1.24398,1.24401,2.62,1.00
2014.12.15 15:04:22.740,1.24395,1.24399,9.00,1.12
2014.12.15 15:04:22.841,1.24394,1.24395,1.12,1.00
2014.12.15 15:04:23.044,1.24397,1.24399,1.00,1.80
2014.12.15 15:04:23.297,1.24397,1.24399,1.00,1.00
2014.12.15 15:04:23.802,1.24397,1.24398,1.00,1.00
2014.12.15 15:04:23.853,1.24397,1.244,1.00,1.87
2014.12.15 15:04:24.156,1.24397,1.244,1.37,3.44
2014.12.15 15:04:24.662,1.24397,1.24399,1.00,1.00
2014.12.15 15:04:25.167,1.24396,1.24399,1.50,1.25
2014.12.15 15:04:25.470,1.24396,1.24398,1.50,1.00
2014.12.15 15:04:27.261,1.24396,1.24397,1.50,1.00
2014.12.15 15:04:27.767,1.24396,1.24398,2.25,1.00
2014.12.15 15:04:29.357,1.24396,1.24399,3.00,1.25
2014.12.15 15:04:30.082,1.24396,1.24398,1.50,1.00
2014.12.15 15:04:31.644,1.24396,1.24397,1.50,1.00
2014.12.15 15:04:34.033,1.24396,1.24399,3.79,1.50
2014.12.15 15:04:34.184,1.24396,1.24399,2.44,2.25
2014.12.15 15:04:36.243,1.24397,1.24398,1.50,1.00
2014.12.15 15:04:36.546,1.24397,1.24399,2.29,1.37
2014.12.15 15:04:36.597,1.24399,1.244,1.00,1.50
2014.12.15 15:04:36.698,1.244,1.24402,3.37,4.84
2014.12.15 15:04:36.799,1.244,1.24402,1.78,1.20
2014.12.15 15:04:36.951,1.24398,1.24402,4.42,1.37
2014.12.15 15:04:37.430,1.244,1.24402,1.00,1.20
2014.12.15 15:04:38.037,1.24399,1.24402,1.25,1.20
2014.12.15 15:04:38.543,1.244,1.24404,3.94,1.62
2014.12.15 15:04:38.846,1.24402,1.24405,1.00,1.15
2014.12.15 15:04:39.202,1.24406,1.24407,1.00,1.00
2014.12.15 15:04:39.255,1.24407,1.2441,1.50,4.79
2014.12.15 15:04:39.660,1.24407,1.24408,1.00,2.10
2014.12.15 15:04:39.761,1.24406,1.24407,1.00,1.00
2014.12.15 15:04:40.115,1.24407,1.24409,1.12,1.50
2014.12.15 15:04:41.126,1.24408,1.24409,1.00,1.00
2014.12.15 15:04:42.085,1.24407,1.24409,1.69,1.00
2014.12.15 15:04:43.214,1.24408,1.24409,1.00,1.10
2014.12.15 15:04:43.467,1.24409,1.24411,1.00,1.50
2014.12.15 15:04:43.972,1.24409,1.2441,1.00,1.00
2014.12.15 15:04:44.174,1.24407,1.24408,1.00,1.00
2014.12.15 15:04:44.680,1.24408,1.24409,1.00,1.00
2014.12.15 15:04:44.983,1.24404,1.24405,1.80,6.75
2014.12.15 15:04:45.286,1.24407,1.24409,1.00,1.50
2014.12.15 15:04:45.388,1.24405,1.2441,3.94,3.45
2014.12.15 15:04:45.489,1.24409,1.2441,1.00,2.70
2014.12.15 15:04:45.692,1.24411,1.24413,1.00,4.12
2014.12.15 15:04:45.743,1.24411,1.24413,1.00,1.12
2014.12.15 15:04:46.248,1.24412,1.24413,1.12,1.00
2014.12.15 15:04:46.867,1.24413,1.24415,1.00,21.97
2014.12.15 15:04:47.933,1.24411,1.24413,1.37,1.00
2014.12.15 15:04:48.084,1.24414,1.24416,1.37,6.37
2014.12.15 15:04:48.289,1.24415,1.24418,2.44,1.50
2014.12.15 15:04:48.391,1.24417,1.24418,1.00,3.60
2014.12.15 15:04:49.032,1.24414,1.24416,1.47,3.60
2014.12.15 15:04:49.134,1.24416,1.24417,1.00,1.12
2014.12.15 15:04:49.185,1.24416,1.24417,1.00,1.12
2014.12.15 15:04:49.387,1.24416,1.24418,1.00,1.01
2014.12.15 15:04:49.589,1.24416,1.24419,1.00,1.69
2014.12.15 15:04:50.246,1.24416,1.24417,1.00,1.00
2014.12.15 15:04:50.348,1.24418,1.24419,1.00,1.95
2014.12.15 15:04:50.600,1.24417,1.24419,4.87,1.12
2014.12.15 15:04:51.105,1.24417,1.2442,1.50,6.13
2014.12.15 15:04:51.610,1.24417,1.24419,1.50,1.50
2014.12.15 15:04:52.114,1.24415,1.24418,6.19,1.00
2014.12.15 15:04:52.417,1.24416,1.2442,1.31,4.56
2014.12.15 15:04:52.922,1.24417,1.2442,2.06,1.26
2014.12.15 15:04:53.428,1.24417,1.2442,1.87,2.62
2014.12.15 15:04:53.933,1.24419,1.2442,1.00,1.12
2014.12.15 15:04:54.481,1.24418,1.24419,1.00,2.25
2014.12.15 15:04:56.802,1.24418,1.2442,1.37,1.39
2014.12.15 15:04:56.905,1.2442,1.24422,1.87,1.80
2014.12.15 15:04:56.955,1.24422,1.24424,1.12,1.57
2014.12.15 15:04:57.490,1.24422,1.24424,1.87,2.25
2014.12.15 15:04:58.501,1.24423,1.24425,1.31,13.50
2014.12.15 15:04:58.602,1.24426,1.24427,1.25,1.00
2014.12.15 15:04:58.807,1.24431,1.24432,1.25,1.00
2014.12.15 15:04:58.908,1.24432,1.24434,1.00,1.00
2014.12.15 15:04:59.261,1.24431,1.24434,1.25,1.50
2014.12.15 15:04:59.413,1.24431,1.24432,1.00,1.00
2014.12.15 15:05:00.070,1.24431,1.24433,1.00,1.10
2014.12.15 15:05:00.373,1.24424,1.24425,1.10,4.50
2014.12.15 15:05:00.525,1.24423,1.24424,1.00,1.12
2014.12.15 15:05:00.728,1.24419,1.2442,1.00,1.00
2014.12.15 15:05:00.779,1.24419,1.2442,1.00,1.00
2014.12.15 15:05:01.234,1.2442,1.24422,1.25,1.10
2014.12.15 15:05:01.284,1.2442,1.24422,3.19,1.20
2014.12.15 15:05:01.487,1.24424,1.24425,1.12,5.70
2014.12.15 15:05:01.973,1.24422,1.24425,1.12,7.50
2014.12.15 15:05:02.429,1.24422,1.24423,1.00,3.00
2014.12.15 15:05:02.947,1.24423,1.24424,1.00,2.55
2014.12.15 15:05:03.453,1.24422,1.24423,1.25,1.00
2014.12.15 15:05:04.009,1.24422,1.24424,1.25,1.00
2014.12.15 15:05:04.312,1.2442,1.24422,3.56,1.00
2014.12.15 15:05:04.616,1.24422,1.24424,2.06,1.50
2014.12.15 15:05:04.717,1.24423,1.24427,2.81,1.12
2014.12.15 15:05:04.919,1.24425,1.24428,1.69,1.00
2014.12.15 15:05:05.172,1.24427,1.24429,1.00,1.57
2014.12.15 15:05:05.475,1.24422,1.24423,2.70,1.00
2014.12.15 15:05:05.526,1.24422,1.24423,2.62,1.00
2014.12.15 15:05:05.779,1.24422,1.24423,1.00,1.00
2014.12.15 15:05:06.083,1.24421,1.24422,1.00,1.50
2014.12.15 15:05:07.094,1.2442,1.24422,1.25,1.00
2014.12.15 15:05:07.145,1.24419,1.2442,1.31,1.50
2014.12.15 15:05:07.651,1.24419,1.24421,1.56,1.00
2014.12.15 15:05:08.160,1.24419,1.24421,1.00,2.25
2014.12.15 15:05:09.039,1.24421,1.24422,1.00,1.00
2014.12.15 15:05:09.926,1.2442,1.24421,1.31,1.00
2014.12.15 15:05:10.634,1.24419,1.24421,1.25,1.00
2014.12.15 15:05:10.938,1.24414,1.24416,1.12,7.72
2014.12.15 15:05:11.090,1.2441,1.24413,1.69,1.00
2014.12.15 15:05:12.151,1.24411,1.24413,1.00,1.50
2014.12.15 15:05:12.605,1.24409,1.24413,2.44,1.00
2014.12.15 15:05:13.110,1.24409,1.24412,2.44,1.00
2014.12.15 15:05:13.615,1.2441,1.24413,1.25,1.00
2014.12.15 15:05:13.666,1.24411,1.24413,1.19,1.00
2014.12.15 15:05:13.969,1.24414,1.24418,9.04,1.45
2014.12.15 15:05:14.121,1.24412,1.24416,1.99,3.75
2014.12.15 15:05:14.376,1.24412,1.24416,1.00,18.56
2014.12.15 15:05:14.881,1.2441,1.24416,1.31,18.63
2014.12.15 15:05:15.134,1.24414,1.24416,1.35,7.94
2014.12.15 15:05:15.337,1.24414,1.24418,3.04,1.87
2014.12.15 15:05:15.741,1.24414,1.24416,1.25,3.75
2014.12.15 15:05:15.993,1.24409,1.24413,1.57,1.87
2014.12.15 15:05:16.499,1.24409,1.24413,1.69,1.00
2014.12.15 15:05:17.318,1.2441,1.24413,1.00,1.50
2014.12.15 15:05:18.277,1.24409,1.24413,3.19,1.00
2014.12.15 15:05:18.328,1.24409,1.24411,1.69,1.00
2014.12.15 15:05:20.078,1.24409,1.2441,1.00,1.00
2014.12.15 15:05:20.583,1.24408,1.2441,1.25,1.00
2014.12.15 15:05:21.189,1.24407,1.24411,2.81,1.12
2014.12.15 15:05:21.694,1.24405,1.24406,7.80,1.00
2014.12.15 15:05:21.947,1.24397,1.24398,1.10,1.72
2014.12.15 15:05:22.251,1.24395,1.24398,1.25,2.62
2014.12.15 15:05:22.352,1.24394,1.24395,1.00,1.00
2014.12.15 15:05:22.504,1.24392,1.24393,1.00,1.00
2014.12.15 15:05:22.706,1.24396,1.24397,1.00,2.25
2014.12.15 15:05:22.808,1.24397,1.24399,1.25,1.50
2014.12.15 15:05:23.314,1.24397,1.24399,1.25,1.12
2014.12.15 15:05:23.824,1.24396,1.24398,2.44,1.00
2014.12.15 15:05:24.368,1.24395,1.24396,3.37,1.00
2014.12.15 15:05:24.672,1.24396,1.24399,3.79,1.12
2014.12.15 15:05:25.296,1.24397,1.244,4.69,1.00
2014.12.15 15:05:25.348,1.24401,1.24402,1.00,6.30
2014.12.15 15:05:25.804,1.24398,1.24399,1.50,1.00
2014.12.15 15:05:26.310,1.24399,1.244,1.87,1.42
2014.12.15 15:05:27.321,1.24398,1.24399,1.25,1.00
2014.12.15 15:05:27.726,1.24401,1.24403,1.00,2.62
2014.12.15 15:05:27.777,1.24401,1.24403,1.00,1.50
2014.12.15 15:05:28.131,1.24404,1.24405,1.35,4.20
2014.12.15 15:05:28.334,1.24409,1.2441,1.12,1.05
2014.12.15 15:05:28.537,1.2441,1.24413,1.50,2.44
2014.12.15 15:05:29.294,1.2441,1.24411,1.00,1.00
2014.12.15 15:05:29.800,1.24409,1.2441,1.00,1.00
2014.12.15 15:05:30.306,1.24408,1.24411,1.69,1.00
2014.12.15 15:05:30.811,1.24408,1.2441,1.00,1.00
2014.12.15 15:05:31.064,1.24406,1.24407,3.19,1.00
2014.12.15 15:05:31.317,1.24408,1.24409,1.00,1.00
2014.12.15 15:05:31.419,1.2441,1.24411,1.00,1.05
2014.12.15 15:05:31.722,1.24415,1.24416,1.20,1.00
2014.12.15 15:05:31.874,1.24413,1.24415,1.25,2.86
2014.12.15 15:05:32.279,1.24415,1.24416,1.00,1.42
2014.12.15 15:05:32.481,1.24413,1.24414,1.12,1.00
2014.12.15 15:05:32.939,1.24414,1.24416,1.00,1.00
2014.12.15 15:05:33.142,1.24414,1.24418,1.50,1.50
2014.12.15 15:05:33.647,1.24414,1.24417,1.50,1.00
2014.12.15 15:05:34.117,1.24412,1.24415,3.90,1.69
2014.12.15 15:05:34.623,1.24413,1.24414,1.00,1.00
2014.12.15 15:05:35.077,1.24414,1.24416,1.00,1.50
2014.12.15 15:05:35.178,1.24416,1.24418,1.00,2.32
2014.12.15 15:05:35.684,1.24416,1.24417,1.00,1.00
2014.12.15 15:05:36.101,1.24414,1.24415,1.50,1.50
2014.12.15 15:05:36.203,1.24413,1.24414,1.00,1.00
2014.12.15 15:05:36.809,1.24413,1.24414,1.00,1.00
2014.12.15 15:05:37.112,1.24412,1.24414,1.20,1.12
2014.12.15 15:05:37.466,1.24413,1.24416,1.00,2.25
2014.12.15 15:05:37.618,1.24413,1.24415,1.00,1.50
2014.12.15 15:05:38.275,1.24412,1.24414,1.00,1.50
2014.12.15 15:05:38.780,1.24412,1.24413,1.00,1.00
2014.12.15 15:05:40.246,1.24411,1.24413,1.00,1.00
2014.12.15 15:05:40.646,1.24409,1.2441,1.00,1.00
2014.12.15 15:05:40.950,1.24406,1.24407,1.50,1.50
2014.12.15 15:05:41.001,1.24403,1.24404,3.37,1.00
2014.12.15 15:05:41.256,1.24401,1.24403,1.25,1.10
2014.12.15 15:05:41.661,1.24399,1.24402,1.69,1.00
2014.12.15 15:05:41.762,1.244,1.24402,2.29,1.00
2014.12.15 15:05:41.914,1.24402,1.24404,1.25,1.00
2014.12.15 15:05:42.167,1.244,1.24403,1.50,1.12
2014.12.15 15:05:42.319,1.24398,1.24402,6.00,1.00
2014.12.15 15:05:42.823,1.24399,1.24402,1.00,1.00
2014.12.15 15:05:43.328,1.24398,1.244,3.19,1.00
2014.12.15 15:05:43.632,1.24395,1.24397,4.50,1.00
2014.12.15 15:05:43.986,1.24396,1.24398,1.25,1.10
2014.12.15 15:05:45.654,1.24397,1.24398,1.25,1.00
2014.12.15 15:05:46.009,1.24398,1.244,1.89,1.27
2014.12.15 15:05:46.817,1.24396,1.24397,3.37,1.00
2014.12.15 15:05:46.868,1.24396,1.24397,2.62,1.00
2014.12.15 15:05:46.919,1.24396,1.24397,1.50,1.00
2014.12.15 15:05:47.425,1.24396,1.24399,1.12,1.01
2014.12.15 15:05:47.578,1.24397,1.24398,1.00,1.00
2014.12.15 15:05:47.881,1.24398,1.24401,1.00,2.62
2014.12.15 15:05:48.893,1.244,1.24401,1.00,1.12
2014.12.15 15:05:49.405,1.24399,1.24402,1.00,1.61
2014.12.15 15:05:49.940,1.24399,1.24402,1.00,1.61
2014.12.15 15:05:51.576,1.24401,1.24402,1.00,1.00
2014.12.15 15:05:52.187,1.24397,1.24398,3.75,1.00
2014.12.15 15:05:52.390,1.24394,1.24395,1.12,1.50
2014.12.15 15:05:52.643,1.24394,1.24395,1.00,3.75
2014.12.15 15:05:52.745,1.24392,1.24393,1.00,1.00
2014.12.15 15:05:52.847,1.24391,1.24393,1.50,1.12
2014.12.15 15:05:52.948,1.24389,1.24391,1.00,1.50
2014.12.15 15:05:53.353,1.24386,1.24388,3.00,1.37
2014.12.15 15:05:53.607,1.2438,1.24382,4.12,1.00
2014.12.15 15:05:54.063,1.24379,1.2438,2.25,1.00
2014.12.15 15:05:54.517,1.24378,1.24379,1.00,1.50
2014.12.15 15:05:57.252,1.24378,1.24382,1.00,1.57
2014.12.15 15:05:57.707,1.24379,1.24383,2.44,2.06
2014.12.15 15:05:58.213,1.2438,1.24383,3.75,1.01
2014.12.15 15:05:58.719,1.2438,1.24383,3.94,1.10
2014.12.15 15:05:59.023,1.24383,1.24385,1.25,2.62
2014.12.15 15:05:59.428,1.24381,1.24383,1.62,1.00
2014.12.15 15:05:59.884,1.24379,1.2438,3.00,1.00
2014.12.15 15:06:00.137,1.24377,1.24378,1.50,1.48
2014.12.15 15:06:00.188,1.24375,1.24378,3.19,1.73
2014.12.15 15:06:00.643,1.24376,1.24378,1.50,1.48
2014.12.15 15:06:01.300,1.24376,1.24378,1.69,1.73
2014.12.15 15:06:02.210,1.24375,1.24376,5.81,1.00
2014.12.15 15:06:02.363,1.24372,1.24374,1.50,1.50
2014.12.15 15:06:02.414,1.24372,1.24373,1.12,1.00
2014.12.15 15:06:02.465,1.2437,1.24372,1.87,1.00
2014.12.15 15:06:02.970,1.24369,1.24371,1.46,2.23
2014.12.15 15:06:03.497,1.2437,1.24372,1.71,1.00
2014.12.15 15:06:04.406,1.24372,1.24373,1.35,2.25
2014.12.15 15:06:04.709,1.2437,1.24372,4.50,1.00
2014.12.15 15:06:04.861,1.24368,1.24372,1.25,1.50
2014.12.15 15:06:05.366,1.24368,1.24371,1.69,1.00
2014.12.15 15:06:06.184,1.24368,1.24371,3.56,1.00
2014.12.15 15:06:06.286,1.2437,1.24373,1.00,4.48
2014.12.15 15:06:06.489,1.24369,1.24371,1.69,1.35
2014.12.15 15:06:06.590,1.24368,1.24371,1.50,4.91
2014.12.15 15:06:06.692,1.24368,1.24371,1.00,4.86
2014.12.15 15:06:06.793,1.24366,1.24368,1.50,1.00
2014.12.15 15:06:07.355,1.24367,1.24368,1.00,1.00
2014.12.15 15:06:07.507,1.24369,1.24371,1.00,1.73
2014.12.15 15:06:07.608,1.24369,1.24372,1.50,3.17
2014.12.15 15:06:08.114,1.24369,1.24372,1.00,1.48
2014.12.15 15:06:08.467,1.24366,1.2437,2.25,1.69
2014.12.15 15:06:08.720,1.24365,1.2437,7.39,9.05
2014.12.15 15:06:09.487,1.24365,1.2437,7.99,7.55
2014.12.15 15:06:09.993,1.24365,1.2437,5.81,9.56
2014.12.15 15:06:10.600,1.24363,1.24367,4.05,1.12
2014.12.15 15:06:10.651,1.24358,1.24362,5.25,1.87
2014.12.15 15:06:10.702,1.24359,1.24362,2.25,3.75
2014.12.15 15:06:10.905,1.24357,1.2436,1.00,2.44
2014.12.15 15:06:11.157,1.24355,1.2436,5.81,5.01
2014.12.15 15:06:12.116,1.24355,1.24358,3.94,1.50
2014.12.15 15:06:12.622,1.24355,1.24357,3.75,3.75
2014.12.15 15:06:12.673,1.24352,1.24355,1.87,1.50
2014.12.15 15:06:12.723,1.2435,1.24355,3.56,4.37
2014.12.15 15:06:13.329,1.24353,1.24355,2.10,1.00
2014.12.15 15:06:13.431,1.24354,1.24357,5.25,1.87
2014.12.15 15:06:13.936,1.24354,1.24357,5.44,1.00
2014.12.15 15:06:14.491,1.24354,1.24357,4.69,1.00
2014.12.15 15:06:15.217,1.24354,1.24356,3.00,1.50
2014.12.15 15:06:15.370,1.24351,1.24354,1.00,3.56
2014.12.15 15:06:15.876,1.24349,1.24354,2.81,1.12
2014.12.15 15:06:16.382,1.2435,1.24354,2.81,1.00
2014.12.15 15:06:16.887,1.2435,1.24354,2.81,1.12
2014.12.15 15:06:17.089,1.24354,1.24356,10.42,1.50
2014.12.15 15:06:17.191,1.24354,1.24357,5.74,1.20
2014.12.15 15:06:17.695,1.24354,1.24357,6.19,1.30
2014.12.15 15:06:18.402,1.24354,1.24356,5.25,2.40
2014.12.15 15:06:18.554,1.24352,1.24355,1.50,5.62
2014.12.15 15:06:18.655,1.2435,1.24355,1.31,8.20
2014.12.15 15:06:18.756,1.2435,1.24355,1.31,7.44
2014.12.15 15:06:18.857,1.2435,1.24354,1.19,3.07
2014.12.15 15:06:19.407,1.24349,1.24354,3.56,3.17
2014.12.15 15:06:19.609,1.24349,1.24354,3.56,2.25
2014.12.15 15:06:20.115,1.24349,1.24354,5.06,2.44
2014.12.15 15:06:21.085,1.24349,1.24354,4.12,5.50
2014.12.15 15:06:21.136,1.24349,1.24352,2.25,3.22
2014.12.15 15:06:21.237,1.24347,1.2435,1.12,1.00
2014.12.15 15:06:21.440,1.24345,1.24347,1.50,1.00
2014.12.15 15:06:21.744,1.24344,1.24345,3.00,1.50
2014.12.15 15:06:22.048,1.24341,1.24344,2.25,1.00
2014.12.15 15:06:22.150,1.24339,1.24343,2.85,1.00
2014.12.15 15:06:22.352,1.24341,1.24343,1.00,1.12
2014.12.15 15:06:23.059,1.2434,1.24343,2.61,1.95
2014.12.15 15:06:23.363,1.24338,1.24341,2.06,1.00
2014.12.15 15:06:23.868,1.24339,1.24342,1.00,1.20
2014.12.15 15:06:24.221,1.24341,1.24344,1.00,1.55
2014.12.15 15:06:24.727,1.24339,1.24341,1.69,1.00
2014.12.15 15:06:25.086,1.2434,1.24341,1.00,1.00
2014.12.15 15:06:25.339,1.24346,1.24347,1.11,1.00
2014.12.15 15:06:25.441,1.24348,1.2435,1.00,4.54
2014.12.15 15:06:25.542,1.24347,1.2435,1.11,3.17
2014.12.15 15:06:26.300,1.24346,1.2435,2.25,2.34
2014.12.15 15:06:26.823,1.24347,1.24349,1.00,2.05
2014.12.15 15:06:27.077,1.24345,1.24348,4.31,1.11
2014.12.15 15:06:27.282,1.24345,1.24348,1.00,1.27
2014.12.15 15:06:27.434,1.24342,1.24344,1.00,1.00
2014.12.15 15:06:27.941,1.24342,1.24345,1.11,1.30
2014.12.15 15:06:28.194,1.24344,1.24347,1.00,4.31
2014.12.15 15:06:28.397,1.24345,1.24348,1.12,1.05
2014.12.15 15:06:28.902,1.24346,1.24349,1.00,1.61
2014.12.15 15:06:29.054,1.24346,1.2435,1.25,4.09
2014.12.15 15:06:29.660,1.24346,1.2435,1.69,4.75
2014.12.15 15:06:30.165,1.24346,1.2435,1.69,3.40
2014.12.15 15:06:30.765,1.24346,1.24348,1.25,1.00
2014.12.15 15:06:30.968,1.24346,1.2435,2.44,5.12
2014.12.15 15:06:31.473,1.24344,1.24348,4.50,2.25
2014.12.15 15:06:31.777,1.24344,1.24346,5.44,1.49
2014.12.15 15:06:31.828,1.24344,1.24348,7.91,2.06
2014.12.15 15:06:32.131,1.24346,1.2435,1.00,5.87
2014.12.15 15:06:32.687,1.24345,1.2435,4.31,8.42
2014.12.15 15:06:33.545,1.24346,1.2435,1.50,6.17
2014.12.15 15:06:33.697,1.24346,1.24348,2.44,1.00
2014.12.15 15:06:33.849,1.24347,1.24349,3.79,1.12
2014.12.15 15:06:34.354,1.24348,1.2435,1.50,1.00
2014.12.15 15:06:34.878,1.24348,1.2435,1.50,1.00
2014.12.15 15:06:35.385,1.24349,1.2435,1.00,1.00
2014.12.15 15:06:35.790,1.24349,1.24352,1.69,2.25
2014.12.15 15:06:36.346,1.24349,1.24353,1.25,1.50
2014.12.15 15:06:36.549,1.24351,1.24353,1.00,1.00
2014.12.15 15:06:36.853,1.24354,1.24356,1.12,1.00
2014.12.15 15:06:37.257,1.24356,1.24357,1.00,1.57
2014.12.15 15:06:37.409,1.24356,1.2436,2.85,2.51
2014.12.15 15:06:37.460,1.24356,1.2436,4.54,2.62
2014.12.15 15:06:37.763,1.24356,1.2436,1.30,3.25
2014.12.15 15:06:37.814,1.24356,1.2436,1.10,3.25
2014.12.15 15:06:38.319,1.24356,1.24357,1.00,1.00
2014.12.15 15:06:39.076,1.24356,1.24358,1.00,1.25
2014.12.15 15:06:39.228,1.24354,1.24357,5.44,1.00
2014.12.15 15:06:39.855,1.24354,1.24357,5.44,1.00
2014.12.15 15:06:40.381,1.24355,1.24356,1.12,1.00
2014.12.15 15:06:40.483,1.24354,1.24355,1.00,4.50
2014.12.15 15:06:40.534,1.24352,1.24353,3.00,1.50
2014.12.15 15:06:40.636,1.24349,1.2435,2.06,1.00
2014.12.15 15:06:40.787,1.24348,1.2435,1.50,1.00
2014.12.15 15:06:41.292,1.24347,1.2435,1.69,1.00
2014.12.15 15:06:41.477,1.24349,1.24352,1.00,1.50
2014.12.15 15:06:41.781,1.24354,1.24355,2.56,1.00
2014.12.15 15:06:41.882,1.24354,1.24357,3.31,1.00
2014.12.15 15:06:42.338,1.24352,1.24355,1.00,2.25
2014.12.15 15:06:42.656,1.24348,1.24351,1.25,2.25
2014.12.15 15:06:43.638,1.24348,1.24351,2.00,1.00
2014.12.15 15:06:43.891,1.24347,1.24351,1.69,1.50
2014.12.15 15:06:44.497,1.2435,1.24351,1.00,1.50
2014.12.15 15:06:44.599,1.2435,1.24353,3.31,1.50
2014.12.15 15:06:45.106,1.24348,1.24353,2.44,3.75
2014.12.15 15:06:45.156,1.24348,1.24351,1.69,1.00
2014.12.15 15:06:45.207,1.24347,1.24351,1.76,1.50
2014.12.15 15:06:45.915,1.24347,1.24349,1.00,1.00
2014.12.15 15:06:46.447,1.24346,1.24349,1.69,1.00
2014.12.15 15:06:47.657,1.24346,1.2435,1.69,1.00
2014.12.15 15:06:49.838,1.24346,1.24349,1.50,1.00
2014.12.15 15:06:50.343,1.24346,1.2435,1.69,1.00
2014.12.15 15:06:51.674,1.24348,1.2435,1.00,1.00
2014.12.15 15:06:51.981,1.2435,1.24353,1.50,1.31
2014.12.15 15:06:52.741,1.2435,1.24354,1.87,1.69
2014.12.15 15:06:52.792,1.24353,1.24354,1.00,1.00
2014.12.15 15:06:53.196,1.24351,1.24355,1.25,2.44
2014.12.15 15:06:54.307,1.2435,1.24355,3.56,6.56
2014.12.15 15:06:54.811,1.2435,1.24354,1.12,4.31
2014.12.15 15:06:55.316,1.24349,1.24353,1.69,3.19
2014.12.15 15:06:55.838,1.24349,1.24353,2.06,3.94
2014.12.15 15:06:56.861,1.24349,1.24353,2.44,3.94
2014.12.15 15:06:58.589,1.24349,1.24351,1.25,1.00
2014.12.15 15:06:58.892,1.24346,1.24349,3.94,1.00
2014.12.15 15:06:59.751,1.24346,1.24349,2.44,1.00
2014.12.15 15:07:00.723,1.24346,1.2435,3.94,1.87
2014.12.15 15:07:01.034,1.24342,1.24343,2.25,3.60
2014.12.15 15:07:01.088,1.24341,1.24343,1.00,2.25
2014.12.15 15:07:01.595,1.2434,1.24343,1.50,1.50
2014.12.15 15:07:02.404,1.24341,1.24343,1.00,1.00
2014.12.15 15:07:02.909,1.2434,1.24343,1.25,1.50
2014.12.15 15:07:03.426,1.24339,1.24342,1.25,1.50
2014.12.15 15:07:06.151,1.24339,1.24343,1.75,3.94
2014.12.15 15:07:06.661,1.24339,1.24342,1.18,1.00
2014.12.15 15:07:07.167,1.24339,1.24342,2.93,1.00
2014.12.15 15:07:07.672,1.24339,1.24342,1.25,3.00
2014.12.15 15:07:07.875,1.24337,1.24341,3.94,3.00
2014.12.15 15:07:08.381,1.24336,1.2434,6.19,1.00
2014.12.15 15:07:08.937,1.24336,1.2434,5.44,1.25
2014.12.15 15:07:09.443,1.24337,1.24341,2.25,4.31
2014.12.15 15:07:09.948,1.24336,1.2434,5.81,3.56
2014.12.15 15:07:10.487,1.24336,1.24339,4.31,1.50
2014.12.15 15:07:11.174,1.24337,1.24339,1.12,1.50
2014.12.15 15:07:11.678,1.24336,1.24339,2.81,1.50
2014.12.15 15:07:12.186,1.24337,1.24339,1.31,1.12
2014.12.15 15:07:12.287,1.24337,1.24341,1.31,2.06
2014.12.15 15:07:14.107,1.24337,1.2434,1.31,1.00
2014.12.15 15:07:14.613,1.24337,1.24341,2.06,2.81
2014.12.15 15:07:15.522,1.24339,1.24341,3.60,2.06
2014.12.15 15:07:15.827,1.24344,1.24345,1.50,4.50
2014.12.15 15:07:15.928,1.2434,1.24343,10.12,1.87
2014.12.15 15:07:16.434,1.2434,1.24343,2.62,2.25
2014.12.15 15:07:17.141,1.2434,1.24343,2.06,2.25
2014.12.15 15:07:17.293,1.24346,1.24348,2.25,1.87
2014.12.15 15:07:17.445,1.24346,1.24349,1.50,1.50
2014.12.15 15:07:17.647,1.24345,1.24347,3.19,1.00
2014.12.15 15:07:17.748,1.24343,1.24346,1.50,1.50
2014.12.15 15:07:17.951,1.24344,1.24345,2.25,1.00
2014.12.15 15:07:18.405,1.24345,1.24347,4.50,1.50
2014.12.15 15:07:19.014,1.24341,1.24342,1.10,1.00
2014.12.15 15:07:19.065,1.2434,1.24342,1.00,1.50
2014.12.15 15:07:19.571,1.24339,1.24342,4.69,1.00
2014.12.15 15:07:20.076,1.24338,1.24341,1.69,1.00
2014.12.15 15:07:22.846,1.24338,1.24342,2.44,1.25
2014.12.15 15:07:23.351,1.24339,1.24342,2.44,1.00
2014.12.15 15:07:24.513,1.24338,1.24342,3.19,1.50
2014.12.15 15:07:25.018,1.24339,1.24341,1.00,1.00
2014.12.15 15:07:25.525,1.24339,1.24342,1.25,1.00
2014.12.15 15:07:26.041,1.24339,1.24341,1.25,1.00
2014.12.15 15:07:26.545,1.24339,1.24342,1.00,1.50
2014.12.15 15:07:27.050,1.2434,1.24343,2.06,1.50
2014.12.15 15:07:28.982,1.2434,1.24342,1.25,1.00
2014.12.15 15:07:29.134,1.24338,1.24341,3.26,1.00
2014.12.15 15:07:29.790,1.2434,1.24341,1.00,1.00
2014.12.15 15:07:30.143,1.24344,1.24345,1.00,18.07
2014.12.15 15:07:30.245,1.24345,1.24346,1.50,2.74
2014.12.15 15:07:30.346,1.24343,1.24345,3.19,1.10
2014.12.15 15:07:30.548,1.24341,1.24344,2.51,1.00
2014.12.15 15:07:31.053,1.24345,1.24346,1.00,4.87
2014.12.15 15:07:31.104,1.24346,1.24347,1.00,2.25
2014.12.15 15:07:31.357,1.24344,1.24346,1.00,2.25
2014.12.15 15:07:31.458,1.24342,1.24345,1.50,1.00
2014.12.15 15:07:31.610,1.24345,1.24346,1.50,1.00
2014.12.15 15:07:31.762,1.24346,1.24347,1.00,1.00
2014.12.15 15:07:32.277,1.24345,1.24347,2.06,1.00
2014.12.15 15:07:32.825,1.24345,1.24346,3.37,1.00
2014.12.15 15:07:33.330,1.24345,1.24347,3.37,1.00
2014.12.15 15:07:34.087,1.24345,1.24348,3.75,1.25
2014.12.15 15:07:34.289,1.24347,1.24348,1.50,1.00
2014.12.15 15:07:34.491,1.24347,1.24351,1.00,6.37
2014.12.15 15:07:35.047,1.24347,1.24349,1.00,1.00
2014.12.15 15:07:35.148,1.24346,1.24347,1.00,1.00
2014.12.15 15:07:35.654,1.24345,1.2435,7.31,7.76
2014.12.15 15:07:35.806,1.24347,1.2435,1.87,3.07
2014.12.15 15:07:36.311,1.24347,1.2435,3.56,1.00
2014.12.15 15:07:36.816,1.24347,1.24351,2.06,5.25
2014.12.15 15:07:37.317,1.24347,1.24351,2.62,4.50
2014.12.15 15:07:38.512,1.24347,1.2435,1.12,1.25
2014.12.15 15:07:39.018,1.24346,1.24349,1.50,1.50
2014.12.15 15:07:39.523,1.24347,1.24351,4.50,1.19
2014.12.15 15:07:39.826,1.24349,1.24351,3.75,1.25
2014.12.15 15:07:40.634,1.24349,1.24352,3.75,2.81
2014.12.15 15:07:41.176,1.24348,1.24352,1.25,3.56
2014.12.15 15:07:41.531,1.24347,1.2435,3.00,1.00
2014.12.15 15:07:42.070,1.24347,1.24349,1.00,1.25
2014.12.15 15:07:42.597,1.24347,1.24348,1.00,1.00
2014.12.15 15:07:42.901,1.24342,1.24343,1.00,1.00
2014.12.15 15:07:43.053,1.2434,1.24343,1.87,1.25
2014.12.15 15:07:43.306,1.24342,1.24344,1.00,2.06
2014.12.15 15:07:43.812,1.24341,1.24344,1.50,1.69
2014.12.15 15:07:44.670,1.2434,1.24344,2.25,1.69
2014.12.15 15:07:44.974,1.24341,1.24344,1.00,2.62
2014.12.15 15:07:45.177,1.24343,1.24346,1.00,2.44
2014.12.15 15:07:45.227,1.24342,1.24343,2.25,2.10
2014.12.15 15:07:45.379,1.24339,1.24343,4.57,2.06
2014.12.15 15:07:45.582,1.24341,1.24343,1.00,1.31
2014.12.15 15:07:46.142,1.2434,1.24344,1.50,2.44
2014.12.15 15:07:46.647,1.24341,1.24344,1.00,1.69
2014.12.15 15:07:46.950,1.24338,1.24339,3.00,1.00
2014.12.15 15:07:47.456,1.24338,1.24339,1.00,1.00
2014.12.15 15:07:47.760,1.24332,1.24333,1.12,1.25
2014.12.15 15:07:47.862,1.24331,1.24333,1.00,1.69
2014.12.15 15:07:48.064,1.24332,1.24333,1.25,1.00
2014.12.15 15:07:48.266,1.24332,1.24333,1.00,1.25
2014.12.15 15:07:48.418,1.2433,1.24333,1.87,1.25
2014.12.15 15:07:48.570,1.2433,1.24331,1.87,1.00
2014.12.15 15:07:48.773,1.24328,1.2433,1.50,3.56
2014.12.15 15:07:49.078,1.24326,1.24327,2.25,1.00
2014.12.15 15:07:49.583,1.24327,1.24328,1.00,2.44
2014.12.15 15:07:49.887,1.2432,1.24323,2.25,1.50
2014.12.15 15:07:50.443,1.2432,1.24324,1.25,7.69
2014.12.15 15:07:50.645,1.24318,1.24321,1.00,1.25
2014.12.15 15:07:50.797,1.24317,1.24319,1.47,1.00
2014.12.15 15:07:50.949,1.24316,1.24318,1.00,1.00
2014.12.15 15:07:51.253,1.24316,1.2432,1.00,4.69
2014.12.15 15:07:51.657,1.2432,1.24322,1.00,3.94
2014.12.15 15:07:51.758,1.24319,1.24322,1.00,3.19
2014.12.15 15:07:52.414,1.24318,1.24321,1.50,1.00
2014.12.15 15:07:52.919,1.24317,1.24321,1.01,2.44
2014.12.15 15:07:53.425,1.24317,1.2432,1.01,1.00
2014.12.15 15:07:54.839,1.24318,1.2432,1.00,1.00
2014.12.15 15:07:55.345,1.24318,1.24321,2.06,4.12
2014.12.15 15:07:55.900,1.24319,1.24321,1.00,3.75
2014.12.15 15:07:56.404,1.24319,1.24322,1.50,4.69
2014.12.15 15:07:56.758,1.24321,1.24323,1.87,1.00
2014.12.15 15:07:56.859,1.24325,1.24327,2.25,3.67
2014.12.15 15:07:56.910,1.24325,1.24327,2.01,2.25
2014.12.15 15:07:57.517,1.24325,1.24328,5.62,1.69
2014.12.15 15:07:57.769,1.24324,1.24327,3.19,2.25
2014.12.15 15:07:57.820,1.24323,1.24327,1.50,6.79
2014.12.15 15:07:58.326,1.24323,1.24326,1.69,4.50
2014.12.15 15:07:58.477,1.24325,1.24326,3.00,1.00
2014.12.15 15:07:58.528,1.24325,1.24326,3.00,1.00
2014.12.15 15:07:58.731,1.24325,1.24328,1.00,1.25
2014.12.15 15:07:59.203,1.24326,1.24328,1.00,1.00
2014.12.15 15:07:59.254,1.2433,1.24331,1.00,3.82
2014.12.15 15:07:59.507,1.24326,1.24329,1.50,1.00
2014.12.15 15:08:00.012,1.24326,1.24328,1.00,1.00
2014.12.15 15:08:00.538,1.24326,1.24329,1.00,1.00
2014.12.15 15:08:01.045,1.24326,1.2433,1.00,1.69
2014.12.15 15:08:01.551,1.24327,1.2433,1.00,1.25
2014.12.15 15:08:02.268,1.24327,1.24329,1.00,1.00
2014.12.15 15:08:02.750,1.24327,1.24329,1.12,1.00
2014.12.15 15:08:02.801,1.2433,1.24331,1.00,1.76
2014.12.15 15:08:03.005,1.24327,1.24328,1.00,1.00
2014.12.15 15:08:03.056,1.24327,1.24328,1.00,1.00
2014.12.15 15:08:03.563,1.24326,1.24328,1.50,1.31
2014.12.15 15:08:04.221,1.24325,1.24326,1.87,1.00
2014.12.15 15:08:05.180,1.24326,1.24327,1.00,1.00
2014.12.15 15:08:06.957,1.24326,1.24328,1.00,2.06
2014.12.15 15:08:08.294,1.24326,1.24327,1.00,1.00
2014.12.15 15:08:09.940,1.24326,1.24328,1.00,2.06
2014.12.15 15:08:10.863,1.24325,1.24326,3.37,1.30
2014.12.15 15:08:10.965,1.24323,1.24325,2.25,1.50
2014.12.15 15:08:11.066,1.24321,1.24324,1.10,2.44
2014.12.15 15:08:11.268,1.2432,1.24323,1.39,2.25
2014.12.15 15:08:11.572,1.24319,1.24321,1.00,1.37
2014.12.15 15:08:11.825,1.24319,1.24322,1.50,1.00
2014.12.15 15:08:12.064,1.24321,1.24322,1.00,1.50
2014.12.15 15:08:12.571,1.24319,1.24322,1.37,1.00
2014.12.15 15:08:12.774,1.24318,1.24322,1.57,1.69
2014.12.15 15:08:13.532,1.24318,1.24322,1.00,3.19
2014.12.15 15:08:13.836,1.24316,1.2432,1.10,1.31
2014.12.15 15:08:13.887,1.24315,1.24317,8.44,1.00
2014.12.15 15:08:14.192,1.24311,1.24315,1.01,7.54
2014.12.15 15:08:14.242,1.24311,1.24313,1.00,1.12
2014.12.15 15:08:14.344,1.2431,1.24313,1.87,1.69
2014.12.15 15:08:14.546,1.2431,1.24311,1.87,1.00
2014.12.15 15:08:14.799,1.24312,1.24314,2.55,1.37
2014.12.15 15:08:14.900,1.24312,1.24315,1.31,1.57
2014.12.15 15:08:15.052,1.24314,1.24315,3.75,4.06
2014.12.15 15:08:15.204,1.24315,1.24318,5.62,1.12
2014.12.15 15:08:15.306,1.24317,1.24318,1.00,1.12
2014.12.15 15:08:15.407,1.24315,1.24318,9.26,1.87
2014.12.15 15:08:15.936,1.24316,1.24318,1.00,1.50
2014.12.15 15:08:16.553,1.24317,1.24318,1.00,1.50
2014.12.15 15:08:17.058,1.24319,1.24321,1.00,1.76
2014.12.15 15:08:17.109,1.24319,1.2432,2.25,1.00
2014.12.15 15:08:17.210,1.24318,1.24322,2.25,6.67
2014.12.15 15:08:17.313,1.24318,1.2432,1.00,1.00
2014.12.15 15:08:17.819,1.24317,1.2432,4.01,1.00
2014.12.15 15:08:19.112,1.24318,1.2432,1.12,1.00
2014.12.15 15:08:19.535,1.24323,1.24325,1.12,4.42
2014.12.15 15:08:19.637,1.24321,1.24323,1.00,5.10
2014.12.15 15:08:20.345,1.2432,1.24323,6.00,1.25
2014.12.15 15:08:20.548,1.24318,1.24322,3.75,1.00
2014.12.15 15:08:21.053,1.24318,1.24321,1.00,1.25
2014.12.15 15:08:21.558,1.24318,1.24321,1.00,1.76
2014.12.15 15:08:21.710,1.24316,1.2432,2.06,2.81
2014.12.15 15:08:22.214,1.24316,1.2432,3.56,1.31
2014.12.15 15:08:23.678,1.24317,1.24319,1.00,1.10
2014.12.15 15:08:24.186,1.24316,1.24319,1.12,1.01
2014.12.15 15:08:24.237,1.24316,1.24317,1.12,1.00
2014.12.15 15:08:24.758,1.24316,1.24318,1.00,1.39
2014.12.15 15:08:25.996,1.24315,1.24316,2.25,1.00
2014.12.15 15:08:26.401,1.24313,1.24314,1.00,1.12
2014.12.15 15:08:26.553,1.24311,1.24314,1.50,1.69
2014.12.15 15:08:26.604,1.24311,1.24314,1.00,1.69
2014.12.15 15:08:26.806,1.24309,1.24311,1.00,1.00
2014.12.15 15:08:27.059,1.24307,1.2431,1.00,1.69
2014.12.15 15:08:27.311,1.24306,1.24308,2.25,1.00
2014.12.15 15:08:27.861,1.24307,1.24308,1.00,1.00
2014.12.15 15:08:28.164,1.24307,1.2431,1.00,1.31
2014.12.15 15:08:28.468,1.24304,1.24305,3.45,2.25
2014.12.15 15:08:28.518,1.24305,1.24306,4.12,4.12
2014.12.15 15:08:28.620,1.24301,1.24303,1.87,1.00
2014.12.15 15:08:28.771,1.24301,1.24305,1.00,7.12
2014.12.15 15:08:28.873,1.24302,1.24305,1.69,1.00
2014.12.15 15:08:29.277,1.24305,1.24307,1.50,3.00
2014.12.15 15:08:29.328,1.24305,1.24307,3.00,3.00
2014.12.15 15:08:29.986,1.24304,1.24307,1.50,1.69
2014.12.15 15:08:30.494,1.24302,1.24305,2.62,1.00
2014.12.15 15:08:30.849,1.24301,1.24303,1.00,1.00
2014.12.15 15:08:31.761,1.24301,1.24304,1.00,4.39
2014.12.15 15:08:32.116,1.24304,1.24305,1.00,8.92
2014.12.15 15:08:32.319,1.24305,1.24306,2.25,1.50
2014.12.15 15:08:33.681,1.24304,1.24305,1.00,1.00
2014.12.15 15:08:33.732,1.24302,1.24305,1.00,1.87
2014.12.15 15:08:33.884,1.243,1.24302,3.37,1.00
2014.12.15 15:08:34.457,1.24301,1.24303,2.47,1.25
2014.12.15 15:08:34.709,1.24305,1.24306,1.50,1.00
2014.12.15 15:08:35.616,1.24306,1.24309,1.00,1.31
2014.12.15 15:08:35.667,1.24306,1.24308,1.00,1.00
2014.12.15 15:08:36.020,1.24308,1.24309,1.25,1.12
2014.12.15 15:08:36.324,1.2431,1.24311,1.00,1.50
2014.12.15 15:08:36.526,1.24306,1.2431,6.37,1.00
2014.12.15 15:08:36.779,1.24306,1.24308,1.50,1.00
2014.12.15 15:08:37.082,1.24302,1.24305,1.12,4.69
2014.12.15 15:08:37.184,1.24301,1.24304,1.00,1.00
2014.12.15 15:08:37.537,1.24305,1.24306,2.25,1.00
2014.12.15 15:08:37.690,1.24305,1.24308,4.12,1.00
2014.12.15 15:08:38.044,1.24305,1.24306,3.75,1.00
2014.12.15 15:08:38.347,1.243,1.24304,1.69,1.00
2014.12.15 15:08:38.761,1.24302,1.24304,1.00,1.00
2014.12.15 15:08:39.270,1.24301,1.24304,1.50,1.00
2014.12.15 15:08:39.775,1.24304,1.24305,1.00,2.25
2014.12.15 15:08:39.876,1.24305,1.24306,2.25,1.00
2014.12.15 15:08:40.381,1.24305,1.24307,2.25,2.44
2014.12.15 15:08:40.634,1.24303,1.24306,1.00,2.29
2014.12.15 15:08:40.937,1.243,1.24302,1.57,2.10
2014.12.15 15:08:41.240,1.24296,1.24299,1.12,1.00
2014.12.15 15:08:41.443,1.2429,1.24292,12.67,1.00
2014.12.15 15:08:41.494,1.2429,1.24292,3.67,1.00
2014.12.15 15:08:41.545,1.24292,1.24293,1.00,2.85
2014.12.15 15:08:41.646,1.2429,1.24292,3.19,1.00
2014.12.15 15:08:42.151,1.2429,1.24293,3.19,1.50
2014.12.15 15:08:42.582,1.2429,1.24291,1.87,1.00
2014.12.15 15:08:42.633,1.24288,1.24291,1.25,1.35
2014.12.15 15:08:43.140,1.24287,1.2429,1.01,1.00
2014.12.15 15:08:43.345,1.24285,1.24287,8.06,1.00
2014.12.15 15:08:43.648,1.24287,1.2429,1.25,3.75
2014.12.15 15:08:43.750,1.24289,1.2429,1.25,1.50
2014.12.15 15:08:43.801,1.24289,1.24292,1.54,2.32
2014.12.15 15:08:43.903,1.24291,1.24292,1.50,2.25
2014.12.15 15:08:44.005,1.24292,1.24293,1.05,1.00
2014.12.15 15:08:44.055,1.24292,1.24293,2.36,1.00
2014.12.15 15:08:44.106,1.24295,1.24296,2.25,1.00
2014.12.15 15:08:44.208,1.24295,1.24297,2.25,2.25
2014.12.15 15:08:44.309,1.24295,1.24298,2.25,7.54
2014.12.15 15:08:44.815,1.24295,1.24297,2.25,2.06
2014.12.15 15:08:44.866,1.24295,1.24297,2.25,1.87
2014.12.15 15:08:48.394,1.24295,1.24296,2.25,1.00
2014.12.15 15:08:48.495,1.24293,1.24294,1.00,1.00
2014.12.15 15:08:48.546,1.24291,1.24293,1.12,1.69
2014.12.15 15:08:48.698,1.24288,1.24292,2.51,1.00
2014.12.15 15:08:49.203,1.24288,1.24291,1.01,2.25
2014.12.15 15:08:49.715,1.24286,1.2429,2.81,1.00
2014.12.15 15:08:50.148,1.24289,1.2429,3.60,1.00
2014.12.15 15:08:50.250,1.24289,1.24293,1.69,2.81
2014.12.15 15:08:50.704,1.24286,1.2429,6.19,1.00
2014.12.15 15:08:51.059,1.2429,1.24291,1.00,1.00
2014.12.15 15:08:51.110,1.24291,1.24294,1.00,2.25
2014.12.15 15:08:51.262,1.24295,1.24296,1.50,6.00
2014.12.15 15:08:51.313,1.24295,1.24296,1.50,6.75
2014.12.15 15:08:51.414,1.24292,1.24295,1.50,1.87
2014.12.15 15:08:51.465,1.24291,1.24295,1.00,7.87
2014.12.15 15:08:51.970,1.2429,1.24292,1.69,1.50
2014.12.15 15:08:52.324,1.24288,1.24292,3.00,2.25
2014.12.15 15:08:52.375,1.24295,1.24296,1.00,2.55
2014.12.15 15:08:52.425,1.24295,1.24296,2.25,2.92
2014.12.15 15:08:52.527,1.24295,1.24297,2.10,1.00
2014.12.15 15:08:53.032,1.24295,1.24298,2.44,5.85
2014.12.15 15:08:53.183,1.24294,1.24295,2.25,1.00
2014.12.15 15:08:53.487,1.24304,1.24305,1.00,2.25
2014.12.15 15:08:53.538,1.24306,1.24307,1.00,1.57
2014.12.15 15:08:53.639,1.24308,1.2431,1.00,3.30
2014.12.15 15:08:53.740,1.24309,1.24312,1.00,1.69
2014.12.15 15:08:54.247,1.24309,1.24312,1.50,1.69
2014.12.15 15:08:54.752,1.24308,1.2431,3.00,1.00
2014.12.15 15:08:54.854,1.24307,1.24309,1.00,1.00
2014.12.15 15:08:55.359,1.24307,1.2431,1.00,2.44
2014.12.15 15:08:56.940,1.24305,1.2431,5.44,3.19
2014.12.15 15:08:56.991,1.24305,1.24308,3.56,1.00
2014.12.15 15:08:57.294,1.24305,1.2431,5.81,3.37
2014.12.15 15:08:57.952,1.24305,1.24308,8.89,1.00
2014.12.15 15:08:58.255,1.24305,1.24306,3.00,1.35
2014.12.15 15:08:58.407,1.24304,1.24305,1.50,1.00
2014.12.15 15:08:58.912,1.24305,1.24306,3.00,1.00
2014.12.15 15:08:59.419,1.24305,1.24307,3.82,1.00
2014.12.15 15:08:59.522,1.24306,1.24309,1.00,2.25
2014.12.15 15:09:00.027,1.24306,1.2431,1.01,2.25
2014.12.15 15:09:00.583,1.24306,1.24309,1.25,1.00
2014.12.15 15:09:00.988,1.24308,1.2431,1.00,1.87
2014.12.15 15:09:01.089,1.24305,1.2431,14.70,1.50
2014.12.15 15:09:01.241,1.24305,1.24307,4.12,1.00
2014.12.15 15:09:01.444,1.24301,1.24304,1.10,1.50
2014.12.15 15:09:01.545,1.24305,1.24306,1.00,1.35
2014.12.15 15:09:01.646,1.24305,1.24306,1.00,1.00
2014.12.15 15:09:01.697,1.24305,1.24308,1.87,1.31
2014.12.15 15:09:02.203,1.24305,1.24309,1.00,1.25
2014.12.15 15:09:02.355,1.24305,1.24307,1.00,1.00
2014.12.15 15:09:02.709,1.24305,1.2431,2.25,3.19
2014.12.15 15:09:02.912,1.24313,1.24314,1.00,3.37
2014.12.15 15:09:03.114,1.24316,1.24319,2.25,1.87
2014.12.15 15:09:03.518,1.24316,1.24317,1.10,1.00
2014.12.15 15:09:03.670,1.24311,1.24314,1.10,1.00
2014.12.15 15:09:03.772,1.24309,1.24312,1.12,1.00
2014.12.15 15:09:03.873,1.24308,1.24311,1.57,1.00
2014.12.15 15:09:04.220,1.24308,1.24313,2.06,3.94
2014.12.15 15:09:04.726,1.24308,1.24312,1.39,1.12
2014.12.15 15:09:04.828,1.24308,1.2431,1.25,1.37
2014.12.15 15:09:05.334,1.24307,1.2431,1.25,4.50
2014.12.15 15:09:05.940,1.24307,1.2431,2.85,6.37
2014.12.15 15:09:06.244,1.24309,1.24313,1.69,3.94
2014.12.15 15:09:07.075,1.24309,1.24313,1.69,3.75
2014.12.15 15:09:07.548,1.24309,1.24313,2.44,1.50
2014.12.15 15:09:07.959,1.24308,1.24313,1.25,5.00
2014.12.15 15:09:08.465,1.24308,1.24311,1.00,2.44
2014.12.15 15:09:08.667,1.24309,1.24312,1.00,1.25
2014.12.15 15:09:09.172,1.24308,1.24312,2.44,1.25
2014.12.15 15:09:09.678,1.24308,1.24312,2.44,1.00
2014.12.15 15:09:10.356,1.24309,1.24313,1.25,3.19
2014.12.15 15:09:10.509,1.2431,1.24313,11.44,1.87
2014.12.15 15:09:10.762,1.24316,1.24318,2.62,1.00
2014.12.15 15:09:11.015,1.24318,1.24319,1.00,1.00
2014.12.15 15:09:11.318,1.24316,1.24319,3.94,1.00
2014.12.15 15:09:13.349,1.24316,1.24318,1.25,1.00
2014.12.15 15:09:13.876,1.24315,1.24317,2.81,1.00
2014.12.15 15:09:16.186,1.24315,1.24319,5.06,2.81
2014.12.15 15:09:16.288,1.24317,1.2432,1.00,6.64
2014.12.15 15:09:16.792,1.24318,1.2432,1.00,1.00
2014.12.15 15:09:17.780,1.24319,1.2432,1.00,1.50
2014.12.15 15:09:18.084,1.24324,1.24325,3.75,3.00
2014.12.15 15:09:18.185,1.24326,1.24327,1.50,1.00
2014.12.15 15:09:18.691,1.24326,1.24329,1.50,1.62
2014.12.15 15:09:18.944,1.24325,1.24326,1.50,5.10
2014.12.15 15:09:19.045,1.24321,1.24324,1.87,1.50
2014.12.15 15:09:19.146,1.2432,1.24323,5.25,1.35
2014.12.15 15:09:19.652,1.24319,1.24324,7.39,4.31
2014.12.15 15:09:20.165,1.24321,1.24324,1.50,1.31
2014.12.15 15:09:20.268,1.24323,1.24325,2.25,4.87
2014.12.15 15:09:20.470,1.24325,1.24328,2.25,1.87
2014.12.15 15:09:20.925,1.24323,1.24324,1.00,1.00
2014.12.15 15:09:21.077,1.24322,1.24324,1.10,1.00
2014.12.15 15:09:21.583,1.24326,1.24327,1.00,3.82
2014.12.15 15:09:21.634,1.24326,1.24328,1.00,1.12
2014.12.15 15:09:21.686,1.24326,1.24329,1.00,1.20
2014.12.15 15:09:22.193,1.24325,1.24329,2.62,2.06
2014.12.15 15:09:22.866,1.24325,1.24326,1.12,2.10
2014.12.15 15:09:23.120,1.24321,1.24323,1.00,1.00
2014.12.15 15:09:23.626,1.2432,1.24323,1.00,1.69
2014.12.15 15:09:23.828,1.24322,1.24323,1.00,1.00
2014.12.15 15:09:24.132,1.24325,1.24328,2.44,1.87
2014.12.15 15:09:24.183,1.24327,1.24329,2.10,1.95
2014.12.15 15:09:24.233,1.24329,1.2433,1.00,3.75
2014.12.15 15:09:24.537,1.24332,1.24333,1.69,1.10
2014.12.15 15:09:24.588,1.24335,1.24336,1.50,1.12
2014.12.15 15:09:24.690,1.24335,1.24338,1.69,1.00
2014.12.15 15:09:25.296,1.24335,1.24337,1.10,1.00
2014.12.15 15:09:25.448,1.24334,1.24335,4.05,1.00
2014.12.15 15:09:25.752,1.24328,1.24331,2.32,1.00
2014.12.15 15:09:26.257,1.24328,1.24332,1.00,1.25
2014.12.15 15:09:26.611,1.24332,1.24333,1.87,1.12
2014.12.15 15:09:26.901,1.24334,1.24337,2.06,4.12
2014.12.15 15:09:27.205,1.24336,1.24338,1.00,1.50
2014.12.15 15:09:27.711,1.24337,1.24339,1.00,1.50
2014.12.15 15:09:27.863,1.24335,1.24339,1.10,1.50
2014.12.15 15:09:28.368,1.24335,1.24338,1.01,1.00
2014.12.15 15:09:28.874,1.24335,1.24339,2.51,3.00
2014.12.15 15:09:29.380,1.24337,1.24338,1.00,1.00
2014.12.15 15:09:29.481,1.24336,1.2434,2.44,3.94
2014.12.15 15:09:29.633,1.24338,1.2434,1.00,1.25
2014.12.15 15:09:30.038,1.24336,1.2434,1.01,2.44
2014.12.15 15:09:30.343,1.24336,1.24339,1.00,3.22
2014.12.15 15:09:30.647,1.24329,1.24331,1.12,4.50
2014.12.15 15:09:30.952,1.24323,1.24324,1.05,1.00
2014.12.15 15:09:31.053,1.24321,1.24322,1.50,1.00
2014.12.15 15:09:31.559,1.24322,1.24323,1.00,1.00
2014.12.15 15:09:31.762,1.2432,1.24322,1.50,1.00
2014.12.15 15:09:32.419,1.24321,1.24322,1.00,1.00
2014.12.15 15:09:32.924,1.2432,1.24324,2.25,4.69
2014.12.15 15:09:33.429,1.24321,1.24324,1.00,3.19
2014.12.15 15:09:33.947,1.2432,1.24324,1.50,3.94
2014.12.15 15:09:34.454,1.2432,1.24323,1.00,3.41
2014.12.15 15:09:34.959,1.24319,1.24321,1.12,3.56
2014.12.15 15:09:35.818,1.24321,1.24323,1.00,3.41
2014.12.15 15:09:36.021,1.24321,1.24323,1.00,2.06
2014.12.15 15:09:36.123,1.24323,1.24324,1.00,3.26
2014.12.15 15:09:36.427,1.24323,1.24325,2.32,2.81
2014.12.15 15:09:36.477,1.24325,1.24326,1.00,7.35
2014.12.15 15:09:36.629,1.24325,1.24327,1.50,2.14
2014.12.15 15:09:36.832,1.24326,1.24329,1.50,2.44
2014.12.15 15:09:38.195,1.24326,1.24328,1.50,1.25
2014.12.15 15:09:38.347,1.24323,1.24327,2.51,2.44
2014.12.15 15:09:38.852,1.24323,1.24326,1.00,2.44
2014.12.15 15:09:39.307,1.24321,1.24324,3.26,1.00
2014.12.15 15:09:39.839,1.2432,1.24323,2.89,1.00
2014.12.15 15:09:40.601,1.24319,1.24323,2.06,4.91
2014.12.15 15:09:41.005,1.24322,1.24323,1.00,1.57
2014.12.15 15:09:41.459,1.24319,1.24323,3.56,4.91
2014.12.15 15:09:42.015,1.24321,1.24323,1.00,2.06
2014.12.15 15:09:42.318,1.24319,1.24323,5.81,6.11
2014.12.15 15:09:42.520,1.24319,1.24321,4.12,1.25
2014.12.15 15:09:42.823,1.24316,1.24318,2.25,1.50
2014.12.15 15:09:43.278,1.24314,1.24315,3.75,1.00
2014.12.15 15:09:43.379,1.24311,1.24312,1.80,1.00
2014.12.15 15:09:43.481,1.2431,1.24312,1.50,1.00
2014.12.15 15:09:44.393,1.24309,1.24312,1.00,1.12
2014.12.15 15:09:45.203,1.24308,1.24312,2.62,3.56
2014.12.15 15:09:45.909,1.24309,1.24312,1.00,2.62
2014.12.15 15:09:46.414,1.24308,1.2431,2.62,1.00
2014.12.15 15:09:46.767,1.24307,1.24308,1.12,1.00
2014.12.15 15:09:47.071,1.24301,1.24302,1.00,1.50
2014.12.15 15:09:47.374,1.24299,1.243,1.69,1.00
2014.12.15 15:09:47.880,1.24298,1.243,1.50,1.00
2014.12.15 15:09:48.132,1.24299,1.243,3.00,1.00
2014.12.15 15:09:48.234,1.24301,1.24302,1.50,1.00
2014.12.15 15:09:48.284,1.24303,1.24304,1.00,3.00
2014.12.15 15:09:48.386,1.24304,1.24306,1.00,2.62
2014.12.15 15:09:48.721,1.24306,1.24308,1.00,1.95
2014.12.15 15:09:49.330,1.24307,1.24308,1.00,1.12
2014.12.15 15:09:50.037,1.24306,1.24308,1.69,1.12
2014.12.15 15:09:50.544,1.24305,1.24308,2.06,1.20
2014.12.15 15:09:51.049,1.24306,1.24308,1.00,1.12
2014.12.15 15:09:52.865,1.24304,1.24307,3.82,1.50
2014.12.15 15:09:52.916,1.24304,1.24305,3.82,2.25
2014.12.15 15:09:53.271,1.24304,1.24307,1.31,1.57
2014.12.15 15:09:53.423,1.24306,1.24308,1.00,2.06
2014.12.15 15:09:53.928,1.24305,1.24308,1.00,1.69
2014.12.15 15:09:54.231,1.24304,1.24305,3.37,4.12
2014.12.15 15:09:54.736,1.24304,1.24308,6.19,2.44
2014.12.15 15:09:54.787,1.24304,1.24308,6.56,2.44
2014.12.15 15:09:55.292,1.24305,1.24307,2.81,1.00
2014.12.15 15:09:55.799,1.24306,1.24307,1.00,1.00
2014.12.15 15:09:56.304,1.24306,1.24308,1.00,2.62
2014.12.15 15:09:56.556,1.24304,1.24307,8.06,1.00
2014.12.15 15:09:57.098,1.24304,1.24308,4.69,5.06
2014.12.15 15:09:57.850,1.24304,1.24308,2.06,4.31
2014.12.15 15:09:58.356,1.24306,1.24307,1.00,2.25
2014.12.15 15:09:58.688,1.24309,1.2431,1.35,1.00
2014.12.15 15:09:58.739,1.24312,1.24313,1.42,2.62
2014.12.15 15:09:58.841,1.24313,1.24315,1.00,4.05
2014.12.15 15:09:58.942,1.24314,1.24315,1.50,2.25
2014.12.15 15:09:59.195,1.24316,1.24318,1.00,2.25
2014.12.15 15:09:59.700,1.24314,1.24317,3.94,1.87
2014.12.15 15:10:00.652,1.24316,1.24317,1.00,1.12
2014.12.15 15:10:01.160,1.24314,1.24315,1.25,1.00
2014.12.15 15:10:01.261,1.24312,1.24314,1.57,1.50
2014.12.15 15:10:01.568,1.2431,1.24314,3.64,1.69
2014.12.15 15:10:02.226,1.24311,1.24314,1.00,1.69
2014.12.15 15:10:03.035,1.24311,1.24314,1.69,1.00
2014.12.15 15:10:03.288,1.24314,1.24316,2.44,1.12
2014.12.15 15:10:03.339,1.24314,1.24316,3.94,1.12
2014.12.15 15:10:03.440,1.24314,1.24318,3.94,2.89
2014.12.15 15:10:03.642,1.24314,1.24315,5.44,1.00
2014.12.15 15:10:04.046,1.24314,1.24317,3.75,1.69
2014.12.15 15:10:05.057,1.24314,1.24316,3.94,1.00
2014.12.15 15:10:05.404,1.24312,1.24315,1.25,2.25
2014.12.15 15:10:05.858,1.24314,1.24317,1.50,2.51
2014.12.15 15:10:05.961,1.24314,1.24318,7.54,1.76
2014.12.15 15:10:06.517,1.24314,1.24317,1.50,1.00
2014.12.15 15:10:06.669,1.24313,1.24315,2.25,1.00
2014.12.15 15:10:07.527,1.24313,1.24314,1.50,1.00
2014.12.15 15:10:08.034,1.24312,1.24315,1.31,7.50
2014.12.15 15:10:08.557,1.24312,1.24314,1.31,1.00
2014.12.15 15:10:09.063,1.24312,1.24315,1.31,6.00
2014.12.15 15:10:10.635,1.24312,1.24315,4.50,1.12
2014.12.15 15:10:11.140,1.24313,1.24316,2.44,1.00
2014.12.15 15:10:11.646,1.24313,1.24315,2.44,1.00
2014.12.15 15:10:12.181,1.24312,1.24315,1.00,6.37
2014.12.15 15:10:12.687,1.24311,1.24314,1.69,1.00
2014.12.15 15:10:13.192,1.24311,1.24314,3.34,1.00
2014.12.15 15:10:14.094,1.24311,1.24315,2.59,8.25
2014.12.15 15:10:14.600,1.24311,1.24314,1.34,1.00
2014.12.15 15:10:15.309,1.24311,1.24314,1.84,2.47
2014.12.15 15:10:17.098,1.24312,1.24314,1.07,1.31
2014.12.15 15:10:17.603,1.24311,1.24313,1.00,2.85
2014.12.15 15:10:17.906,1.24309,1.24311,1.25,1.37
2014.12.15 15:10:18.008,1.24307,1.24308,2.25,1.00
2014.12.15 15:10:18.462,1.24303,1.24304,3.07,1.00
2014.12.15 15:10:18.563,1.24303,1.24304,1.10,1.00
2014.12.15 15:10:19.070,1.24303,1.24305,1.00,1.00
2014.12.15 15:10:19.272,1.24303,1.24305,1.50,1.00
2014.12.15 15:10:19.424,1.243,1.24302,1.00,1.00
2014.12.15 15:10:22.088,1.24299,1.24302,1.00,1.50
2014.12.15 15:10:22.451,1.24301,1.24302,1.00,1.50
2014.12.15 15:10:22.969,1.243,1.24302,1.00,1.50
2014.12.15 15:10:23.684,1.24299,1.24301,1.00,1.00
2014.12.15 15:10:24.038,1.24296,1.24298,4.39,1.00
2014.12.15 15:10:24.342,1.2429,1.24291,1.65,3.00
2014.12.15 15:10:24.545,1.24291,1.24293,1.00,1.25
2014.12.15 15:10:25.050,1.2429,1.24293,2.40,1.25
2014.12.15 15:10:25.657,1.24291,1.24293,1.00,1.00
2014.12.15 15:10:26.484,1.2429,1.24293,3.75,1.00
2014.12.15 15:10:26.989,1.24291,1.24292,1.00,1.00
2014.12.15 15:10:27.458,1.24294,1.24295,1.00,6.00
2014.12.15 15:10:27.560,1.24294,1.24296,4.35,6.07
2014.12.15 15:10:28.073,1.24295,1.24296,1.00,1.00
2014.12.15 15:10:28.586,1.24294,1.24296,5.44,1.00
2014.12.15 15:10:29.096,1.24296,1.24297,1.69,1.00
2014.12.15 15:10:29.298,1.24297,1.24299,2.44,1.00
2014.12.15 15:10:29.399,1.24299,1.243,1.00,1.00
2014.12.15 15:10:29.450,1.24299,1.24302,1.00,2.25
2014.12.15 15:10:30.056,1.243,1.24302,1.00,1.50
2014.12.15 15:10:30.574,1.24299,1.24302,1.25,3.00
2014.12.15 15:10:31.289,1.24299,1.24302,1.62,1.12
2014.12.15 15:10:32.247,1.24301,1.24302,1.00,1.00
2014.12.15 15:10:32.954,1.243,1.24302,3.00,1.00
2014.12.15 15:10:33.711,1.24301,1.24302,1.00,1.00
2014.12.15 15:10:34.217,1.243,1.24301,1.00,1.00
2014.12.15 15:10:34.722,1.24299,1.243,1.50,1.00
2014.12.15 15:10:35.329,1.243,1.24301,1.50,1.00
2014.12.15 15:10:35.531,1.243,1.24301,1.00,1.00
2014.12.15 15:10:35.734,1.24304,1.24305,1.00,3.00
2014.12.15 15:10:35.785,1.24305,1.24308,1.25,1.87
2014.12.15 15:10:35.886,1.24305,1.24308,3.56,1.00
2014.12.15 15:10:36.393,1.24306,1.24308,1.69,1.00
2014.12.15 15:10:39.571,1.24305,1.24306,4.31,1.00
2014.12.15 15:10:39.774,1.24302,1.24303,1.12,1.00
2014.12.15 15:10:40.685,1.24301,1.24304,1.87,1.87
2014.12.15 15:10:40.837,1.243,1.24302,1.00,1.50
2014.12.15 15:10:41.091,1.24298,1.24302,3.19,2.25
2014.12.15 15:10:41.192,1.24298,1.24302,2.06,2.25
2014.12.15 15:10:41.851,1.24297,1.243,2.44,1.50
2014.12.15 15:10:42.357,1.24296,1.243,3.94,4.69
2014.12.15 15:10:42.864,1.24296,1.24299,3.94,1.00
2014.12.15 15:10:43.621,1.24296,1.24299,3.56,1.37
2014.12.15 15:10:44.580,1.24296,1.24299,2.62,1.00
2014.12.15 15:10:45.893,1.24295,1.24296,3.19,1.00
2014.12.15 15:10:45.995,1.24294,1.24295,1.10,6.00
2014.12.15 15:10:46.046,1.24292,1.24293,1.25,1.00
2014.12.15 15:10:46.097,1.24292,1.24293,1.25,1.00
2014.12.15 15:10:46.601,1.24291,1.24293,2.25,1.00
2014.12.15 15:10:47.208,1.2429,1.24293,1.20,1.50
2014.12.15 15:10:48.027,1.24291,1.24293,1.50,1.00
2014.12.15 15:10:48.179,1.24291,1.24295,2.25,4.50
2014.12.15 15:10:48.382,1.2429,1.24293,1.09,1.12
2014.12.15 15:10:48.988,1.2429,1.24293,1.09,1.12
2014.12.15 15:10:51.784,1.24289,1.2429,1.87,1.00
2014.12.15 15:10:51.936,1.24287,1.24289,3.00,1.00
2014.12.15 15:10:52.442,1.24286,1.24289,3.19,1.50
2014.12.15 15:10:52.947,1.24287,1.24289,1.69,1.00
2014.12.15 15:10:54.042,1.24286,1.24289,3.94,1.00
2014.12.15 15:10:56.384,1.24287,1.2429,1.87,1.69
2014.12.15 15:10:56.435,1.24289,1.24291,1.00,1.76
2014.12.15 15:10:56.941,1.2429,1.24291,1.50,1.00
2014.12.15 15:10:57.454,1.2429,1.24292,2.25,1.00
2014.12.15 15:10:57.966,1.24289,1.24291,1.00,1.00
2014.12.15 15:10:58.472,1.24289,1.2429,1.00,1.00
2014.12.15 15:10:59.716,1.24287,1.24289,2.44,1.00
2014.12.15 15:10:59.817,1.24287,1.24289,2.44,1.00
2014.12.15 15:11:00.576,1.24288,1.24291,1.00,4.69
2014.12.15 15:11:00.627,1.24288,1.24291,2.25,1.69
2014.12.15 15:11:00.678,1.2429,1.24291,1.00,1.00
2014.12.15 15:11:01.183,1.24291,1.24293,1.00,2.25
2014.12.15 15:11:01.487,1.24295,1.24299,2.25,4.69
2014.12.15 15:11:01.992,1.24295,1.24298,3.00,1.00
2014.12.15 15:11:02.197,1.24294,1.24295,4.69,1.00
2014.12.15 15:11:02.450,1.24291,1.24292,1.00,1.00
2014.12.15 15:11:02.803,1.24291,1.24295,3.75,6.37
2014.12.15 15:11:02.904,1.24291,1.24292,3.75,1.00
2014.12.15 15:11:04.123,1.24294,1.24295,1.00,1.50
2014.12.15 15:11:04.376,1.24292,1.24295,2.25,6.00
2014.12.15 15:11:04.630,1.24291,1.24292,3.19,1.00
2014.12.15 15:11:05.336,1.24292,1.24295,1.00,5.62
2014.12.15 15:11:06.144,1.24293,1.24295,1.00,1.50
2014.12.15 15:11:06.397,1.24291,1.24292,5.44,1.00
2014.12.15 15:11:06.751,1.24291,1.24294,3.75,1.50
2014.12.15 15:11:06.852,1.24293,1.24294,1.00,1.50
2014.12.15 15:11:06.953,1.24294,1.24296,1.00,1.00
2014.12.15 15:11:07.206,1.24292,1.24295,3.37,3.37
2014.12.15 15:11:07.831,1.24291,1.24294,3.19,1.00
2014.12.15 15:11:08.567,1.24293,1.24294,1.00,1.00
2014.12.15 15:11:08.770,1.24294,1.24298,6.19,1.31
2014.12.15 15:11:09.376,1.24295,1.24298,2.62,1.25
2014.12.15 15:11:09.892,1.24295,1.24298,1.25,1.37
2014.12.15 15:11:10.399,1.24295,1.24298,2.06,1.00
2014.12.15 15:11:11.539,1.24295,1.24298,1.87,3.22
2014.12.15 15:11:11.843,1.2429,1.24294,4.31,1.00
2014.12.15 15:11:12.623,1.2429,1.24294,6.19,1.69
2014.12.15 15:11:13.640,1.24291,1.24294,1.50,1.00
2014.12.15 15:11:15.599,1.24291,1.24294,1.50,3.04
2014.12.15 15:11:15.752,1.24288,1.24291,2.25,3.19
2014.12.15 15:11:16.869,1.24288,1.2429,2.25,1.00
2014.12.15 15:11:17.123,1.24288,1.24292,2.25,4.50
2014.12.15 15:11:17.224,1.2429,1.24292,1.50,3.75
2014.12.15 15:11:18.032,1.24291,1.24293,1.00,2.81
2014.12.15 15:11:18.336,1.24294,1.24295,3.00,1.10
2014.12.15 15:11:18.437,1.24294,1.24297,4.50,1.69
2014.12.15 15:11:18.691,1.24294,1.24295,3.37,1.00
2014.12.15 15:11:18.843,1.24291,1.24293,1.00,1.00
2014.12.15 15:11:19.348,1.2429,1.24293,1.12,1.00
2014.12.15 15:11:20.509,1.2429,1.24292,1.31,1.00
2014.12.15 15:11:20.754,1.24288,1.24291,3.19,1.00
2014.12.15 15:11:20.856,1.2429,1.24291,1.00,1.00
2014.12.15 15:11:21.109,1.24288,1.2429,1.50,1.00
2014.12.15 15:11:21.262,1.24287,1.24288,2.06,1.50
2014.12.15 15:11:21.465,1.24281,1.24283,2.25,1.50
2014.12.15 15:11:22.075,1.2428,1.24282,2.44,2.25
2014.12.15 15:11:22.227,1.24279,1.24282,1.50,3.44
2014.12.15 15:11:22.632,1.24279,1.24282,1.00,2.25
2014.12.15 15:11:23.137,1.24279,1.24282,1.50,2.69
2014.12.15 15:11:23.238,1.24277,1.24281,4.91,4.69
2014.12.15 15:11:25.371,1.24278,1.24281,1.25,2.12
2014.12.15 15:11:25.473,1.2428,1.24281,1.00,1.12
2014.12.15 15:11:25.575,1.24277,1.24281,3.75,2.25
2014.12.15 15:11:25.625,1.24277,1.24279,3.37,1.00
2014.12.15 15:11:26.863,1.24274,1.24276,9.00,1.00
2014.12.15 15:11:27.318,1.24274,1.24277,5.10,1.50
2014.12.15 15:11:27.851,1.24276,1.24278,1.00,1.50
2014.12.15 15:11:28.208,1.2428,1.24281,1.00,2.06
2014.12.15 15:11:28.259,1.24282,1.24284,1.35,1.87
2014.12.15 15:11:28.310,1.24287,1.24288,1.00,7.12
2014.12.15 15:11:28.510,1.24287,1.2429,4.54,1.50
2014.12.15 15:11:28.611,1.24287,1.2429,5.06,1.00
2014.12.15 15:11:28.965,1.24284,1.24285,3.75,3.75
2014.12.15 15:11:29.067,1.24285,1.24286,1.69,2.25
2014.12.15 15:11:29.118,1.24285,1.24286,2.81,1.87
2014.12.15 15:11:29.320,1.24286,1.2429,2.06,2.62
2014.12.15 15:11:29.825,1.24288,1.2429,1.00,1.00
2014.12.15 15:11:30.330,1.24288,1.2429,1.19,1.00
2014.12.15 15:11:30.381,1.24288,1.24292,1.19,1.87
2014.12.15 15:11:30.939,1.24289,1.24291,1.31,1.00
2014.12.15 15:11:31.345,1.24287,1.24289,1.37,2.10
2014.12.15 15:11:31.649,1.24278,1.2428,1.50,1.48
2014.12.15 15:11:31.700,1.24278,1.2428,1.12,1.86
2014.12.15 15:11:32.054,1.24276,1.24278,1.19,1.00
2014.12.15 15:11:32.357,1.24277,1.2428,1.00,1.87
2014.12.15 15:11:32.610,1.24277,1.24278,1.00,1.00
2014.12.15 15:11:32.661,1.24276,1.24278,3.19,1.00
2014.12.15 15:11:32.914,1.24276,1.2428,3.00,2.25
2014.12.15 15:11:33.571,1.24277,1.2428,1.00,1.00
2014.12.15 15:11:34.077,1.24277,1.24281,1.00,1.69
2014.12.15 15:11:36.209,1.24278,1.24281,1.00,1.50
2014.12.15 15:11:36.310,1.24278,1.24279,1.00,1.00
2014.12.15 15:11:36.361,1.24276,1.24279,2.44,1.00
2014.12.15 15:11:36.866,1.24276,1.24278,1.25,1.00
2014.12.15 15:11:37.390,1.24276,1.24279,2.32,1.00
2014.12.15 15:11:37.894,1.24276,1.24279,2.51,1.00
2014.12.15 15:11:38.553,1.24276,1.24278,1.25,1.00
2014.12.15 15:11:38.755,1.24274,1.24276,6.64,1.00
2014.12.15 15:11:39.267,1.24274,1.24277,3.26,1.00
2014.12.15 15:11:39.778,1.24274,1.24277,3.26,1.00
2014.12.15 15:11:40.663,1.24275,1.24277,1.50,1.00
2014.12.15 15:11:40.866,1.24276,1.24279,2.51,1.00
2014.12.15 15:11:40.968,1.24277,1.24281,1.00,3.94
2014.12.15 15:11:41.119,1.24277,1.24279,1.57,1.00
2014.12.15 15:11:41.635,1.24278,1.24279,1.00,1.00
2014.12.15 15:11:42.155,1.24278,1.2428,1.00,1.00
2014.12.15 15:11:42.767,1.24279,1.24281,2.85,1.00
2014.12.15 15:11:43.070,1.24286,1.24288,1.10,1.00
2014.12.15 15:11:43.575,1.24286,1.24289,1.12,1.50
2014.12.15 15:11:44.180,1.24288,1.2429,1.00,2.62
2014.12.15 15:11:44.685,1.24288,1.24289,1.00,1.00
2014.12.15 15:11:45.260,1.24287,1.24289,1.00,1.50
2014.12.15 15:11:45.361,1.24285,1.24288,6.19,1.00
2014.12.15 15:11:45.716,1.24287,1.24291,2.44,1.50
2014.12.15 15:11:45.817,1.24288,1.24292,1.69,2.44
2014.12.15 15:11:46.372,1.24288,1.2429,1.25,1.00
2014.12.15 15:11:47.835,1.24288,1.24291,1.50,1.00
2014.12.15 15:11:48.138,1.2429,1.24292,1.00,2.25
2014.12.15 15:11:48.189,1.24288,1.24292,2.44,2.25
2014.12.15 15:11:48.703,1.24288,1.24291,3.19,1.00
2014.12.15 15:11:49.210,1.24288,1.2429,1.25,1.00
2014.12.15 15:11:49.917,1.24288,1.24291,1.50,1.00
2014.12.15 15:11:50.422,1.24288,1.2429,1.00,1.00
2014.12.15 15:11:50.927,1.24287,1.24289,1.00,1.00
2014.12.15 15:11:51.432,1.24288,1.2429,1.00,1.50
2014.12.15 15:11:51.734,1.24285,1.2429,3.94,1.69
2014.12.15 15:11:51.785,1.24285,1.24288,3.19,1.12
2014.12.15 15:11:52.240,1.24285,1.2429,6.56,3.56
2014.12.15 15:11:52.897,1.24285,1.24289,4.69,1.00
2014.12.15 15:11:53.305,1.24285,1.24286,2.81,1.00
2014.12.15 15:11:53.509,1.24281,1.24284,2.14,1.00
2014.12.15 15:11:53.712,1.24283,1.24284,1.50,1.00
2014.12.15 15:11:53.915,1.24285,1.24287,1.00,1.00
2014.12.15 15:11:54.522,1.24286,1.24289,1.00,1.50
2014.12.15 15:11:54.978,1.24285,1.24287,2.06,1.00
2014.12.15 15:11:55.281,1.24282,1.24284,1.12,1.00
2014.12.15 15:11:55.383,1.24283,1.24286,3.75,1.50
2014.12.15 15:11:55.535,1.24284,1.24288,1.69,1.00
2014.12.15 15:11:55.687,1.24284,1.24285,1.00,1.00
2014.12.15 15:11:55.789,1.24282,1.24284,1.31,1.00
2014.12.15 15:11:55.941,1.24284,1.24285,3.94,1.00
2014.12.15 15:11:56.042,1.24284,1.24288,2.44,1.00
2014.12.15 15:11:56.598,1.24284,1.24285,1.69,1.50
2014.12.15 15:11:56.750,1.24282,1.24284,1.00,2.25
2014.12.15 15:11:57.254,1.24281,1.24284,1.31,1.50
2014.12.15 15:11:57.759,1.24281,1.24284,1.37,1.00
2014.12.15 15:11:59.265,1.24281,1.24284,1.12,1.00
2014.12.15 15:12:01.234,1.24281,1.24284,2.81,1.00
2014.12.15 15:12:01.335,1.24282,1.24285,4.72,2.06
2014.12.15 15:12:01.739,1.24286,1.24289,1.87,1.19
2014.12.15 15:12:01.790,1.24286,1.2429,1.87,4.39
2014.12.15 15:12:02.314,1.24287,1.2429,2.25,1.00
2014.12.15 15:12:02.820,1.24288,1.2429,1.50,1.00
2014.12.15 15:12:02.921,1.24287,1.24289,1.00,1.37
2014.12.15 15:12:02.972,1.24285,1.24289,6.37,2.44
2014.12.15 15:12:03.073,1.24283,1.24285,3.07,2.47
2014.12.15 15:12:03.124,1.24283,1.24284,1.10,1.00
2014.12.15 15:12:03.226,1.2428,1.24283,4.39,1.50
2014.12.15 15:12:03.631,1.24279,1.24282,1.69,1.50
2014.12.15 15:12:04.179,1.24279,1.24281,1.25,1.00
2014.12.15 15:12:04.689,1.24277,1.24281,5.44,1.00
2014.12.15 15:12:04.892,1.24279,1.24282,1.00,1.25
2014.12.15 15:12:05.414,1.24278,1.24282,3.75,1.25
2014.12.15 15:12:06.234,1.24279,1.24282,1.00,1.00
2014.12.15 15:12:06.867,1.24278,1.24282,3.94,1.50
2014.12.15 15:12:07.436,1.24279,1.24282,1.00,1.50
2014.12.15 15:12:07.946,1.24278,1.24282,3.94,1.00
2014.12.15 15:12:08.456,1.24279,1.24282,1.00,1.00
2014.12.15 15:12:09.418,1.24278,1.24282,4.69,1.00
2014.12.15 15:12:09.722,1.24281,1.24283,1.50,1.00
2014.12.15 15:12:09.975,1.24281,1.24285,1.50,8.06
2014.12.15 15:12:10.227,1.24281,1.24282,1.00,1.00
2014.12.15 15:12:10.769,1.2428,1.24282,1.00,1.00
2014.12.15 15:12:11.274,1.2428,1.24281,1.00,1.00
2014.12.15 15:12:11.786,1.24279,1.24281,3.75,1.00
2014.12.15 15:12:12.292,1.24279,1.2428,2.25,1.00
2014.12.15 15:12:13.466,1.2428,1.24282,1.00,3.00
2014.12.15 15:12:13.980,1.2428,1.24281,1.50,1.00
2014.12.15 15:12:14.778,1.24279,1.24281,2.25,1.00
2014.12.15 15:12:15.384,1.24278,1.24281,1.50,3.75
2014.12.15 15:12:15.889,1.24278,1.2428,1.50,1.00
2014.12.15 15:12:17.401,1.24277,1.2428,1.39,1.00
2014.12.15 15:12:17.704,1.24274,1.24276,2.44,1.00
2014.12.15 15:12:17.856,1.24274,1.24278,2.44,1.50
2014.12.15 15:12:18.360,1.24274,1.24278,1.25,3.00
2014.12.15 15:12:18.512,1.24272,1.24275,1.00,3.37
2014.12.15 15:12:18.614,1.24273,1.24275,1.22,1.50
2014.12.15 15:12:18.816,1.24274,1.24277,1.50,1.25
2014.12.15 15:12:19.321,1.24275,1.24278,1.50,1.50
2014.12.15 15:12:20.002,1.24275,1.24278,3.19,1.00
2014.12.15 15:12:20.156,1.24279,1.2428,1.50,1.12
2014.12.15 15:12:20.409,1.24279,1.24281,1.00,2.06
2014.12.15 15:12:20.510,1.24278,1.24279,1.50,1.50
2014.12.15 15:12:20.662,1.24277,1.24279,2.06,2.25
2014.12.15 15:12:21.167,1.24276,1.24278,1.19,1.50
2014.12.15 15:12:21.268,1.24275,1.24278,3.19,1.00
2014.12.15 15:12:21.672,1.24277,1.24278,1.00,1.00
2014.12.15 15:12:21.874,1.24275,1.24278,1.69,1.00
2014.12.15 15:12:22.379,1.24276,1.24278,1.50,1.00
2014.12.15 15:12:22.884,1.24274,1.24275,1.00,1.00
2014.12.15 15:12:23.188,1.24273,1.24275,4.50,1.00
2014.12.15 15:12:23.239,1.24274,1.24277,1.50,1.69
2014.12.15 15:12:23.340,1.24276,1.24277,1.00,1.50
2014.12.15 15:12:23.845,1.24275,1.24278,1.87,1.25
2014.12.15 15:12:24.903,1.24275,1.24277,2.06,1.00
2014.12.15 15:12:27.576,1.24274,1.24276,2.25,1.50
2014.12.15 15:12:27.779,1.24271,1.24275,3.75,3.37
2014.12.15 15:12:27.880,1.24271,1.24273,2.44,1.00
2014.12.15 15:12:28.083,1.24272,1.24275,1.12,5.81
2014.12.15 15:12:28.235,1.24274,1.24276,1.25,1.00
2014.12.15 15:12:28.836,1.24275,1.24276,1.00,1.00
2014.12.15 15:12:28.938,1.24275,1.24278,1.50,1.25
2014.12.15 15:12:29.569,1.24274,1.24278,1.69,1.25
2014.12.15 15:12:30.118,1.24275,1.24278,2.06,1.00
2014.12.15 15:12:30.370,1.24278,1.24279,1.00,1.00
2014.12.15 15:12:30.573,1.24279,1.24282,1.12,3.94
2014.12.15 15:12:31.080,1.24278,1.24281,1.00,1.69
2014.12.15 15:12:31.587,1.24278,1.2428,1.25,1.00
2014.12.15 15:12:32.092,1.24278,1.24281,2.44,1.00
2014.12.15 15:12:32.495,1.24281,1.24283,1.00,1.69
2014.12.15 15:12:33.000,1.2428,1.24284,3.94,2.85
2014.12.15 15:12:33.304,1.24278,1.24281,2.25,4.87
2014.12.15 15:12:33.608,1.24275,1.24278,2.44,3.00
2014.12.15 15:12:34.114,1.24275,1.24279,3.00,2.44
2014.12.15 15:12:34.624,1.24275,1.24278,2.25,1.00
2014.12.15 15:12:35.129,1.24277,1.24281,1.00,3.56
2014.12.15 15:12:36.300,1.24277,1.24279,1.00,2.10
2014.12.15 15:12:36.549,1.24275,1.24278,1.50,6.00
2014.12.15 15:12:37.054,1.24274,1.24277,2.25,1.00
2014.12.15 15:12:37.560,1.24275,1.24277,1.50,1.00
2014.12.15 15:12:38.369,1.24275,1.24276,1.00,1.00
2014.12.15 15:12:38.470,1.24273,1.24274,1.00,1.67
2014.12.15 15:12:38.521,1.24271,1.24272,1.87,1.00
2014.12.15 15:12:38.673,1.2427,1.24272,5.06,1.00
2014.12.15 15:12:38.774,1.24272,1.24274,1.25,6.02
2014.12.15 15:12:39.279,1.2427,1.24273,5.06,1.00
2014.12.15 15:12:39.986,1.2427,1.24273,3.37,5.44
2014.12.15 15:12:40.088,1.2427,1.24271,2.25,1.00
2014.12.15 15:12:40.393,1.24268,1.24269,1.00,1.00
2014.12.15 15:12:43.393,1.24268,1.2427,1.00,1.00
2014.12.15 15:12:58.555,1.24268,1.24271,1.50,1.25
2014.12.15 15:12:59.060,1.24269,1.24272,1.50,3.19
2014.12.15 15:12:59.564,1.24269,1.24271,1.00,1.00
2014.12.15 15:13:00.080,1.24268,1.24271,1.00,3.19
2014.12.15 15:13:00.609,1.24268,1.2427,1.00,1.00
2014.12.15 15:13:01.123,1.24268,1.24271,1.00,2.44
2014.12.15 15:13:02.892,1.24268,1.2427,1.00,1.00
2014.12.15 15:13:03.296,1.24268,1.24269,1.00,1.00
2014.12.15 15:13:03.399,1.24264,1.24265,1.87,8.25
2014.12.15 15:13:03.550,1.24261,1.24264,1.87,4.35
2014.12.15 15:13:03.652,1.24261,1.24264,1.12,3.94
2014.12.15 15:13:04.157,1.24261,1.24264,1.91,1.50
2014.12.15 15:13:04.414,1.24265,1.24266,1.00,5.25
2014.12.15 15:13:04.720,1.24269,1.2427,2.10,1.80
2014.12.15 15:13:05.024,1.24267,1.24269,1.50,1.00
2014.12.15 15:13:05.075,1.24265,1.24267,3.07,1.00
2014.12.15 15:13:05.581,1.24266,1.24267,1.00,1.12
2014.12.15 15:13:05.632,1.24264,1.24267,3.19,1.12
2014.12.15 15:13:05.733,1.24265,1.24267,1.87,1.00
2014.12.15 15:13:05.987,1.24266,1.24269,1.00,1.12
2014.12.15 15:13:06.543,1.24266,1.24269,1.25,2.47
2014.12.15 15:13:06.846,1.24257,1.2426,2.85,1.95
2014.12.15 15:13:10.377,1.24256,1.2426,5.36,3.56
2014.12.15 15:13:11.060,1.24256,1.24258,1.57,1.00
2014.12.15 15:13:11.565,1.24256,1.24259,2.25,1.12
2014.12.15 15:13:12.620,1.24257,1.2426,1.00,5.44
2014.12.15 15:13:13.225,1.24256,1.2426,6.60,2.44
2014.12.15 15:13:13.679,1.24255,1.24256,1.20,1.00
2014.12.15 15:13:13.882,1.24251,1.24253,1.69,1.00
2014.12.15 15:13:14.387,1.24251,1.24252,1.00,1.25
2014.12.15 15:13:14.539,1.24249,1.2425,2.25,1.50
2014.12.15 15:13:14.640,1.24248,1.24249,1.50,1.00
2014.12.15 15:13:14.998,1.24247,1.24251,3.79,1.00
2014.12.15 15:13:15.101,1.24249,1.24252,1.00,1.12
2014.12.15 15:13:15.607,1.24249,1.24251,1.00,1.00
2014.12.15 15:13:16.112,1.24248,1.2425,1.25,1.00
2014.12.15 15:13:16.623,1.24248,1.24251,2.25,1.12
2014.12.15 15:13:17.813,1.24247,1.24251,5.06,2.44
2014.12.15 15:13:18.320,1.24246,1.24248,1.50,1.12
2014.12.15 15:13:19.634,1.24245,1.24248,1.00,1.87
2014.12.15 15:13:20.152,1.24246,1.24249,1.00,2.06
2014.12.15 15:13:22.364,1.24245,1.24248,2.14,1.12
2014.12.15 15:13:22.870,1.24244,1.24248,1.62,1.62
2014.12.15 15:13:23.375,1.24245,1.24249,1.50,2.81
2014.12.15 15:13:23.881,1.2425,1.24251,1.00,1.00
2014.12.15 15:13:24.032,1.24251,1.24253,1.50,1.95
2014.12.15 15:13:24.538,1.2425,1.24253,2.25,1.00
2014.12.15 15:13:24.913,1.24252,1.24253,1.00,1.00
2014.12.15 15:13:25.066,1.24253,1.24255,1.00,2.25
2014.12.15 15:13:25.478,1.24251,1.24254,1.69,1.00
2014.12.15 15:13:26.336,1.2425,1.24254,5.44,1.50
2014.12.15 15:13:27.014,1.24251,1.24254,1.00,1.50
2014.12.15 15:13:27.521,1.2425,1.24254,5.21,1.50
2014.12.15 15:13:28.354,1.24251,1.24254,1.00,1.00
2014.12.15 15:13:28.809,1.24253,1.24254,1.50,1.00
2014.12.15 15:13:29.013,1.24254,1.24257,1.00,1.95
2014.12.15 15:13:29.064,1.24255,1.24258,1.50,2.14
2014.12.15 15:13:30.276,1.24256,1.24259,1.00,1.62
2014.12.15 15:13:31.430,1.24255,1.24259,3.19,1.62
2014.12.15 15:13:31.948,1.24255,1.24259,2.81,1.31
2014.12.15 15:13:32.315,1.24255,1.24257,1.50,1.30
2014.12.15 15:13:32.467,1.24247,1.24249,1.87,1.00
2014.12.15 15:13:32.972,1.24246,1.24248,1.25,1.00
2014.12.15 15:13:33.376,1.24248,1.24249,1.00,1.00
2014.12.15 15:13:34.790,1.24247,1.24248,2.10,1.50
2014.12.15 15:13:34.892,1.24242,1.24244,2.32,1.50
2014.12.15 15:13:34.993,1.24241,1.24243,1.50,1.12
2014.12.15 15:13:35.095,1.2424,1.24243,1.50,1.37
2014.12.15 15:13:35.551,1.24241,1.24243,1.00,1.00
2014.12.15 15:13:36.056,1.2424,1.24243,2.85,1.00
2014.12.15 15:13:36.208,1.24239,1.24241,3.60,1.00
2014.12.15 15:13:36.562,1.24239,1.2424,1.50,1.50
2014.12.15 15:13:36.764,1.24239,1.24242,3.79,1.00
2014.12.15 15:13:36.916,1.2424,1.24242,3.97,1.00
2014.12.15 15:13:37.220,1.24244,1.24245,1.00,2.25
2014.12.15 15:13:37.676,1.24247,1.24248,1.00,1.87
2014.12.15 15:13:37.727,1.24247,1.24248,1.12,1.50
2014.12.15 15:13:37.778,1.24245,1.24246,2.25,3.75
2014.12.15 15:13:37.880,1.24246,1.24248,1.57,1.37
2014.12.15 15:13:38.183,1.24246,1.2425,1.54,5.70
2014.12.15 15:13:39.195,1.24246,1.24249,1.25,1.00
2014.12.15 15:13:39.246,1.24246,1.24247,1.25,1.87
2014.12.15 15:13:39.398,1.2424,1.24242,6.75,1.00
2014.12.15 15:13:39.448,1.24239,1.24242,2.06,1.00
2014.12.15 15:13:39.500,1.24238,1.24241,4.91,2.23
2014.12.15 15:13:40.005,1.24238,1.24239,1.00,1.50
2014.12.15 15:13:40.309,1.24236,1.24239,3.86,1.00
2014.12.15 15:13:40.825,1.24236,1.24239,3.86,1.00
2014.12.15 15:13:41.128,1.24238,1.24242,3.00,2.62
2014.12.15 15:13:41.280,1.2424,1.24241,1.50,2.25
2014.12.15 15:13:41.381,1.24239,1.24241,1.00,1.69
2014.12.15 15:13:41.886,1.24238,1.24241,1.10,2.81
2014.12.15 15:13:42.391,1.24236,1.2424,2.06,2.06
2014.12.15 15:13:42.846,1.24239,1.2424,2.10,1.00
2014.12.15 15:13:43.048,1.24243,1.24245,1.00,6.37
2014.12.15 15:13:43.149,1.24243,1.24244,1.00,1.00
2014.12.15 15:13:43.352,1.24239,1.24241,1.69,1.00
2014.12.15 15:13:43.857,1.24238,1.2424,1.00,1.00
2014.12.15 15:13:44.381,1.24238,1.24241,1.00,1.00
2014.12.15 15:13:44.886,1.24238,1.2424,1.00,1.00
2014.12.15 15:13:45.292,1.24236,1.2424,1.61,3.75
2014.12.15 15:13:45.805,1.24235,1.24239,1.99,1.25
2014.12.15 15:13:46.224,1.24235,1.24238,1.80,1.00
2014.12.15 15:13:46.427,1.24231,1.24234,3.00,1.50
2014.12.15 15:13:46.731,1.2423,1.24232,3.45,1.50
2014.12.15 15:13:47.035,1.24225,1.24226,1.50,1.00
2014.12.15 15:13:47.136,1.24223,1.24226,9.56,1.00
2014.12.15 15:13:47.641,1.24223,1.24227,10.69,1.50
2014.12.15 15:13:48.197,1.24223,1.24225,6.19,1.50
