2014.03.26 09:00:00.010,1.37962,1.37964,1.69,1.50
2014.03.26 09:00:00.465,1.37961,1.37964,2.37,2.63
2014.03.26 09:00:00.848,1.37961,1.37963,1.43,1.50
2014.03.26 09:00:01.000,1.37957,1.3796,2.04,3.75
2014.03.26 09:00:01.051,1.37957,1.37959,3.75,1.38
2014.03.26 09:00:01.356,1.37954,1.37956,1.50,4.25
2014.03.26 09:00:01.869,1.37953,1.37955,1.69,1.50
2014.03.26 09:00:02.378,1.37954,1.37956,1.00,2.07
2014.03.26 09:00:02.480,1.37956,1.37957,3.19,1.50
2014.03.26 09:00:03.090,1.37956,1.37957,1.50,3.00
2014.03.26 09:00:03.144,1.37955,1.37956,6.38,1.50
2014.03.26 09:00:03.347,1.37953,1.37955,1.69,1.50
2014.03.26 09:00:03.864,1.37955,1.37956,2.25,2.25
2014.03.26 09:00:04.192,1.37954,1.37956,7.50,2.25
2014.03.26 09:00:04.662,1.37953,1.37956,1.69,2.25
2014.03.26 09:00:04.919,1.37953,1.37956,6.94,1.50
2014.03.26 09:00:05.222,1.37955,1.37958,6.19,15.00
2014.03.26 09:00:06.012,1.37955,1.37958,9.19,11.50
2014.03.26 09:00:07.029,1.37956,1.37959,5.44,1.50
2014.03.26 09:00:07.584,1.37956,1.3796,5.44,3.57
2014.03.26 09:00:08.218,1.37956,1.37959,2.44,1.00
2014.03.26 09:00:08.320,1.37956,1.37957,1.25,1.00
2014.03.26 09:00:08.625,1.37954,1.37956,6.75,2.63
2014.03.26 09:00:08.967,1.37953,1.37955,1.50,3.94
2014.03.26 09:00:09.726,1.37952,1.37955,1.25,6.38
2014.03.26 09:00:10.431,1.37952,1.37954,1.25,1.00
2014.03.26 09:00:11.660,1.37952,1.37955,1.25,6.38
2014.03.26 09:00:12.668,1.37952,1.37955,1.00,5.82
2014.03.26 09:00:13.254,1.3795,1.37953,2.07,6.25
2014.03.26 09:00:13.406,1.37948,1.37949,2.63,1.50
2014.03.26 09:00:13.507,1.37946,1.37948,1.50,2.50
2014.03.26 09:00:13.609,1.37946,1.37948,2.25,1.69
2014.03.26 09:00:20.479,1.37947,1.3795,1.50,6.75
2014.03.26 09:00:20.852,1.3795,1.37952,1.00,3.19
2014.03.26 09:00:21.358,1.3795,1.37951,1.00,1.13
2014.03.26 09:00:21.817,1.37948,1.37951,1.69,1.32
2014.03.26 09:00:22.323,1.37947,1.3795,2.44,2.07
2014.03.26 09:00:22.678,1.37947,1.37948,1.25,1.00
2014.03.26 09:00:23.230,1.37946,1.3795,1.69,8.82
2014.03.26 09:00:24.005,1.37947,1.3795,1.00,7.32
2014.03.26 09:00:24.309,1.3795,1.37952,1.00,6.57
2014.03.26 09:00:24.837,1.3795,1.37952,1.00,1.32
2014.03.26 09:00:25.916,1.37949,1.37951,1.69,1.00
2014.03.26 09:00:26.018,1.37947,1.3795,1.25,3.82
2014.03.26 09:00:26.838,1.37947,1.3795,1.00,6.07
2014.03.26 09:00:27.409,1.37947,1.3795,1.00,4.32
2014.03.26 09:00:28.304,1.37946,1.3795,3.94,4.32
2014.03.26 09:00:31.574,1.37946,1.37948,3.19,1.00
2014.03.26 09:00:32.583,1.37946,1.37948,1.50,1.19
2014.03.26 09:00:32.634,1.37948,1.37949,1.00,1.50
2014.03.26 09:00:32.685,1.37948,1.3795,3.19,4.13
2014.03.26 09:00:33.191,1.37949,1.37951,1.00,4.88
2014.03.26 09:00:33.726,1.37948,1.37951,6.19,4.88
2014.03.26 09:00:34.332,1.37948,1.3795,3.94,1.00
2014.03.26 09:00:34.838,1.37947,1.3795,1.69,4.50
2014.03.26 09:00:37.248,1.37947,1.37951,5.44,3.57
2014.03.26 09:00:38.730,1.37947,1.3795,2.44,4.69
2014.03.26 09:00:43.569,1.37948,1.37951,1.25,4.32
2014.03.26 09:00:45.018,1.37948,1.37951,1.25,3.57
2014.03.26 09:00:45.526,1.37948,1.3795,1.25,1.50
2014.03.26 09:00:46.749,1.37948,1.37949,1.25,1.00
2014.03.26 09:00:47.834,1.37946,1.37949,2.82,2.25
2014.03.26 09:00:48.339,1.37946,1.37948,2.82,1.50
2014.03.26 09:00:48.441,1.37945,1.37947,1.39,5.25
2014.03.26 09:00:48.492,1.37943,1.37945,3.94,1.00
2014.03.26 09:00:49.010,1.37943,1.37944,2.44,1.50
2014.03.26 09:00:52.703,1.37942,1.37944,2.44,1.50
2014.03.26 09:00:53.810,1.37942,1.37944,1.69,1.88
2014.03.26 09:00:57.421,1.37942,1.37943,1.00,1.00
2014.03.26 09:00:58.853,1.37941,1.37943,1.25,1.50
2014.03.26 09:00:59.106,1.3794,1.37941,1.95,1.13
2014.03.26 09:00:59.461,1.37939,1.37941,1.00,2.25
2014.03.26 09:00:59.988,1.37937,1.37939,2.37,1.50
2014.03.26 09:01:00.646,1.37939,1.3794,1.00,1.00
2014.03.26 09:01:00.798,1.3794,1.37941,3.19,1.50
2014.03.26 09:01:01.308,1.37941,1.37942,1.25,1.50
2014.03.26 09:01:01.814,1.3794,1.37943,7.32,1.50
2014.03.26 09:01:02.326,1.3794,1.37944,10.32,2.82
2014.03.26 09:01:03.538,1.3794,1.37943,6.19,1.50
2014.03.26 09:01:03.996,1.3794,1.37942,1.32,2.25
2014.03.26 09:01:04.452,1.37938,1.3794,4.69,1.00
2014.03.26 09:01:04.907,1.37936,1.37939,3.87,1.13
2014.03.26 09:01:07.900,1.37936,1.37939,2.44,2.25
2014.03.26 09:01:08.153,1.37936,1.37939,3.19,1.50
2014.03.26 09:01:09.794,1.37936,1.37939,2.44,2.25
2014.03.26 09:01:10.423,1.37936,1.37939,3.19,3.38
2014.03.26 09:01:10.949,1.37935,1.37937,6.38,1.00
2014.03.26 09:01:11.892,1.37935,1.37939,11.07,1.88
2014.03.26 09:01:12.398,1.37936,1.37939,5.44,1.00
2014.03.26 09:01:13.566,1.37937,1.37939,3.57,1.00
2014.03.26 09:01:14.070,1.37937,1.3794,3.57,1.50
2014.03.26 09:01:17.705,1.37936,1.3794,6.57,5.82
2014.03.26 09:01:18.212,1.37936,1.3794,6.57,5.07
2014.03.26 09:01:18.465,1.37936,1.3794,7.32,4.32
2014.03.26 09:01:19.915,1.37936,1.37938,6.19,1.50
2014.03.26 09:01:21.395,1.37937,1.3794,2.25,2.82
2014.03.26 09:01:24.281,1.37937,1.3794,2.25,2.82
2014.03.26 09:01:25.269,1.37938,1.3794,1.00,2.63
2014.03.26 09:01:25.471,1.37941,1.37943,3.25,3.75
2014.03.26 09:01:25.623,1.37942,1.37945,4.32,2.25
2014.03.26 09:01:26.134,1.37942,1.37945,5.82,1.00
2014.03.26 09:01:26.640,1.37945,1.37946,1.13,1.32
2014.03.26 09:01:26.792,1.37945,1.37948,13.69,1.50
2014.03.26 09:01:28.347,1.37945,1.37948,15.57,1.00
2014.03.26 09:01:32.082,1.37945,1.37949,13.32,6.00
2014.03.26 09:01:35.012,1.37945,1.37948,12.57,1.00
2014.03.26 09:01:40.843,1.37946,1.37949,2.07,1.32
2014.03.26 09:01:40.994,1.37948,1.3795,1.88,2.07
2014.03.26 09:01:41.508,1.37949,1.37951,1.69,1.13
2014.03.26 09:01:51.054,1.37948,1.37951,3.19,1.32
2014.03.26 09:01:55.341,1.37948,1.37951,1.32,3.82
2014.03.26 09:01:56.662,1.37948,1.37951,2.82,1.32
2014.03.26 09:01:57.996,1.37948,1.3795,2.63,1.25
2014.03.26 09:01:58.502,1.37947,1.3795,1.69,1.32
2014.03.26 09:02:01.031,1.37948,1.3795,1.13,1.00
2014.03.26 09:02:01.356,1.3795,1.37952,1.00,4.32
2014.03.26 09:02:13.102,1.3795,1.37953,1.00,4.88
2014.03.26 09:02:13.611,1.37949,1.37953,5.07,4.50
2014.03.26 09:02:14.117,1.37949,1.37953,2.63,6.57
2014.03.26 09:02:15.807,1.37949,1.37953,4.38,5.82
2014.03.26 09:02:27.215,1.3795,1.37951,1.00,1.88
2014.03.26 09:02:32.863,1.37949,1.37951,1.32,1.50
2014.03.26 09:02:33.537,1.37949,1.37951,1.63,1.50
2014.03.26 09:02:35.167,1.3795,1.37954,5.11,7.50
2014.03.26 09:02:35.420,1.37955,1.37958,7.73,5.50
2014.03.26 09:02:35.471,1.37959,1.37961,1.25,1.88
2014.03.26 09:02:35.522,1.3796,1.37961,1.25,1.88
2014.03.26 09:02:35.775,1.37958,1.3796,1.88,2.82
2014.03.26 09:02:36.483,1.37958,1.37961,1.32,3.38
2014.03.26 09:02:37.276,1.37958,1.37961,3.19,1.25
2014.03.26 09:02:37.529,1.37958,1.37962,3.57,5.44
2014.03.26 09:02:45.431,1.37958,1.37962,2.82,5.44
2014.03.26 09:02:45.534,1.37958,1.3796,1.25,1.00
2014.03.26 09:02:45.838,1.37952,1.37954,1.88,1.00
2014.03.26 09:02:46.345,1.37952,1.37955,2.07,1.69
2014.03.26 09:02:47.107,1.37952,1.37956,3.57,5.07
2014.03.26 09:02:47.158,1.37955,1.37956,2.25,2.25
2014.03.26 09:02:47.259,1.37955,1.37958,7.13,3.00
2014.03.26 09:02:47.360,1.37955,1.37956,3.75,1.50
2014.03.26 09:02:47.765,1.37951,1.37955,5.29,3.19
2014.03.26 09:02:49.485,1.37951,1.37955,5.29,2.44
2014.03.26 09:02:49.536,1.37953,1.37956,2.82,2.07
2014.03.26 09:02:49.840,1.37957,1.37961,2.13,5.25
2014.03.26 09:02:50.391,1.37957,1.37961,1.32,4.32
2014.03.26 09:02:53.365,1.37957,1.37961,1.50,3.19
2014.03.26 09:02:53.416,1.37957,1.37959,1.25,1.00
2014.03.26 09:02:53.771,1.37954,1.37957,1.88,1.19
2014.03.26 09:02:54.176,1.37954,1.37958,4.69,2.63
2014.03.26 09:02:54.227,1.37954,1.37958,4.32,3.38
2014.03.26 09:02:54.380,1.37954,1.37957,2.44,4.32
2014.03.26 09:02:54.785,1.37952,1.37954,2.44,1.00
2014.03.26 09:02:55.090,1.3795,1.37953,1.92,5.25
2014.03.26 09:02:55.638,1.3795,1.37952,1.43,1.00
2014.03.26 09:02:56.284,1.3795,1.37953,1.43,6.00
2014.03.26 09:03:01.088,1.3795,1.37953,1.05,4.57
2014.03.26 09:03:03.421,1.3795,1.37953,1.43,3.57
2014.03.26 09:03:03.472,1.37951,1.37953,1.38,2.44
2014.03.26 09:03:03.726,1.37951,1.37955,3.94,7.32
2014.03.26 09:03:04.029,1.37959,1.37963,7.70,3.00
2014.03.26 09:03:04.439,1.37961,1.37963,2.44,1.00
2014.03.26 09:03:04.945,1.37961,1.37964,2.44,3.57
2014.03.26 09:03:05.255,1.37961,1.37964,2.44,2.82
2014.03.26 09:03:05.761,1.37963,1.37965,1.13,2.82
2014.03.26 09:03:06.267,1.37964,1.37966,1.50,2.07
2014.03.26 09:03:18.894,1.37963,1.37964,1.32,1.13
2014.03.26 09:03:19.401,1.37963,1.37964,3.38,1.00
2014.03.26 09:03:20.050,1.37963,1.37965,3.38,1.25
2014.03.26 09:03:22.963,1.37964,1.37965,1.13,1.00
2014.03.26 09:03:23.266,1.37966,1.37968,2.32,1.50
2014.03.26 09:03:23.570,1.37969,1.3797,1.00,1.25
2014.03.26 09:03:31.023,1.37969,1.37972,1.00,2.82
2014.03.26 09:03:34.769,1.37969,1.37971,1.00,1.19
2014.03.26 09:03:40.444,1.3797,1.37972,1.50,2.44
2014.03.26 09:03:43.495,1.3797,1.37972,1.50,3.19
2014.03.26 09:03:44.001,1.37969,1.37971,1.50,1.19
2014.03.26 09:03:44.204,1.37971,1.37973,1.00,2.25
2014.03.26 09:03:44.407,1.37973,1.37975,1.50,7.32
2014.03.26 09:03:44.509,1.37974,1.37976,1.00,4.13
2014.03.26 09:03:44.919,1.37977,1.37978,4.88,1.50
2014.03.26 09:03:45.223,1.3798,1.37981,2.82,2.25
2014.03.26 09:03:45.274,1.3798,1.37982,2.82,4.75
2014.03.26 09:03:45.629,1.37982,1.37985,1.88,4.32
2014.03.26 09:03:46.134,1.37982,1.37985,4.05,3.19
2014.03.26 09:03:46.185,1.37982,1.37985,8.55,3.19
2014.03.26 09:03:46.388,1.37986,1.37987,3.57,3.00
2014.03.26 09:03:46.922,1.37984,1.37986,1.13,4.94
2014.03.26 09:03:47.451,1.37985,1.37986,1.50,1.69
2014.03.26 09:03:47.957,1.37985,1.37986,1.50,1.25
2014.03.26 09:03:48.058,1.37985,1.37987,2.50,6.00
2014.03.26 09:03:48.374,1.37988,1.37992,7.73,25.88
2014.03.26 09:03:48.426,1.37992,1.37994,2.63,1.50
2014.03.26 09:03:48.679,1.37987,1.37994,1.00,34.49
2014.03.26 09:03:49.144,1.37989,1.37994,1.00,16.50
2014.03.26 09:03:49.673,1.37987,1.37994,1.00,23.44
2014.03.26 09:03:50.049,1.37992,1.37993,3.00,1.00
2014.03.26 09:03:50.302,1.37992,1.37995,3.68,2.44
2014.03.26 09:03:50.812,1.37993,1.37995,2.25,3.57
2014.03.26 09:03:51.330,1.37992,1.37995,2.25,3.57
2014.03.26 09:03:51.380,1.37993,1.37999,1.00,3.00
2014.03.26 09:03:51.583,1.37998,1.37999,4.13,12.00
2014.03.26 09:03:52.101,1.37996,1.38001,3.00,23.50
2014.03.26 09:03:52.609,1.38,1.38001,3.57,1.00
2014.03.26 09:03:53.118,1.38002,1.38003,1.13,2.25
2014.03.26 09:03:53.979,1.38002,1.38003,1.13,1.50
2014.03.26 09:03:54.528,1.38002,1.38005,2.63,5.07
2014.03.26 09:03:54.945,1.38002,1.38004,2.25,3.19
2014.03.26 09:03:55.046,1.38002,1.38003,2.25,1.00
2014.03.26 09:03:55.571,1.38002,1.38005,2.63,3.57
2014.03.26 09:03:56.467,1.38002,1.38005,2.25,3.57
2014.03.26 09:03:57.844,1.38001,1.38003,1.00,1.19
2014.03.26 09:03:58.987,1.38001,1.38003,1.00,2.44
2014.03.26 09:04:00.215,1.38,1.38003,3.00,2.44
2014.03.26 09:04:00.741,1.38,1.38002,3.38,1.50
2014.03.26 09:04:01.354,1.38001,1.38003,2.50,4.50
2014.03.26 09:04:01.814,1.38001,1.38004,2.85,4.75
2014.03.26 09:04:01.916,1.38003,1.38004,1.25,2.25
2014.03.26 09:04:07.077,1.38004,1.38005,1.13,3.42
2014.03.26 09:04:14.064,1.38004,1.38006,1.00,2.07
2014.03.26 09:04:14.217,1.38006,1.38008,2.48,1.13
2014.03.26 09:04:14.726,1.38006,1.3801,3.75,4.32
2014.03.26 09:04:15.258,1.38006,1.3801,5.25,3.57
2014.03.26 09:04:15.764,1.38006,1.3801,2.82,3.57
2014.03.26 09:04:16.926,1.38008,1.3801,1.00,2.82
2014.03.26 09:04:19.556,1.38007,1.3801,1.69,5.82
2014.03.26 09:04:20.063,1.38007,1.3801,1.88,5.07
2014.03.26 09:04:20.215,1.38007,1.3801,1.50,5.29
2014.03.26 09:04:20.857,1.38005,1.38009,5.47,1.13
2014.03.26 09:04:21.161,1.38004,1.38005,1.00,2.44
2014.03.26 09:04:21.515,1.38002,1.38004,1.13,5.07
2014.03.26 09:04:21.820,1.38004,1.38009,5.51,4.50
2014.03.26 09:04:21.871,1.38004,1.38007,3.00,4.88
2014.03.26 09:04:21.923,1.38006,1.38007,1.88,3.00
2014.03.26 09:04:22.408,1.38005,1.38006,3.94,1.00
2014.03.26 09:04:22.763,1.38002,1.38004,4.50,1.00
2014.03.26 09:04:23.066,1.38002,1.38004,2.25,1.00
2014.03.26 09:04:23.269,1.38003,1.38005,3.00,3.75
2014.03.26 09:04:23.433,1.38003,1.38006,11.25,3.00
2014.03.26 09:04:23.939,1.38003,1.38005,1.50,5.44
2014.03.26 09:04:24.526,1.38002,1.38005,1.00,4.69
2014.03.26 09:04:25.035,1.38001,1.38005,8.44,4.69
2014.03.26 09:04:25.086,1.38004,1.38005,1.13,3.38
2014.03.26 09:04:25.390,1.38007,1.38008,3.19,1.50
2014.03.26 09:04:25.896,1.38007,1.38009,3.75,3.75
2014.03.26 09:04:26.048,1.38008,1.3801,1.69,1.50
2014.03.26 09:04:26.200,1.38007,1.38008,4.69,1.00
2014.03.26 09:04:26.504,1.38005,1.3801,12.85,13.73
2014.03.26 09:04:26.862,1.38004,1.38008,19.35,2.63
2014.03.26 09:04:27.381,1.38003,1.38005,1.00,1.88
2014.03.26 09:04:27.680,1.38002,1.38005,3.00,2.07
2014.03.26 09:04:31.618,1.38004,1.38005,1.13,1.13
2014.03.26 09:04:31.720,1.38004,1.38006,3.00,1.69
2014.03.26 09:04:31.873,1.38006,1.38007,1.00,2.07
2014.03.26 09:04:32.177,1.38007,1.3801,2.07,4.50
2014.03.26 09:04:32.685,1.38007,1.3801,3.94,1.50
2014.03.26 09:04:33.204,1.38007,1.3801,4.69,1.65
2014.03.26 09:04:33.861,1.38007,1.38009,1.25,1.88
2014.03.26 09:04:33.962,1.38005,1.38007,4.88,2.82
2014.03.26 09:04:34.164,1.38004,1.38006,1.50,2.44
2014.03.26 09:04:36.279,1.38004,1.38005,1.50,2.25
2014.03.26 09:04:36.482,1.38002,1.38004,3.38,1.25
2014.03.26 09:04:37.062,1.38002,1.38004,2.25,1.69
2014.03.26 09:04:43.203,1.38001,1.38004,3.00,2.07
2014.03.26 09:04:43.305,1.38,1.38002,3.75,2.07
2014.03.26 09:04:43.610,1.38,1.38003,3.00,2.82
2014.03.26 09:04:45.864,1.38,1.38002,1.50,2.44
2014.03.26 09:04:48.304,1.37998,1.38,3.38,10.32
2014.03.26 09:04:48.558,1.37997,1.37999,4.13,9.75
2014.03.26 09:04:48.912,1.37998,1.38001,10.04,2.44
2014.03.26 09:04:49.165,1.37999,1.38001,4.50,5.25
2014.03.26 09:04:49.216,1.37997,1.38001,1.88,19.75
2014.03.26 09:04:49.745,1.38,1.38002,5.89,4.50
2014.03.26 09:04:49.846,1.38,1.38002,5.89,3.00
2014.03.26 09:04:49.998,1.38001,1.38004,2.25,3.57
2014.03.26 09:04:53.728,1.38002,1.38004,1.50,2.07
2014.03.26 09:04:55.310,1.38002,1.38004,1.00,2.07
2014.03.26 09:04:55.462,1.38005,1.38006,13.50,1.13
2014.03.26 09:04:55.664,1.38006,1.38008,1.50,1.32
2014.03.26 09:04:55.766,1.38005,1.38008,17.82,6.19
2014.03.26 09:04:56.271,1.38005,1.38007,14.63,1.69
2014.03.26 09:04:56.779,1.38004,1.38006,8.25,3.42
2014.03.26 09:04:56.931,1.38001,1.38004,9.00,12.98
2014.03.26 09:04:57.084,1.37998,1.38002,4.50,10.54
2014.03.26 09:04:57.488,1.37999,1.38003,12.61,3.00
2014.03.26 09:04:57.547,1.37999,1.38002,3.38,9.38
2014.03.26 09:04:58.102,1.37999,1.38001,1.25,3.75
2014.03.26 09:04:58.918,1.37998,1.38001,3.38,6.75
2014.03.26 09:04:59.392,1.37996,1.37998,2.25,2.63
2014.03.26 09:04:59.696,1.37994,1.37996,2.48,6.75
2014.03.26 09:05:00.000,1.37992,1.37994,2.25,2.63
2014.03.26 09:05:00.051,1.37992,1.37994,1.50,1.13
2014.03.26 09:05:00.672,1.3799,1.37994,7.13,4.13
2014.03.26 09:05:01.793,1.3799,1.37994,6.38,6.38
2014.03.26 09:05:02.403,1.3799,1.37993,5.63,2.50
2014.03.26 09:05:04.490,1.37989,1.37993,4.13,9.42
2014.03.26 09:05:07.103,1.3799,1.37993,1.13,5.82
2014.03.26 09:05:07.609,1.37991,1.37993,1.00,1.88
2014.03.26 09:05:08.145,1.37991,1.37993,1.00,2.07
2014.03.26 09:05:13.081,1.3799,1.37993,3.19,1.69
2014.03.26 09:05:13.631,1.37991,1.37993,1.00,1.69
2014.03.26 09:05:14.048,1.37992,1.37996,3.60,2.25
2014.03.26 09:05:14.323,1.38,1.38002,4.13,6.00
2014.03.26 09:05:14.581,1.38001,1.38003,2.82,1.50
2014.03.26 09:05:15.093,1.38001,1.38003,2.07,1.50
2014.03.26 09:05:18.608,1.38001,1.38003,5.07,1.50
2014.03.26 09:05:18.848,1.38003,1.38005,1.00,2.07
2014.03.26 09:05:19.392,1.38003,1.38005,1.00,2.07
2014.03.26 09:05:23.607,1.38003,1.38004,1.50,1.88
2014.03.26 09:05:24.115,1.38004,1.38005,1.13,2.44
2014.03.26 09:05:28.197,1.38,1.38004,11.10,2.51
2014.03.26 09:05:28.551,1.38002,1.38005,2.07,2.07
2014.03.26 09:05:28.774,1.38002,1.38005,2.07,1.69
2014.03.26 09:05:29.320,1.38004,1.38005,1.13,2.07
2014.03.26 09:05:30.127,1.38002,1.38005,3.94,3.57
2014.03.26 09:05:30.545,1.38004,1.38005,1.00,4.32
2014.03.26 09:05:32.860,1.38002,1.38005,5.07,4.69
2014.03.26 09:05:33.012,1.38002,1.38003,1.13,1.50
2014.03.26 09:05:33.063,1.38,1.38003,1.32,2.44
2014.03.26 09:05:33.617,1.37999,1.38002,3.57,1.88
2014.03.26 09:05:35.326,1.37998,1.38001,5.44,1.00
2014.03.26 09:05:35.377,1.37998,1.38,3.38,1.25
2014.03.26 09:05:35.479,1.37996,1.37999,3.38,2.29
2014.03.26 09:05:35.733,1.37996,1.38,5.07,5.44
2014.03.26 09:05:35.885,1.37998,1.38001,2.07,1.25
2014.03.26 09:05:39.471,1.37997,1.37999,2.82,1.00
2014.03.26 09:05:39.775,1.37994,1.37996,1.88,2.52
2014.03.26 09:05:41.490,1.37992,1.37994,4.50,1.00
2014.03.26 09:05:42.023,1.37992,1.37994,2.63,1.50
2014.03.26 09:05:42.571,1.37992,1.37995,4.88,5.82
2014.03.26 09:05:43.375,1.37992,1.37995,2.63,11.07
2014.03.26 09:05:43.679,1.37991,1.37993,1.00,1.25
2014.03.26 09:05:43.830,1.37991,1.37993,1.13,1.69
2014.03.26 09:05:44.352,1.3799,1.37993,1.88,6.57
2014.03.26 09:05:45.892,1.37991,1.37993,1.00,3.57
2014.03.26 09:05:46.298,1.37992,1.37994,3.19,1.00
2014.03.26 09:05:47.005,1.37991,1.37993,3.19,1.00
2014.03.26 09:05:49.206,1.37991,1.37993,1.13,2.44
2014.03.26 09:05:50.668,1.37987,1.37989,1.00,4.92
2014.03.26 09:05:50.727,1.37986,1.37988,5.63,6.80
2014.03.26 09:05:50.929,1.37983,1.37985,1.00,9.01
2014.03.26 09:05:51.031,1.37982,1.37984,1.88,3.57
2014.03.26 09:05:51.550,1.37982,1.37984,1.13,2.07
2014.03.26 09:05:52.056,1.37982,1.37984,2.67,1.88
2014.03.26 09:05:54.810,1.37982,1.37984,2.07,1.88
2014.03.26 09:05:56.619,1.3798,1.37982,3.38,4.35
2014.03.26 09:05:56.923,1.37978,1.3798,3.75,7.54
2014.03.26 09:05:57.075,1.37977,1.37979,1.00,1.25
2014.03.26 09:05:58.312,1.37977,1.37978,1.00,1.00
2014.03.26 09:05:58.862,1.37977,1.37979,1.00,1.54
2014.03.26 09:06:00.921,1.37976,1.37979,2.25,1.25
2014.03.26 09:06:04.547,1.37976,1.37978,2.44,1.00
2014.03.26 09:06:04.749,1.37975,1.37976,9.00,3.75
2014.03.26 09:06:05.053,1.37973,1.37975,3.38,5.44
2014.03.26 09:06:05.574,1.37971,1.37973,5.07,1.00
2014.03.26 09:06:06.301,1.37971,1.37974,5.82,2.97
2014.03.26 09:06:09.164,1.37971,1.37974,5.82,1.62
2014.03.26 09:06:09.214,1.37971,1.37974,5.44,1.62
2014.03.26 09:06:09.366,1.37976,1.37977,3.00,1.05
2014.03.26 09:06:10.239,1.37976,1.37978,3.19,1.00
2014.03.26 09:06:10.815,1.37976,1.37979,3.19,1.69
2014.03.26 09:06:11.464,1.37977,1.37979,1.50,1.69
2014.03.26 09:06:12.004,1.37976,1.37979,3.19,1.69
2014.03.26 09:06:12.824,1.37976,1.37978,3.19,1.00
2014.03.26 09:06:12.925,1.37975,1.37976,13.13,1.50
2014.03.26 09:06:13.330,1.37974,1.37975,1.00,1.69
2014.03.26 09:06:13.785,1.37975,1.37978,8.07,3.00
2014.03.26 09:06:14.038,1.37976,1.37979,2.82,3.19
2014.03.26 09:06:16.275,1.37976,1.37978,2.82,1.13
2014.03.26 09:06:16.809,1.37975,1.37979,20.82,3.94
2014.03.26 09:06:17.315,1.37976,1.37979,1.00,3.94
2014.03.26 09:06:19.293,1.37975,1.37978,14.82,2.82
2014.03.26 09:06:19.550,1.37975,1.37977,6.00,1.00
2014.03.26 09:06:20.057,1.37975,1.37979,11.82,3.94
2014.03.26 09:06:21.535,1.37977,1.37979,1.50,1.19
2014.03.26 09:06:22.093,1.37977,1.3798,1.50,3.57
2014.03.26 09:06:22.765,1.37977,1.3798,2.25,5.44
2014.03.26 09:06:23.037,1.37976,1.37977,1.50,1.00
2014.03.26 09:06:23.341,1.37974,1.37976,1.00,1.00
2014.03.26 09:06:27.786,1.37974,1.37975,1.50,1.00
2014.03.26 09:06:33.244,1.37975,1.37976,4.88,1.00
2014.03.26 09:06:33.396,1.37976,1.37978,1.00,2.44
2014.03.26 09:06:40.500,1.37977,1.37979,1.50,1.32
2014.03.26 09:06:44.140,1.37978,1.3798,1.00,4.32
2014.03.26 09:06:44.668,1.37979,1.3798,1.50,1.25
2014.03.26 09:06:46.154,1.37978,1.3798,1.50,1.25
2014.03.26 09:06:47.731,1.37979,1.37981,1.00,1.13
2014.03.26 09:06:47.984,1.3798,1.37983,3.57,1.50
2014.03.26 09:06:48.086,1.37982,1.37984,1.00,2.82
2014.03.26 09:06:48.592,1.37982,1.37985,1.50,6.19
2014.03.26 09:06:53.047,1.37983,1.37985,1.00,5.63
2014.03.26 09:06:53.576,1.37983,1.37985,1.00,3.57
2014.03.26 09:07:00.565,1.37982,1.37985,2.44,4.69
2014.03.26 09:07:07.855,1.37982,1.37986,3.57,5.44
2014.03.26 09:07:12.061,1.37982,1.37985,2.07,5.07
2014.03.26 09:07:13.757,1.37983,1.37985,1.00,4.54
2014.03.26 09:07:16.678,1.37982,1.37985,2.03,4.54
2014.03.26 09:07:16.779,1.37981,1.37985,2.82,9.19
2014.03.26 09:07:20.838,1.37981,1.37983,1.69,1.00
2014.03.26 09:07:21.142,1.37975,1.37977,1.50,4.69
2014.03.26 09:07:21.193,1.37975,1.37977,1.00,6.19
2014.03.26 09:07:24.269,1.37974,1.37977,1.50,6.19
2014.03.26 09:07:28.466,1.37974,1.37976,1.50,1.19
2014.03.26 09:07:30.705,1.37973,1.37976,3.75,2.07
2014.03.26 09:07:38.846,1.37972,1.37975,1.69,2.82
2014.03.26 09:07:42.237,1.37971,1.37974,4.50,1.19
2014.03.26 09:07:46.923,1.37972,1.37974,1.00,1.69
2014.03.26 09:07:52.463,1.37971,1.37973,1.50,1.32
2014.03.26 09:07:58.046,1.37971,1.37974,2.63,2.44
2014.03.26 09:07:58.350,1.37975,1.37978,11.26,6.57
2014.03.26 09:07:58.503,1.37978,1.37981,3.01,3.57
2014.03.26 09:07:58.655,1.3798,1.37982,3.00,1.69
2014.03.26 09:07:59.168,1.37981,1.37984,1.50,2.82
2014.03.26 09:07:59.792,1.3798,1.37984,5.07,2.82
2014.03.26 09:07:59.995,1.3798,1.37981,5.07,1.50
2014.03.26 09:08:00.517,1.3798,1.37981,1.32,2.25
2014.03.26 09:08:02.458,1.3798,1.37983,2.82,1.25
2014.03.26 09:08:03.363,1.37981,1.37984,1.00,3.19
2014.03.26 09:08:03.889,1.37981,1.37982,1.00,1.00
2014.03.26 09:08:04.091,1.37982,1.37984,1.50,3.19
2014.03.26 09:08:04.395,1.37982,1.37984,1.00,3.57
2014.03.26 09:08:04.446,1.3798,1.37983,6.94,1.25
2014.03.26 09:08:07.681,1.37981,1.37984,1.50,3.94
2014.03.26 09:08:08.187,1.37982,1.37984,1.50,3.19
2014.03.26 09:08:08.491,1.3798,1.37983,7.32,1.69
2014.03.26 09:08:08.694,1.37981,1.37983,1.50,1.25
2014.03.26 09:08:09.281,1.37981,1.37984,1.50,2.82
2014.03.26 09:08:09.484,1.37983,1.37985,1.00,2.07
2014.03.26 09:08:09.875,1.37981,1.37984,3.00,2.44
2014.03.26 09:08:10.388,1.37981,1.37984,2.25,3.19
2014.03.26 09:08:11.501,1.3798,1.37983,1.32,1.69
2014.03.26 09:08:11.805,1.37977,1.37979,3.57,1.50
2014.03.26 09:08:12.159,1.37978,1.3798,1.50,1.25
2014.03.26 09:08:12.985,1.37979,1.37981,1.00,1.88
2014.03.26 09:08:13.137,1.37981,1.37982,1.50,2.44
2014.03.26 09:08:14.714,1.37981,1.37983,1.50,1.50
2014.03.26 09:08:16.037,1.37981,1.37982,1.50,1.25
2014.03.26 09:08:16.714,1.37979,1.37981,2.44,1.00
2014.03.26 09:08:16.765,1.37979,1.37981,3.75,1.25
2014.03.26 09:08:17.069,1.37978,1.37981,2.07,1.69
2014.03.26 09:08:17.574,1.37978,1.37979,3.75,1.32
2014.03.26 09:08:17.921,1.37976,1.37978,5.93,1.00
2014.03.26 09:08:18.185,1.37975,1.37977,14.25,1.00
2014.03.26 09:08:18.691,1.37976,1.37977,3.30,2.82
2014.03.26 09:08:19.811,1.37975,1.37977,1.50,4.32
2014.03.26 09:08:20.352,1.37975,1.37977,1.50,4.32
2014.03.26 09:08:21.593,1.37974,1.37977,1.50,3.19
2014.03.26 09:08:21.694,1.37973,1.37974,3.45,2.10
2014.03.26 09:08:22.108,1.37973,1.37975,3.08,2.63
2014.03.26 09:08:24.737,1.37974,1.37976,1.50,2.25
2014.03.26 09:08:25.239,1.37974,1.37976,1.50,1.50
2014.03.26 09:08:25.813,1.37975,1.37976,1.50,1.50
2014.03.26 09:08:25.864,1.37975,1.37976,1.00,1.00
2014.03.26 09:08:26.319,1.37976,1.37978,1.88,2.44
2014.03.26 09:08:27.532,1.37975,1.37978,12.08,2.07
2014.03.26 09:08:30.582,1.37977,1.37978,1.50,1.69
2014.03.26 09:08:32.708,1.37976,1.37979,4.13,3.38
2014.03.26 09:08:33.063,1.37975,1.37977,1.88,3.57
2014.03.26 09:08:36.178,1.37975,1.37977,1.50,5.07
2014.03.26 09:08:36.482,1.37977,1.37978,2.25,1.00
2014.03.26 09:08:37.775,1.37977,1.37979,3.00,2.25
2014.03.26 09:08:39.147,1.37978,1.3798,1.50,3.30
2014.03.26 09:08:39.655,1.37978,1.3798,2.25,1.69
2014.03.26 09:08:40.290,1.37978,1.3798,1.00,1.88
2014.03.26 09:08:40.594,1.37979,1.37981,1.50,2.25
2014.03.26 09:08:41.101,1.37977,1.37979,2.07,1.00
2014.03.26 09:08:41.579,1.3798,1.37982,2.25,1.69
2014.03.26 09:08:45.549,1.37979,1.37981,2.25,3.19
2014.03.26 09:08:46.057,1.37977,1.3798,1.88,2.82
2014.03.26 09:08:53.985,1.37979,1.37981,3.60,4.88
2014.03.26 09:08:54.138,1.37981,1.37983,1.00,1.25
2014.03.26 09:08:54.644,1.37982,1.37984,1.00,2.07
2014.03.26 09:08:55.301,1.3798,1.37983,7.88,1.00
2014.03.26 09:09:05.988,1.37982,1.37983,1.00,1.00
2014.03.26 09:09:06.875,1.37983,1.37985,1.00,5.07
2014.03.26 09:09:09.702,1.37983,1.37984,1.50,1.25
2014.03.26 09:09:10.285,1.37983,1.37985,1.50,2.07
2014.03.26 09:09:30.298,1.37983,1.37985,1.50,3.94
2014.03.26 09:09:31.142,1.37983,1.37984,1.50,1.54
2014.03.26 09:09:31.295,1.37981,1.37982,2.18,1.32
2014.03.26 09:09:31.396,1.37979,1.37981,1.32,1.38
2014.03.26 09:09:31.548,1.3798,1.37983,3.90,3.19
2014.03.26 09:09:32.063,1.37981,1.37983,1.50,2.44
2014.03.26 09:09:33.231,1.37981,1.37983,1.00,1.50
2014.03.26 09:09:34.702,1.3798,1.37982,5.03,1.25
2014.03.26 09:09:35.210,1.37981,1.37983,1.50,1.88
2014.03.26 09:09:35.921,1.37982,1.37984,1.50,1.69
2014.03.26 09:09:36.696,1.37982,1.37984,1.00,1.50
2014.03.26 09:09:39.194,1.37982,1.37984,1.10,1.69
2014.03.26 09:09:39.346,1.37984,1.37985,1.00,1.88
2014.03.26 09:09:39.397,1.37985,1.37988,5.36,2.25
2014.03.26 09:09:39.650,1.37988,1.37991,9.23,3.00
2014.03.26 09:09:39.802,1.37993,1.37995,1.00,1.13
2014.03.26 09:09:40.055,1.37991,1.37994,4.13,1.19
2014.03.26 09:09:40.560,1.37992,1.37993,1.00,3.94
2014.03.26 09:09:41.091,1.3799,1.37993,4.88,1.69
2014.03.26 09:09:42.845,1.3799,1.37993,7.50,1.69
2014.03.26 09:09:43.818,1.37992,1.37993,1.00,1.25
2014.03.26 09:09:45.989,1.37991,1.37993,1.88,1.25
2014.03.26 09:09:46.494,1.37992,1.37993,1.00,1.25
2014.03.26 09:09:49.219,1.3799,1.37992,3.75,1.50
2014.03.26 09:09:49.473,1.3799,1.37992,3.75,1.25
2014.03.26 09:09:49.980,1.3799,1.37994,6.75,3.57
2014.03.26 09:09:50.500,1.37991,1.37994,3.38,1.69
2014.03.26 09:09:51.044,1.37992,1.37994,1.00,1.69
2014.03.26 09:09:51.399,1.37993,1.37995,1.00,1.25
2014.03.26 09:09:51.550,1.37994,1.37997,1.25,3.94
2014.03.26 09:09:56.998,1.37995,1.37997,1.00,8.44
2014.03.26 09:09:58.745,1.37995,1.37997,1.00,7.32
2014.03.26 09:09:58.897,1.37993,1.37995,2.63,1.25
2014.03.26 09:09:59.439,1.37992,1.37995,7.50,1.25
2014.03.26 09:10:01.649,1.37993,1.37994,1.00,1.00
2014.03.26 09:10:02.200,1.37993,1.37995,1.50,3.19
2014.03.26 09:10:03.134,1.37989,1.37993,3.75,3.23
2014.03.26 09:10:03.185,1.37989,1.3799,3.75,2.10
2014.03.26 09:10:03.286,1.37987,1.37989,5.63,1.65
2014.03.26 09:10:03.489,1.37986,1.37988,3.30,1.69
2014.03.26 09:10:03.691,1.37986,1.37987,3.30,2.25
2014.03.26 09:10:03.894,1.37987,1.37988,1.50,2.63
2014.03.26 09:10:03.945,1.37987,1.37988,3.23,1.88
2014.03.26 09:10:04.097,1.37989,1.37992,4.13,1.32
2014.03.26 09:10:04.198,1.3799,1.37992,1.50,1.32
2014.03.26 09:10:04.249,1.37989,1.37991,2.63,6.25
2014.03.26 09:10:04.502,1.37991,1.37992,1.50,1.32
2014.03.26 09:10:06.390,1.3799,1.37992,1.00,2.07
2014.03.26 09:10:15.408,1.37992,1.37994,2.25,3.00
2014.03.26 09:10:15.509,1.37992,1.37994,6.27,1.13
2014.03.26 09:10:16.021,1.37992,1.37995,6.87,1.13
2014.03.26 09:10:17.313,1.37994,1.37995,1.00,1.00
2014.03.26 09:10:17.515,1.37994,1.37997,1.50,3.19
2014.03.26 09:10:18.128,1.37996,1.37997,1.80,1.00
2014.03.26 09:10:19.389,1.37996,1.37998,8.63,1.50
2014.03.26 09:10:19.912,1.37997,1.37998,4.13,1.50
2014.03.26 09:10:21.935,1.37997,1.38,3.38,2.82
2014.03.26 09:10:23.083,1.37997,1.37999,5.25,1.00
2014.03.26 09:10:26.455,1.37998,1.38,1.50,1.69
2014.03.26 09:10:29.991,1.37997,1.37998,1.88,2.63
2014.03.26 09:10:30.497,1.37998,1.38001,1.50,1.69
2014.03.26 09:10:32.681,1.37998,1.38001,1.50,1.69
2014.03.26 09:10:33.250,1.37998,1.37999,1.50,1.00
2014.03.26 09:10:34.448,1.37997,1.37999,1.50,1.00
2014.03.26 09:10:34.958,1.37998,1.37999,1.50,1.00
2014.03.26 09:10:35.500,1.37997,1.37999,4.13,1.00
2014.03.26 09:10:44.315,1.37998,1.37999,1.00,1.00
2014.03.26 09:10:44.620,1.37998,1.38002,5.48,35.63
2014.03.26 09:10:44.671,1.38002,1.38003,1.50,1.25
2014.03.26 09:10:44.824,1.38003,1.38005,1.00,2.03
2014.03.26 09:10:45.178,1.38004,1.38006,1.00,1.32
2014.03.26 09:10:53.986,1.38003,1.38006,4.69,1.25
2014.03.26 09:10:56.646,1.38003,1.38006,3.94,2.69
2014.03.26 09:10:57.156,1.38003,1.38005,3.19,2.50
2014.03.26 09:10:57.662,1.38003,1.38005,2.44,1.50
2014.03.26 09:10:58.370,1.38002,1.38005,1.88,8.07
2014.03.26 09:10:58.876,1.38001,1.38004,3.38,5.82
2014.03.26 09:11:00.072,1.37999,1.38002,4.05,1.38
2014.03.26 09:11:00.174,1.37998,1.37999,6.00,3.94
2014.03.26 09:11:00.377,1.37997,1.37998,1.13,2.63
2014.03.26 09:11:00.529,1.37997,1.38,4.92,2.07
2014.03.26 09:11:01.044,1.37999,1.38,2.25,1.00
2014.03.26 09:11:03.894,1.37999,1.38001,3.25,1.25
2014.03.26 09:11:04.734,1.37998,1.38,4.69,2.33
2014.03.26 09:11:04.835,1.37998,1.37999,1.69,1.00
2014.03.26 09:11:04.987,1.37996,1.37997,3.00,3.38
2014.03.26 09:11:06.474,1.37997,1.37999,2.13,2.82
2014.03.26 09:11:07.016,1.37998,1.38,2.50,2.44
2014.03.26 09:11:09.290,1.37998,1.37999,1.00,1.13
2014.03.26 09:11:09.947,1.37998,1.38001,4.51,3.38
2014.03.26 09:11:10.302,1.37996,1.38,6.75,3.38
2014.03.26 09:11:10.505,1.37997,1.37999,1.88,3.57
2014.03.26 09:11:11.174,1.37997,1.37999,6.00,1.69
2014.03.26 09:11:11.642,1.37997,1.37999,1.00,2.82
2014.03.26 09:11:12.248,1.37997,1.37999,1.00,1.32
2014.03.26 09:11:12.703,1.37995,1.37997,1.00,5.44
2014.03.26 09:11:12.908,1.37995,1.37997,2.50,6.00
2014.03.26 09:11:13.630,1.37995,1.37997,2.50,4.50
2014.03.26 09:11:13.934,1.37994,1.37997,1.43,6.19
2014.03.26 09:11:17.794,1.37995,1.37997,1.00,3.19
2014.03.26 09:11:18.883,1.37994,1.37996,1.43,1.25
2014.03.26 09:11:34.550,1.37995,1.37997,2.25,2.44
2014.03.26 09:11:35.056,1.37996,1.37997,1.00,1.25
2014.03.26 09:11:35.465,1.37996,1.37997,1.69,1.00
2014.03.26 09:11:35.566,1.37998,1.37999,1.50,1.00
2014.03.26 09:11:36.081,1.37999,1.38001,1.50,2.63
2014.03.26 09:11:37.090,1.37999,1.38002,2.07,2.44
2014.03.26 09:11:38.072,1.38,1.38002,2.63,2.44
2014.03.26 09:11:39.159,1.38,1.38002,3.38,1.25
2014.03.26 09:11:40.753,1.38001,1.38003,3.38,1.19
2014.03.26 09:11:40.810,1.38003,1.38005,1.88,2.44
2014.03.26 09:11:41.595,1.38005,1.38007,10.51,9.75
2014.03.26 09:11:41.899,1.38011,1.38014,3.00,1.77
2014.03.26 09:11:42.406,1.38013,1.38015,2.25,1.77
2014.03.26 09:11:43.261,1.38014,1.38017,2.50,3.75
2014.03.26 09:11:43.312,1.38012,1.38015,5.07,7.77
2014.03.26 09:11:43.363,1.38015,1.38018,4.79,2.25
2014.03.26 09:11:43.791,1.38018,1.3802,1.13,12.19
2014.03.26 09:11:44.526,1.38013,1.38019,1.50,24.25
2014.03.26 09:11:44.729,1.38016,1.38018,1.50,6.75
2014.03.26 09:11:46.523,1.38017,1.38019,4.32,1.00
2014.03.26 09:11:46.897,1.38017,1.3802,6.57,1.77
2014.03.26 09:11:47.070,1.38016,1.38018,4.50,2.25
2014.03.26 09:11:47.375,1.38014,1.38016,9.75,2.44
2014.03.26 09:11:49.414,1.38014,1.38017,22.43,4.88
2014.03.26 09:11:49.920,1.38014,1.38016,7.50,3.07
2014.03.26 09:11:50.215,1.38015,1.38016,2.93,2.07
2014.03.26 09:11:51.253,1.38014,1.38015,1.00,1.50
2014.03.26 09:11:52.676,1.38013,1.38015,2.44,1.00
2014.03.26 09:11:53.942,1.38014,1.38015,1.00,1.50
2014.03.26 09:11:54.502,1.38013,1.38015,1.69,2.50
2014.03.26 09:11:55.006,1.38014,1.38015,1.00,1.50
2014.03.26 09:11:55.512,1.38013,1.38014,1.00,1.25
2014.03.26 09:11:56.020,1.38012,1.38014,3.25,4.13
2014.03.26 09:11:56.744,1.38012,1.38015,1.00,7.69
2014.03.26 09:11:57.421,1.38012,1.38015,1.00,8.82
2014.03.26 09:11:57.930,1.38012,1.38013,1.00,1.00
2014.03.26 09:11:58.467,1.38012,1.38015,1.50,7.32
2014.03.26 09:11:59.779,1.38012,1.38015,2.93,5.44
2014.03.26 09:12:00.381,1.38012,1.38015,3.34,4.69
2014.03.26 09:12:00.886,1.38012,1.38015,2.48,7.69
2014.03.26 09:12:02.183,1.38012,1.38014,1.50,1.25
2014.03.26 09:12:07.524,1.38012,1.38013,2.25,1.00
2014.03.26 09:12:08.302,1.38011,1.38013,1.69,1.50
2014.03.26 09:12:14.285,1.3801,1.38013,9.75,1.00
2014.03.26 09:12:14.841,1.3801,1.38013,7.32,1.50
2014.03.26 09:12:15.456,1.38012,1.38013,1.50,1.50
2014.03.26 09:12:16.219,1.38012,1.38013,1.50,1.00
2014.03.26 09:12:16.525,1.38006,1.38008,2.25,5.07
2014.03.26 09:12:16.728,1.38006,1.38008,1.00,6.75
2014.03.26 09:12:16.779,1.38004,1.38007,1.32,5.07
2014.03.26 09:12:18.402,1.38005,1.38007,1.00,2.07
2014.03.26 09:12:20.901,1.38005,1.38008,3.00,9.34
2014.03.26 09:12:20.952,1.38006,1.38008,1.00,8.25
2014.03.26 09:12:21.206,1.38012,1.38015,2.25,9.49
2014.03.26 09:12:21.358,1.38014,1.38015,1.00,3.38
2014.03.26 09:12:21.410,1.38014,1.38015,1.00,1.13
2014.03.26 09:12:21.927,1.38015,1.38017,1.00,6.34
2014.03.26 09:12:22.496,1.38014,1.38017,1.13,4.32
2014.03.26 09:12:23.228,1.38014,1.38015,1.13,1.00
2014.03.26 09:12:24.915,1.38013,1.38016,3.94,2.82
2014.03.26 09:12:26.894,1.38012,1.38016,4.32,2.82
2014.03.26 09:12:27.783,1.38012,1.38016,5.44,2.82
2014.03.26 09:12:28.321,1.38012,1.38016,4.32,2.82
2014.03.26 09:12:33.471,1.38012,1.38016,3.00,11.06
2014.03.26 09:12:33.994,1.38012,1.38015,1.25,6.82
2014.03.26 09:12:38.340,1.38012,1.38015,1.25,6.57
2014.03.26 09:12:39.952,1.38012,1.38015,1.32,4.19
2014.03.26 09:12:41.016,1.38012,1.38014,2.07,1.88
2014.03.26 09:12:41.219,1.38012,1.38015,3.57,3.38
2014.03.26 09:12:42.705,1.38011,1.38015,3.75,4.19
2014.03.26 09:12:43.214,1.38011,1.38015,1.13,9.20
2014.03.26 09:12:44.780,1.38011,1.38015,1.50,8.82
2014.03.26 09:12:44.932,1.38012,1.38015,1.32,4.13
2014.03.26 09:12:45.084,1.38014,1.38015,1.25,1.13
2014.03.26 09:12:45.387,1.38012,1.38015,1.50,4.32
2014.03.26 09:12:47.728,1.38013,1.38015,1.69,2.63
2014.03.26 09:12:50.507,1.38011,1.38015,7.13,7.50
2014.03.26 09:12:50.811,1.38008,1.38011,3.94,3.82
2014.03.26 09:12:50.963,1.38008,1.38011,1.33,6.19
2014.03.26 09:12:51.671,1.38008,1.38011,3.31,5.07
2014.03.26 09:12:52.357,1.3801,1.38011,1.00,2.25
2014.03.26 09:12:52.887,1.3801,1.38011,1.50,1.50
2014.03.26 09:12:53.434,1.3801,1.38012,1.63,1.32
2014.03.26 09:12:54.426,1.38011,1.38013,1.06,1.88
2014.03.26 09:12:54.932,1.38012,1.38013,1.32,1.50
2014.03.26 09:12:56.093,1.38012,1.38014,1.32,1.50
2014.03.26 09:12:57.516,1.38012,1.38015,3.38,5.44
2014.03.26 09:12:59.182,1.38013,1.38015,1.00,3.57
2014.03.26 09:12:59.487,1.38013,1.38016,1.38,1.88
2014.03.26 09:13:00.928,1.38015,1.38017,1.32,1.50
2014.03.26 09:13:01.233,1.38017,1.38018,1.25,4.88
2014.03.26 09:13:01.334,1.38017,1.38018,1.69,4.13
2014.03.26 09:13:02.022,1.38017,1.38019,1.32,4.50
2014.03.26 09:13:18.020,1.38018,1.38021,1.50,3.19
2014.03.26 09:13:18.558,1.38018,1.3802,1.50,1.88
2014.03.26 09:13:19.457,1.38018,1.3802,2.44,1.88
2014.03.26 09:13:22.266,1.38018,1.3802,2.44,1.88
2014.03.26 09:13:22.368,1.38017,1.38019,1.50,3.07
2014.03.26 09:13:22.419,1.38016,1.38019,6.19,4.32
2014.03.26 09:13:22.470,1.38014,1.38018,3.94,11.82
2014.03.26 09:13:22.979,1.38014,1.38017,1.69,9.94
2014.03.26 09:13:25.643,1.38013,1.38015,1.00,5.25
2014.03.26 09:13:29.975,1.38014,1.38016,1.00,2.63
2014.03.26 09:13:33.384,1.38013,1.38016,3.57,2.82
2014.03.26 09:13:34.015,1.38013,1.38016,3.64,2.82
2014.03.26 09:13:34.848,1.38013,1.38016,1.77,3.57
2014.03.26 09:13:35.000,1.38012,1.38016,2.14,6.20
2014.03.26 09:13:35.781,1.38012,1.38015,1.02,3.57
2014.03.26 09:13:35.832,1.38014,1.38016,4.20,1.00
2014.03.26 09:13:35.985,1.38016,1.38018,3.19,1.88
2014.03.26 09:13:36.493,1.38017,1.38019,2.82,2.63
2014.03.26 09:13:39.391,1.38014,1.38018,6.83,3.76
2014.03.26 09:13:39.543,1.38009,1.38011,6.75,7.36
2014.03.26 09:13:39.594,1.38005,1.38009,11.33,4.23
2014.03.26 09:13:39.898,1.38003,1.38005,1.50,7.13
2014.03.26 09:13:39.950,1.38003,1.38005,1.00,4.13
2014.03.26 09:13:40.052,1.38005,1.38007,3.08,9.00
2014.03.26 09:13:40.204,1.38007,1.38009,3.57,6.75
2014.03.26 09:13:40.458,1.3801,1.38011,2.63,2.25
2014.03.26 09:13:40.560,1.3801,1.38013,4.38,6.00
2014.03.26 09:13:40.662,1.38012,1.38014,1.88,3.57
2014.03.26 09:13:41.669,1.38012,1.38014,1.88,1.69
2014.03.26 09:13:46.375,1.38012,1.38014,2.63,1.00
2014.03.26 09:13:47.398,1.38012,1.38014,1.50,2.82
2014.03.26 09:13:47.982,1.38012,1.38014,1.50,2.82
2014.03.26 09:13:48.505,1.3801,1.38012,4.88,3.00
2014.03.26 09:13:49.043,1.3801,1.38012,1.88,3.75
2014.03.26 09:13:51.094,1.3801,1.38012,7.00,1.50
2014.03.26 09:13:51.297,1.3801,1.38014,18.19,1.69
2014.03.26 09:13:52.401,1.38011,1.38014,7.19,1.69
2014.03.26 09:13:52.755,1.38012,1.38015,7.75,3.00
2014.03.26 09:13:53.279,1.38013,1.38015,2.32,2.25
2014.03.26 09:13:55.229,1.38014,1.38016,1.00,1.69
2014.03.26 09:13:56.702,1.38013,1.38016,2.82,1.50
2014.03.26 09:13:57.006,1.38009,1.38012,4.88,13.32
2014.03.26 09:13:57.259,1.38007,1.3801,2.63,5.75
2014.03.26 09:13:57.769,1.38006,1.38008,1.25,4.13
2014.03.26 09:13:58.073,1.38002,1.38006,4.88,5.25
2014.03.26 09:13:58.418,1.38001,1.38005,4.69,15.57
2014.03.26 09:13:58.729,1.37996,1.37998,8.25,7.88
2014.03.26 09:13:58.881,1.37994,1.37997,1.00,5.82
2014.03.26 09:14:00.074,1.37996,1.37998,3.04,5.25
2014.03.26 09:14:00.429,1.37996,1.37998,1.69,6.00
2014.03.26 09:14:01.250,1.37997,1.37999,1.50,3.57
2014.03.26 09:14:01.755,1.37998,1.37999,1.00,2.07
2014.03.26 09:14:02.277,1.37998,1.38,1.00,3.38
2014.03.26 09:14:02.783,1.37999,1.38,1.00,3.19
2014.03.26 09:14:03.374,1.37998,1.38,1.00,4.19
2014.03.26 09:14:03.918,1.37999,1.38,1.00,2.44
2014.03.26 09:14:04.947,1.37999,1.38001,3.00,1.13
2014.03.26 09:14:05.048,1.38001,1.38002,1.88,7.69
2014.03.26 09:14:05.403,1.38002,1.38004,4.50,1.69
2014.03.26 09:14:07.220,1.38003,1.38004,1.88,1.25
2014.03.26 09:14:07.271,1.38003,1.38006,4.88,4.88
2014.03.26 09:14:07.322,1.38005,1.3801,15.18,16.88
2014.03.26 09:14:07.575,1.38008,1.3801,1.00,5.44
2014.03.26 09:14:07.828,1.38006,1.38009,3.38,3.07
2014.03.26 09:14:08.183,1.38006,1.38008,1.50,6.38
2014.03.26 09:14:08.688,1.38007,1.38009,1.50,2.44
2014.03.26 09:14:09.193,1.38007,1.38008,1.50,1.00
2014.03.26 09:14:09.730,1.38007,1.38009,3.75,2.44
2014.03.26 09:14:11.130,1.38007,1.38009,5.44,1.00
2014.03.26 09:14:13.606,1.38008,1.3801,1.00,2.25
2014.03.26 09:14:15.153,1.38007,1.38009,5.44,1.00
2014.03.26 09:14:15.254,1.38005,1.38008,22.35,1.00
2014.03.26 09:14:15.558,1.37997,1.38001,1.00,5.82
2014.03.26 09:14:16.090,1.37998,1.38,3.75,3.19
2014.03.26 09:14:16.141,1.37998,1.37999,1.00,2.25
2014.03.26 09:14:16.192,1.37996,1.37999,3.38,7.00
2014.03.26 09:14:16.293,1.37997,1.37999,3.00,1.50
2014.03.26 09:14:16.809,1.37997,1.38,3.75,5.07
2014.03.26 09:14:17.567,1.38,1.38002,1.00,9.19
2014.03.26 09:14:17.720,1.38001,1.38002,1.00,3.94
2014.03.26 09:14:18.226,1.38001,1.38003,2.07,1.00
2014.03.26 09:14:18.277,1.38002,1.38004,1.50,2.07
2014.03.26 09:14:20.424,1.38002,1.38005,3.94,4.32
2014.03.26 09:14:20.935,1.38002,1.38005,4.32,3.19
2014.03.26 09:14:25.889,1.37999,1.38004,1.50,1.13
2014.03.26 09:14:25.940,1.37999,1.38001,1.69,1.50
2014.03.26 09:14:26.490,1.38,1.38002,3.57,1.50
2014.03.26 09:14:27.479,1.38,1.38002,2.82,1.50
2014.03.26 09:14:27.631,1.38002,1.38003,1.00,1.69
2014.03.26 09:14:27.991,1.38003,1.38005,1.00,4.88
2014.03.26 09:14:32.331,1.38004,1.38006,2.25,2.63
2014.03.26 09:14:32.838,1.38005,1.38006,1.00,2.63
2014.03.26 09:14:33.564,1.38005,1.38006,2.25,1.00
2014.03.26 09:14:33.878,1.38009,1.38011,1.50,3.57
2014.03.26 09:14:34.260,1.38006,1.3801,7.50,4.20
2014.03.26 09:14:34.780,1.38006,1.38007,1.50,2.82
2014.03.26 09:14:35.393,1.38005,1.38007,1.13,2.82
2014.03.26 09:14:35.882,1.38004,1.38007,3.38,4.32
2014.03.26 09:14:36.034,1.38003,1.38005,3.19,1.50
2014.03.26 09:14:36.237,1.38,1.38004,7.88,2.92
2014.03.26 09:14:36.743,1.37999,1.38001,6.75,2.82
2014.03.26 09:14:37.291,1.37999,1.38003,12.25,1.30
2014.03.26 09:14:37.442,1.37999,1.38001,1.00,2.82
2014.03.26 09:14:40.088,1.37999,1.38,1.00,1.00
2014.03.26 09:14:40.341,1.37999,1.38002,4.88,1.25
2014.03.26 09:14:40.594,1.37999,1.38003,7.88,1.57
2014.03.26 09:14:41.293,1.37999,1.38001,10.50,1.00
2014.03.26 09:14:42.727,1.37999,1.38002,12.38,1.25
2014.03.26 09:14:49.087,1.38,1.38002,5.07,1.00
2014.03.26 09:14:49.429,1.37999,1.38,1.00,1.00
2014.03.26 09:14:50.036,1.37998,1.38,1.88,3.94
2014.03.26 09:14:50.542,1.37999,1.38,1.00,3.94
2014.03.26 09:14:54.583,1.37999,1.38001,2.13,1.69
2014.03.26 09:14:54.684,1.38,1.38002,1.00,2.44
2014.03.26 09:14:54.989,1.38002,1.3801,1.00,34.13
2014.03.26 09:14:55.243,1.38009,1.3801,3.00,3.00
2014.03.26 09:14:57.653,1.3801,1.38012,2.63,8.63
2014.03.26 09:14:57.957,1.3801,1.38011,1.88,3.19
2014.03.26 09:14:59.381,1.38011,1.38012,1.50,4.50
2014.03.26 09:14:59.856,1.38007,1.38008,1.00,4.13
2014.03.26 09:15:00.059,1.38004,1.38006,2.25,5.25
2014.03.26 09:15:00.496,1.38002,1.38005,1.63,4.69
2014.03.26 09:15:07.231,1.38003,1.38005,1.38,3.19
2014.03.26 09:15:07.737,1.38003,1.38006,2.63,2.44
2014.03.26 09:15:09.738,1.38003,1.38005,1.38,1.25
2014.03.26 09:15:09.890,1.37998,1.38004,3.75,1.88
2014.03.26 09:15:09.991,1.38002,1.38003,2.25,1.00
2014.03.26 09:15:10.143,1.38,1.38003,1.88,4.50
2014.03.26 09:15:10.672,1.38,1.38002,1.88,1.50
2014.03.26 09:15:14.455,1.38,1.38003,2.25,4.69
2014.03.26 09:15:16.659,1.38,1.38003,1.32,5.29
2014.03.26 09:15:16.710,1.37999,1.38003,5.63,5.67
2014.03.26 09:15:16.912,1.37998,1.37999,1.88,1.00
2014.03.26 09:15:16.964,1.37998,1.37999,1.88,1.50
2014.03.26 09:15:17.116,1.37995,1.37997,1.00,5.69
2014.03.26 09:15:17.622,1.37994,1.37996,1.13,1.25
2014.03.26 09:15:19.313,1.37995,1.37996,1.00,1.25
2014.03.26 09:15:22.806,1.37994,1.37996,1.13,1.25
2014.03.26 09:15:25.117,1.37995,1.37996,1.00,1.25
2014.03.26 09:15:36.040,1.37993,1.37995,2.82,1.00
2014.03.26 09:15:36.585,1.37992,1.37995,3.57,3.57
2014.03.26 09:15:37.945,1.37992,1.37995,4.32,3.57
2014.03.26 09:15:38.449,1.37992,1.37995,3.94,3.19
2014.03.26 09:15:38.986,1.37992,1.37995,4.32,2.44
2014.03.26 09:15:47.904,1.37993,1.37997,2.82,5.82
2014.03.26 09:15:50.002,1.37991,1.37994,2.25,1.19
2014.03.26 09:15:52.821,1.37992,1.37995,1.50,3.57
2014.03.26 09:15:59.808,1.37994,1.37996,1.00,4.13
2014.03.26 09:15:59.910,1.37995,1.37997,8.93,1.69
2014.03.26 09:15:59.961,1.37997,1.38,2.25,10.88
2014.03.26 09:16:00.215,1.38003,1.38005,1.88,4.13
2014.03.26 09:16:02.201,1.38005,1.38006,2.25,1.25
2014.03.26 09:16:05.634,1.38005,1.38007,2.50,4.50
2014.03.26 09:16:06.140,1.38006,1.38008,2.50,8.63
2014.03.26 09:16:12.498,1.38006,1.38007,1.50,2.25
2014.03.26 09:16:13.030,1.38006,1.38008,2.50,10.88
2014.03.26 09:16:20.607,1.38007,1.38009,3.25,7.50
2014.03.26 09:16:22.836,1.38005,1.38008,2.25,7.69
2014.03.26 09:16:27.188,1.38006,1.38007,2.63,1.25
2014.03.26 09:16:27.757,1.38006,1.38007,3.38,2.25
2014.03.26 09:16:28.357,1.38002,1.38006,2.25,3.44
2014.03.26 09:16:29.168,1.38004,1.38006,1.00,14.45
2014.03.26 09:16:36.719,1.38003,1.38005,1.13,3.25
2014.03.26 09:16:39.219,1.38004,1.38005,1.50,2.25
2014.03.26 09:16:39.828,1.38002,1.38005,3.00,3.94
2014.03.26 09:16:42.034,1.38002,1.38004,2.63,1.69
2014.03.26 09:16:42.538,1.38002,1.38005,4.88,1.69
2014.03.26 09:16:54.799,1.38002,1.38005,2.63,3.57
2014.03.26 09:17:01.961,1.38002,1.38005,2.82,2.44
2014.03.26 09:17:03.755,1.38004,1.38005,1.00,1.25
2014.03.26 09:17:08.419,1.38004,1.38006,1.38,1.69
2014.03.26 09:17:08.521,1.38006,1.38008,1.00,5.63
2014.03.26 09:17:08.826,1.38012,1.38015,4.88,6.75
2014.03.26 09:17:08.879,1.38013,1.38015,1.88,7.75
2014.03.26 09:17:08.930,1.38011,1.38015,3.00,11.50
2014.03.26 09:17:09.031,1.38014,1.38015,1.00,1.00
2014.03.26 09:17:09.580,1.38013,1.38015,2.44,1.00
2014.03.26 09:17:34.442,1.38013,1.38015,1.00,2.44
2014.03.26 09:17:37.487,1.38013,1.38015,1.00,10.32
2014.03.26 09:17:39.224,1.38013,1.38014,1.00,1.25
2014.03.26 09:17:40.658,1.38012,1.38014,1.88,1.69
2014.03.26 09:17:42.262,1.38012,1.38014,1.88,1.69
2014.03.26 09:17:42.807,1.38012,1.38015,1.88,7.69
2014.03.26 09:17:46.240,1.38013,1.38015,1.00,7.32
2014.03.26 09:17:46.742,1.38013,1.38015,1.00,6.57
2014.03.26 09:17:47.300,1.38012,1.38015,3.00,5.44
2014.03.26 09:17:47.805,1.38013,1.38015,1.13,1.19
2014.03.26 09:17:48.311,1.38014,1.38015,1.00,1.13
2014.03.26 09:17:49.212,1.38014,1.38016,1.00,4.32
2014.03.26 09:17:50.253,1.38012,1.38014,6.94,2.25
2014.03.26 09:17:50.654,1.38012,1.38014,3.00,2.07
2014.03.26 09:17:51.160,1.38012,1.38013,1.50,1.13
2014.03.26 09:17:51.566,1.38011,1.38014,3.00,2.44
2014.03.26 09:17:52.071,1.38012,1.38014,1.50,1.25
2014.03.26 09:17:54.020,1.38012,1.38015,1.50,7.11
2014.03.26 09:17:54.323,1.3801,1.38013,3.38,1.69
2014.03.26 09:17:54.677,1.3801,1.38013,1.88,2.44
2014.03.26 09:17:55.067,1.38004,1.38007,10.50,3.44
2014.03.26 09:17:55.123,1.38004,1.38006,3.75,1.00
2014.03.26 09:17:58.340,1.38007,1.38008,1.13,4.13
2014.03.26 09:17:58.645,1.38007,1.3801,3.94,1.32
2014.03.26 09:18:04.919,1.38007,1.38009,3.94,1.00
2014.03.26 09:18:05.707,1.38007,1.3801,3.94,1.32
2014.03.26 09:18:07.945,1.38008,1.38011,3.57,3.19
2014.03.26 09:18:09.979,1.3801,1.38012,4.00,1.00
2014.03.26 09:18:10.182,1.38011,1.38015,2.82,3.94
2014.03.26 09:18:10.688,1.38011,1.38015,5.25,1.69
2014.03.26 09:18:11.561,1.38012,1.38015,4.88,2.07
2014.03.26 09:18:14.849,1.38014,1.38017,1.00,2.25
2014.03.26 09:18:14.900,1.38015,1.38018,2.50,13.13
2014.03.26 09:18:15.103,1.38017,1.38019,3.19,3.00
2014.03.26 09:18:15.609,1.38018,1.3802,1.50,3.19
2014.03.26 09:18:18.640,1.38018,1.3802,1.69,1.88
2014.03.26 09:18:19.173,1.38018,1.38019,1.69,1.00
2014.03.26 09:18:19.679,1.38018,1.3802,1.50,1.32
2014.03.26 09:18:25.578,1.38018,1.38021,3.00,1.00
2014.03.26 09:18:25.832,1.38022,1.38025,3.79,1.39
2014.03.26 09:18:26.736,1.38025,1.38027,1.50,1.69
2014.03.26 09:18:26.990,1.3803,1.38031,3.00,2.25
2014.03.26 09:18:27.485,1.38032,1.38034,4.38,1.00
2014.03.26 09:18:27.547,1.38034,1.38036,1.00,5.44
2014.03.26 09:18:28.054,1.38034,1.38036,1.00,4.13
2014.03.26 09:18:29.369,1.38031,1.38035,2.25,4.69
2014.03.26 09:18:29.673,1.38027,1.3803,6.00,8.25
2014.03.26 09:18:30.079,1.38025,1.38027,10.95,1.00
2014.03.26 09:18:30.607,1.38025,1.3803,21.45,9.75
2014.03.26 09:18:30.786,1.38026,1.38028,1.00,3.75
2014.03.26 09:18:30.900,1.38025,1.38026,2.40,1.00
2014.03.26 09:18:31.665,1.38025,1.38027,1.65,1.25
2014.03.26 09:18:33.544,1.38025,1.38026,2.40,1.00
2014.03.26 09:18:34.303,1.38025,1.38027,1.88,1.00
2014.03.26 09:18:34.826,1.38025,1.38028,7.28,4.32
2014.03.26 09:18:35.407,1.38025,1.38027,4.65,1.00
2014.03.26 09:18:35.945,1.38026,1.38028,1.50,3.38
2014.03.26 09:18:36.466,1.38026,1.38028,1.50,4.13
2014.03.26 09:18:43.433,1.38027,1.38028,1.50,3.00
2014.03.26 09:18:47.696,1.38026,1.38027,3.94,1.50
2014.03.26 09:18:48.201,1.38025,1.38027,2.63,3.19
2014.03.26 09:18:58.024,1.38026,1.38027,2.25,2.44
2014.03.26 09:19:06.087,1.38024,1.38026,3.49,1.00
2014.03.26 09:19:07.610,1.38024,1.38027,7.40,1.69
2014.03.26 09:19:07.914,1.38029,1.38032,4.32,3.19
2014.03.26 09:19:08.599,1.3803,1.38033,4.00,4.50
2014.03.26 09:19:09.044,1.38029,1.38031,3.94,1.00
2014.03.26 09:19:09.095,1.3803,1.38033,4.50,2.25
2014.03.26 09:19:10.746,1.38032,1.38034,1.88,2.25
2014.03.26 09:19:12.018,1.38032,1.38033,1.50,1.00
2014.03.26 09:19:12.121,1.38033,1.38035,1.13,7.88
2014.03.26 09:19:12.173,1.38034,1.38035,3.00,2.63
2014.03.26 09:19:12.677,1.38034,1.38035,4.20,1.25
2014.03.26 09:19:15.107,1.38034,1.38035,3.60,1.25
2014.03.26 09:19:20.114,1.38034,1.38035,4.88,2.07
2014.03.26 09:19:20.622,1.38033,1.38035,1.00,3.57
2014.03.26 09:19:24.579,1.38033,1.38035,1.88,2.44
2014.03.26 09:19:25.913,1.38033,1.38036,3.38,1.00
2014.03.26 09:19:27.683,1.38034,1.38035,2.62,2.07
2014.03.26 09:19:30.010,1.38033,1.38035,1.00,2.82
2014.03.26 09:19:35.924,1.38032,1.38034,1.00,1.00
2014.03.26 09:19:36.228,1.38025,1.38026,5.25,1.25
2014.03.26 09:19:36.734,1.38025,1.38026,1.88,1.25
2014.03.26 09:19:37.893,1.38024,1.38026,1.13,1.63
2014.03.26 09:19:40.217,1.38024,1.38027,1.88,5.63
2014.03.26 09:19:43.239,1.38024,1.38026,2.63,1.50
2014.03.26 09:19:43.667,1.38024,1.38026,1.50,1.50
2014.03.26 09:19:43.769,1.38023,1.38024,2.63,2.10
2014.03.26 09:19:43.820,1.38019,1.38021,2.25,6.75
2014.03.26 09:19:44.074,1.38015,1.38018,3.00,7.32
2014.03.26 09:19:45.482,1.38018,1.38019,3.38,1.25
2014.03.26 09:19:45.584,1.38018,1.38021,3.63,3.75
2014.03.26 09:19:45.736,1.3802,1.38022,2.63,1.25
2014.03.26 09:19:46.265,1.3802,1.38023,8.63,1.00
2014.03.26 09:19:46.802,1.38022,1.38024,1.13,2.44
2014.03.26 09:19:47.854,1.38022,1.38024,1.38,2.25
2014.03.26 09:19:47.905,1.38022,1.38025,1.00,2.44
2014.03.26 09:19:48.454,1.38022,1.38026,8.07,2.44
2014.03.26 09:19:49.582,1.38023,1.38026,2.82,1.63
2014.03.26 09:19:50.124,1.38023,1.38025,1.88,1.32
2014.03.26 09:19:50.697,1.38023,1.38024,1.13,1.00
2014.03.26 09:19:51.114,1.38023,1.38026,2.07,1.32
2014.03.26 09:19:52.093,1.38023,1.38025,2.07,1.00
2014.03.26 09:19:52.195,1.38022,1.38024,3.38,1.00
2014.03.26 09:19:57.661,1.38022,1.38025,2.63,3.63
2014.03.26 09:19:58.340,1.38021,1.38023,2.25,1.38
2014.03.26 09:19:58.441,1.3802,1.38022,4.69,3.23
2014.03.26 09:19:58.493,1.38017,1.38021,3.00,4.76
2014.03.26 09:19:58.798,1.38018,1.3802,1.00,10.13
2014.03.26 09:19:58.849,1.38017,1.38019,1.13,3.44
2014.03.26 09:19:59.104,1.38018,1.3802,1.69,1.88
2014.03.26 09:20:00.884,1.38017,1.38019,6.00,1.38
2014.03.26 09:20:01.188,1.38015,1.38017,1.00,5.63
2014.03.26 09:20:01.540,1.38013,1.38015,1.13,6.19
2014.03.26 09:20:02.048,1.38013,1.38015,1.50,5.82
2014.03.26 09:20:07.894,1.38012,1.38015,1.50,4.69
2014.03.26 09:20:10.719,1.38012,1.38013,1.00,2.85
2014.03.26 09:20:10.922,1.38006,1.38008,1.00,3.76
2014.03.26 09:20:11.024,1.38005,1.38006,1.50,1.88
2014.03.26 09:20:11.226,1.38005,1.38009,2.88,3.75
2014.03.26 09:20:11.379,1.38007,1.3801,3.75,13.50
2014.03.26 09:20:11.480,1.38009,1.38011,1.25,1.00
2014.03.26 09:20:11.683,1.38008,1.3801,6.38,1.25
2014.03.26 09:20:12.088,1.38009,1.38012,1.63,2.82
2014.03.26 09:20:12.650,1.38009,1.38012,1.69,2.82
2014.03.26 09:20:13.790,1.3801,1.38012,1.00,2.82
2014.03.26 09:20:15.315,1.3801,1.38012,1.00,1.63
2014.03.26 09:20:15.417,1.38011,1.38014,2.25,5.10
2014.03.26 09:20:15.966,1.38013,1.38014,2.25,1.32
2014.03.26 09:20:20.339,1.38013,1.38015,1.00,3.00
2014.03.26 09:20:20.847,1.38013,1.38015,2.25,8.74
2014.03.26 09:20:21.523,1.38012,1.38014,1.50,1.32
2014.03.26 09:20:23.936,1.38013,1.38015,1.00,7.47
2014.03.26 09:20:24.038,1.38014,1.38015,1.88,1.32
2014.03.26 09:20:24.343,1.38016,1.38019,3.91,5.25
2014.03.26 09:20:24.646,1.38016,1.38018,4.57,1.88
2014.03.26 09:20:24.950,1.38015,1.38017,2.25,3.19
2014.03.26 09:20:25.465,1.38014,1.38017,4.50,3.19
2014.03.26 09:20:26.122,1.38016,1.38018,1.00,6.08
2014.03.26 09:20:26.425,1.38021,1.38023,2.25,1.83
2014.03.26 09:20:27.153,1.3802,1.38025,5.25,11.81
2014.03.26 09:20:27.457,1.38018,1.38022,8.50,2.25
2014.03.26 09:20:27.811,1.38017,1.38019,1.50,2.44
2014.03.26 09:20:28.014,1.38016,1.38017,2.07,1.00
2014.03.26 09:20:28.531,1.38016,1.38019,2.07,2.07
2014.03.26 09:20:30.275,1.38016,1.38017,2.07,1.00
2014.03.26 09:20:30.326,1.38016,1.38017,1.00,3.19
2014.03.26 09:20:30.835,1.38014,1.38016,1.00,1.13
2014.03.26 09:20:45.669,1.38015,1.38017,1.00,3.57
2014.03.26 09:20:53.395,1.38015,1.38018,2.82,2.14
2014.03.26 09:20:53.496,1.38017,1.38019,1.38,2.44
2014.03.26 09:20:54.002,1.38017,1.38019,1.88,1.69
2014.03.26 09:20:54.307,1.3802,1.38021,1.00,1.25
2014.03.26 09:20:54.879,1.3802,1.38022,1.00,2.44
2014.03.26 09:20:59.484,1.38018,1.38021,1.25,1.50
2014.03.26 09:20:59.636,1.38016,1.38018,1.88,6.19
2014.03.26 09:20:59.839,1.38014,1.38016,1.50,1.00
2014.03.26 09:21:00.177,1.3801,1.38014,18.00,5.48
2014.03.26 09:21:00.232,1.38009,1.3801,1.50,1.00
2014.03.26 09:21:09.926,1.3801,1.38012,1.00,4.32
2014.03.26 09:21:16.664,1.3801,1.38012,1.00,3.19
2014.03.26 09:21:17.672,1.3801,1.38012,1.13,1.00
2014.03.26 09:21:17.773,1.38011,1.38013,1.13,5.52
2014.03.26 09:21:18.279,1.3801,1.38013,5.44,1.25
2014.03.26 09:21:21.534,1.3801,1.38012,4.32,1.50
2014.03.26 09:21:22.067,1.3801,1.38011,3.75,1.50
2014.03.26 09:21:22.803,1.3801,1.38011,1.88,1.00
2014.03.26 09:21:26.387,1.38009,1.38011,2.82,1.50
2014.03.26 09:21:29.924,1.3801,1.38011,2.25,1.00
2014.03.26 09:21:30.025,1.38011,1.38012,1.13,1.50
2014.03.26 09:21:30.638,1.38011,1.38014,1.38,1.19
2014.03.26 09:21:31.571,1.38011,1.38014,1.38,1.69
2014.03.26 09:21:34.958,1.38013,1.38015,1.50,10.28
2014.03.26 09:21:35.464,1.38014,1.38015,2.63,2.25
2014.03.26 09:21:38.212,1.38013,1.38015,1.69,3.75
2014.03.26 09:21:43.008,1.38014,1.38015,1.13,5.07
2014.03.26 09:21:43.794,1.38013,1.38015,1.69,1.50
2014.03.26 09:21:47.895,1.38012,1.38014,5.44,1.50
2014.03.26 09:21:48.654,1.38013,1.38014,1.00,1.50
2014.03.26 09:21:49.198,1.38012,1.38014,1.32,1.50
2014.03.26 09:21:50.982,1.38013,1.38015,1.00,2.52
2014.03.26 09:21:51.286,1.38015,1.38017,1.00,1.50
2014.03.26 09:21:51.387,1.38014,1.38017,1.50,3.19
2014.03.26 09:21:52.251,1.38014,1.38017,1.13,1.69
2014.03.26 09:21:52.767,1.38014,1.38015,1.88,1.00
2014.03.26 09:21:59.005,1.38014,1.38018,2.63,6.57
2014.03.26 09:21:59.311,1.38022,1.38024,1.00,1.50
2014.03.26 09:22:07.058,1.38023,1.38025,2.13,6.38
2014.03.26 09:22:07.396,1.38024,1.38025,1.50,2.25
2014.03.26 09:22:14.512,1.38021,1.38024,5.25,1.25
2014.03.26 09:22:14.563,1.38018,1.38023,6.38,1.50
2014.03.26 09:22:14.908,1.38014,1.38017,3.57,4.94
2014.03.26 09:22:15.171,1.38016,1.38018,5.29,1.00
2014.03.26 09:22:15.424,1.38015,1.38017,3.75,4.32
2014.03.26 09:22:15.679,1.38012,1.38015,6.00,9.23
2014.03.26 09:22:15.730,1.38009,1.38013,4.88,6.48
2014.03.26 09:22:16.034,1.3801,1.38013,2.13,3.00
2014.03.26 09:22:16.491,1.3801,1.38013,3.00,7.00
2014.03.26 09:22:16.592,1.38011,1.38013,1.88,4.69
2014.03.26 09:22:16.896,1.3801,1.38013,2.44,6.44
2014.03.26 09:22:17.201,1.38011,1.38013,2.07,1.50
2014.03.26 09:22:17.706,1.38011,1.38014,2.82,4.69
2014.03.26 09:22:18.853,1.38011,1.38013,2.07,1.50
2014.03.26 09:22:19.972,1.38011,1.38014,2.82,2.44
2014.03.26 09:22:20.276,1.38013,1.38019,5.43,7.13
2014.03.26 09:22:20.580,1.38021,1.38023,2.88,4.50
2014.03.26 09:22:20.833,1.38021,1.38024,2.07,2.44
2014.03.26 09:22:23.082,1.38022,1.38024,1.25,1.00
2014.03.26 09:22:23.688,1.38022,1.38025,1.25,3.19
2014.03.26 09:22:26.364,1.38021,1.38025,2.07,5.75
2014.03.26 09:22:26.415,1.3802,1.38024,8.25,7.17
2014.03.26 09:22:26.617,1.38019,1.38022,1.00,7.70
2014.03.26 09:22:26.819,1.38017,1.38021,9.00,5.97
2014.03.26 09:22:28.032,1.38018,1.3802,1.13,1.47
2014.03.26 09:22:28.083,1.38018,1.38021,3.23,1.84
2014.03.26 09:22:29.599,1.3802,1.38022,4.32,1.00
2014.03.26 09:22:30.003,1.38021,1.38023,1.25,1.00
2014.03.26 09:22:30.531,1.38021,1.38024,1.25,2.44
2014.03.26 09:22:31.005,1.38022,1.38024,1.00,2.44
2014.03.26 09:22:33.290,1.38023,1.38026,2.35,2.25
2014.03.26 09:22:33.442,1.38025,1.38026,1.00,1.00
2014.03.26 09:22:33.949,1.38025,1.38026,2.25,1.25
2014.03.26 09:22:34.051,1.38025,1.38027,2.63,4.32
2014.03.26 09:22:34.203,1.38023,1.38025,2.44,1.00
2014.03.26 09:22:34.607,1.38025,1.38027,1.69,1.50
2014.03.26 09:22:35.115,1.38025,1.38028,3.57,7.32
2014.03.26 09:22:37.432,1.38026,1.38027,1.00,1.00
2014.03.26 09:22:37.534,1.38024,1.38026,1.50,3.35
2014.03.26 09:22:37.737,1.38022,1.38024,1.50,1.69
2014.03.26 09:22:38.976,1.38024,1.38025,1.00,1.69
2014.03.26 09:22:39.077,1.38024,1.38025,3.23,1.00
2014.03.26 09:22:40.805,1.38024,1.38025,1.88,1.50
2014.03.26 09:22:41.677,1.38023,1.38026,2.48,1.50
2014.03.26 09:22:42.183,1.38024,1.38025,1.00,4.80
2014.03.26 09:22:42.891,1.38023,1.38026,4.13,2.14
2014.03.26 09:22:43.397,1.38023,1.38024,1.50,1.50
2014.03.26 09:22:43.903,1.38022,1.38025,1.88,6.42
2014.03.26 09:22:44.408,1.38022,1.38024,1.88,2.25
2014.03.26 09:22:45.478,1.38024,1.38025,1.35,5.25
2014.03.26 09:22:45.579,1.38017,1.38024,8.25,8.11
2014.03.26 09:22:45.732,1.38019,1.3802,3.00,3.75
2014.03.26 09:22:45.833,1.38018,1.38019,1.50,1.50
2014.03.26 09:22:45.985,1.38019,1.38021,1.00,3.94
2014.03.26 09:22:46.440,1.3802,1.38021,2.44,1.50
2014.03.26 09:22:46.592,1.3802,1.38021,7.69,1.00
2014.03.26 09:22:46.896,1.38022,1.38023,3.75,1.50
2014.03.26 09:22:47.099,1.38024,1.38025,3.60,1.00
2014.03.26 09:22:47.614,1.38025,1.38026,1.13,1.50
2014.03.26 09:22:48.054,1.38025,1.38026,1.88,1.50
2014.03.26 09:22:48.779,1.38029,1.38031,1.13,7.58
2014.03.26 09:22:49.085,1.3803,1.38031,1.13,3.75
2014.03.26 09:22:49.187,1.38029,1.38031,2.63,3.00
2014.03.26 09:22:49.390,1.38029,1.38032,4.13,3.57
2014.03.26 09:22:50.549,1.3803,1.38031,1.50,1.50
2014.03.26 09:22:50.600,1.3803,1.38031,1.88,1.00
2014.03.26 09:22:51.106,1.38031,1.38032,1.00,1.00
2014.03.26 09:22:51.634,1.3803,1.38032,2.63,3.25
2014.03.26 09:22:52.159,1.38031,1.38032,1.00,1.50
2014.03.26 09:22:52.692,1.3803,1.38032,2.63,3.25
2014.03.26 09:22:53.197,1.38031,1.38032,1.00,2.25
2014.03.26 09:22:53.602,1.38031,1.38033,1.50,2.50
2014.03.26 09:22:53.934,1.38029,1.38032,4.50,3.01
2014.03.26 09:22:53.987,1.38028,1.38029,1.10,2.63
2014.03.26 09:22:58.056,1.38026,1.38028,2.63,1.50
2014.03.26 09:22:58.157,1.38025,1.38027,2.44,1.00
2014.03.26 09:22:58.360,1.38025,1.38028,2.82,5.44
2014.03.26 09:22:59.644,1.38026,1.38027,1.69,2.25
2014.03.26 09:23:00.165,1.38025,1.38027,2.07,2.63
2014.03.26 09:23:01.722,1.38024,1.38027,3.94,4.88
2014.03.26 09:23:01.975,1.38021,1.38023,3.19,1.13
2014.03.26 09:23:02.127,1.38019,1.38022,4.88,2.50
2014.03.26 09:23:02.330,1.38019,1.3802,1.50,2.25
2014.03.26 09:23:02.886,1.38019,1.38021,2.25,3.57
2014.03.26 09:23:03.400,1.3802,1.38022,1.50,1.69
2014.03.26 09:23:03.552,1.38021,1.38024,2.13,8.25
2014.03.26 09:23:04.058,1.38023,1.38025,1.00,7.69
2014.03.26 09:23:04.565,1.38022,1.38024,2.44,1.50
2014.03.26 09:23:05.070,1.38022,1.38023,2.07,1.50
2014.03.26 09:23:08.571,1.38023,1.38025,1.73,6.75
2014.03.26 09:23:08.876,1.38023,1.38025,1.50,6.19
2014.03.26 09:23:09.382,1.38025,1.38026,2.10,1.50
2014.03.26 09:23:13.193,1.38025,1.38028,2.13,9.19
2014.03.26 09:23:13.744,1.38026,1.38028,1.00,7.32
2014.03.26 09:23:14.142,1.38026,1.38028,1.38,3.57
2014.03.26 09:23:14.774,1.38026,1.38028,1.38,9.19
2014.03.26 09:23:15.281,1.38024,1.38027,3.19,3.00
2014.03.26 09:23:19.324,1.38024,1.38026,1.25,1.00
2014.03.26 09:23:19.576,1.38026,1.38028,2.20,8.44
2014.03.26 09:23:19.981,1.38029,1.3803,1.00,1.00
2014.03.26 09:23:20.082,1.3803,1.38033,1.00,3.94
2014.03.26 09:23:20.590,1.3803,1.38034,3.19,3.94
2014.03.26 09:23:21.913,1.3803,1.38034,3.19,4.32
2014.03.26 09:23:22.420,1.3803,1.38034,2.82,7.32
2014.03.26 09:23:22.724,1.38027,1.38029,1.00,11.07
2014.03.26 09:23:23.234,1.38026,1.38027,1.00,1.50
2014.03.26 09:23:23.285,1.38026,1.38027,1.00,1.50
2014.03.26 09:23:23.859,1.38025,1.38028,5.44,6.00
2014.03.26 09:23:24.112,1.38027,1.38029,4.73,1.00
2014.03.26 09:23:24.467,1.38028,1.38031,5.10,1.50
2014.03.26 09:23:24.770,1.38029,1.38032,3.38,1.69
2014.03.26 09:23:24.872,1.38029,1.3803,1.88,1.13
2014.03.26 09:23:25.403,1.38028,1.3803,1.25,1.88
2014.03.26 09:23:31.828,1.38029,1.3803,2.25,1.88
2014.03.26 09:23:31.886,1.3803,1.38033,1.00,3.94
2014.03.26 09:23:39.380,1.38029,1.38032,4.13,1.99
2014.03.26 09:23:39.746,1.38028,1.38029,3.38,2.25
2014.03.26 09:23:40.251,1.38026,1.38028,3.38,1.88
2014.03.26 09:23:40.505,1.38029,1.3803,1.13,1.00
2014.03.26 09:23:40.808,1.38029,1.38033,3.75,3.57
2014.03.26 09:23:44.601,1.3803,1.38031,1.50,1.00
2014.03.26 09:23:45.150,1.38028,1.3803,1.88,4.13
2014.03.26 09:23:45.908,1.38029,1.38031,1.13,1.00
2014.03.26 09:23:46.420,1.38029,1.38032,2.63,2.44
2014.03.26 09:23:51.940,1.38029,1.38032,3.00,1.69
2014.03.26 09:23:52.462,1.38029,1.3803,2.25,1.00
2014.03.26 09:23:52.853,1.38026,1.38029,4.13,7.13
2014.03.26 09:23:53.355,1.38025,1.38027,2.82,2.25
2014.03.26 09:23:59.215,1.38027,1.3803,1.73,8.82
2014.03.26 09:23:59.570,1.38029,1.38032,1.50,3.94
2014.03.26 09:24:00.145,1.38029,1.38032,1.13,3.19
2014.03.26 09:24:00.823,1.3803,1.38032,1.00,2.44
2014.03.26 09:24:01.126,1.38028,1.38031,3.38,2.92
2014.03.26 09:24:01.177,1.38028,1.3803,4.13,5.88
2014.03.26 09:24:01.683,1.38028,1.38029,1.00,2.25
2014.03.26 09:24:02.189,1.38026,1.38028,2.44,4.50
2014.03.26 09:24:03.682,1.38026,1.38027,1.00,3.57
2014.03.26 09:24:03.733,1.38024,1.38026,3.38,1.00
2014.03.26 09:24:04.240,1.38024,1.38025,1.00,2.63
2014.03.26 09:24:05.558,1.38025,1.38026,1.50,1.25
2014.03.26 09:24:15.713,1.38024,1.38025,1.00,1.00
2014.03.26 09:24:16.245,1.38024,1.38025,1.50,3.38
2014.03.26 09:24:17.724,1.38018,1.38025,6.00,7.76
2014.03.26 09:24:17.964,1.38019,1.38021,1.50,3.00
2014.03.26 09:24:18.015,1.38019,1.38024,7.76,2.44
2014.03.26 09:24:18.268,1.38024,1.38025,1.00,1.25
2014.03.26 09:24:18.774,1.38025,1.38027,1.35,5.25
2014.03.26 09:24:23.944,1.38025,1.38027,2.40,5.82
2014.03.26 09:24:29.130,1.38024,1.38026,1.50,1.25
2014.03.26 09:24:36.912,1.38024,1.38026,1.50,2.82
2014.03.26 09:24:51.303,1.38022,1.38025,2.22,1.63
2014.03.26 09:24:51.713,1.38023,1.38025,1.50,2.44
2014.03.26 09:24:51.814,1.38025,1.38028,3.00,1.32
2014.03.26 09:24:51.865,1.38027,1.38028,2.25,1.32
2014.03.26 09:24:52.208,1.38026,1.38027,1.50,4.50
2014.03.26 09:24:52.268,1.38024,1.38025,1.50,1.88
2014.03.26 09:24:52.798,1.38023,1.38025,1.50,5.44
2014.03.26 09:24:53.254,1.38025,1.38027,3.83,9.38
2014.03.26 09:24:53.305,1.38026,1.38028,4.20,1.25
2014.03.26 09:24:53.457,1.38027,1.3803,2.44,5.63
2014.03.26 09:24:53.761,1.38024,1.38027,7.13,5.63
2014.03.26 09:24:54.318,1.38023,1.38025,1.99,1.88
2014.03.26 09:24:54.425,1.38023,1.38025,1.32,1.88
2014.03.26 09:24:56.716,1.38024,1.38025,1.00,1.00
2014.03.26 09:24:57.225,1.38023,1.38025,2.44,1.38
2014.03.26 09:25:05.599,1.38021,1.38025,3.94,4.32
2014.03.26 09:25:06.105,1.38021,1.38024,2.07,1.88
2014.03.26 09:25:09.080,1.38023,1.38025,1.88,3.19
2014.03.26 09:25:09.130,1.38024,1.38025,1.88,2.82
2014.03.26 09:25:22.044,1.38024,1.38025,2.26,2.25
2014.03.26 09:25:23.050,1.38018,1.38024,6.75,5.13
2014.03.26 09:25:23.203,1.38019,1.3802,1.50,1.88
2014.03.26 09:25:23.709,1.38018,1.38021,1.25,2.82
2014.03.26 09:25:23.862,1.38018,1.3802,4.17,1.00
2014.03.26 09:25:24.370,1.38017,1.38019,3.00,1.50
2014.03.26 09:25:27.616,1.38018,1.38019,1.00,1.50
2014.03.26 09:25:28.121,1.38019,1.3802,3.00,1.00
2014.03.26 09:25:29.387,1.38018,1.38019,3.38,1.00
2014.03.26 09:25:29.892,1.38017,1.38018,1.32,1.50
2014.03.26 09:25:29.994,1.38016,1.38017,1.88,1.50
2014.03.26 09:25:30.253,1.38013,1.38016,5.44,1.00
2014.03.26 09:25:31.013,1.38013,1.38015,2.07,1.00
2014.03.26 09:25:33.116,1.38012,1.38015,3.94,6.38
2014.03.26 09:25:37.995,1.38014,1.38016,3.60,1.25
2014.03.26 09:25:38.198,1.38017,1.38018,4.50,1.13
2014.03.26 09:25:38.350,1.38017,1.38018,1.00,2.63
2014.03.26 09:25:38.757,1.38017,1.38018,1.69,1.13
2014.03.26 09:25:38.960,1.38017,1.3802,4.32,3.00
2014.03.26 09:25:40.429,1.38017,1.3802,6.87,1.13
2014.03.26 09:25:40.962,1.38017,1.3802,10.62,1.13
2014.03.26 09:25:41.637,1.38019,1.3802,1.00,1.13
2014.03.26 09:25:43.125,1.3802,1.38022,1.50,5.07
2014.03.26 09:25:43.631,1.3802,1.38022,2.82,1.88
2014.03.26 09:25:44.137,1.38019,1.38022,1.25,1.92
2014.03.26 09:25:45.669,1.38019,1.38023,12.24,2.25
2014.03.26 09:25:45.770,1.3802,1.38024,7.04,1.09
2014.03.26 09:25:47.747,1.38021,1.38024,3.07,2.40
2014.03.26 09:25:50.211,1.38021,1.38023,1.69,1.00
2014.03.26 09:25:50.567,1.38022,1.38024,1.00,2.03
2014.03.26 09:25:51.105,1.38021,1.38023,2.25,1.00
2014.03.26 09:25:53.464,1.38023,1.38024,1.00,1.50
2014.03.26 09:25:56.593,1.38021,1.38024,3.75,3.48
2014.03.26 09:25:56.860,1.38018,1.38021,4.32,1.00
2014.03.26 09:25:56.965,1.38018,1.3802,4.32,1.00
2014.03.26 09:25:57.727,1.38019,1.38022,1.00,5.40
2014.03.26 09:26:02.034,1.38019,1.3802,1.00,1.00
2014.03.26 09:26:02.338,1.38014,1.38017,1.69,2.88
2014.03.26 09:26:02.692,1.38017,1.38018,1.50,1.50
2014.03.26 09:26:03.052,1.38018,1.38019,1.25,1.50
2014.03.26 09:26:05.269,1.38017,1.38019,4.13,1.00
2014.03.26 09:26:18.688,1.38016,1.38019,4.58,3.01
2014.03.26 09:26:18.739,1.38014,1.38018,11.63,3.63
2014.03.26 09:26:18.841,1.38014,1.38017,2.07,5.88
2014.03.26 09:26:18.992,1.38013,1.38016,2.67,2.13
2014.03.26 09:26:20.634,1.38011,1.38014,3.38,1.00
2014.03.26 09:26:20.836,1.38013,1.38014,2.07,1.50
2014.03.26 09:26:21.351,1.38014,1.38015,1.00,2.25
2014.03.26 09:26:21.890,1.38014,1.38015,1.00,2.25
2014.03.26 09:26:23.116,1.38013,1.38015,1.25,2.50
2014.03.26 09:26:25.754,1.38014,1.38015,1.00,2.25
2014.03.26 09:26:26.368,1.38013,1.38015,1.50,3.94
2014.03.26 09:26:29.495,1.38013,1.38015,1.69,2.63
2014.03.26 09:26:32.895,1.38009,1.38014,9.75,8.10
2014.03.26 09:26:33.047,1.38008,1.38009,1.50,1.25
2014.03.26 09:26:33.098,1.38006,1.38008,5.25,3.75
2014.03.26 09:26:33.604,1.38007,1.38008,1.25,1.50
2014.03.26 09:26:39.041,1.38006,1.38007,2.97,1.00
2014.03.26 09:26:39.561,1.38007,1.38009,1.00,1.63
2014.03.26 09:26:40.076,1.38008,1.38009,1.00,2.25
2014.03.26 09:26:40.228,1.38009,1.38011,1.13,3.75
2014.03.26 09:26:45.988,1.38009,1.3801,1.25,1.00
2014.03.26 09:26:47.298,1.38008,1.38009,1.13,1.13
2014.03.26 09:26:47.399,1.38005,1.38007,2.82,2.25
2014.03.26 09:26:47.905,1.38005,1.38006,1.50,3.00
2014.03.26 09:26:48.411,1.38003,1.38005,3.57,1.00
2014.03.26 09:26:50.387,1.38003,1.38005,2.82,3.00
2014.03.26 09:26:51.304,1.38003,1.38004,1.50,1.00
2014.03.26 09:26:51.810,1.38001,1.38004,3.57,1.13
2014.03.26 09:26:52.346,1.38001,1.38003,2.82,1.00
2014.03.26 09:26:53.308,1.38001,1.38003,1.25,2.25
2014.03.26 09:26:53.359,1.38,1.38001,3.38,2.25
2014.03.26 09:26:53.562,1.37996,1.37999,7.69,9.00
2014.03.26 09:26:53.765,1.37997,1.38,1.19,8.63
2014.03.26 09:26:54.119,1.37997,1.37998,1.00,1.00
2014.03.26 09:26:54.423,1.37995,1.37997,9.94,1.00
2014.03.26 09:26:54.915,1.37993,1.37995,1.00,7.32
2014.03.26 09:26:55.445,1.37991,1.37994,2.44,1.88
2014.03.26 09:26:55.950,1.37992,1.37993,1.25,1.00
2014.03.26 09:26:56.494,1.37992,1.37994,1.25,3.38
2014.03.26 09:27:00.455,1.37991,1.37994,1.19,4.50
2014.03.26 09:27:00.506,1.3799,1.37991,4.69,1.50
2014.03.26 09:27:01.012,1.37988,1.3799,2.82,1.13
2014.03.26 09:27:01.063,1.37988,1.3799,1.57,1.88
2014.03.26 09:27:01.570,1.37987,1.37988,1.00,1.50
2014.03.26 09:27:02.075,1.37988,1.3799,1.80,1.00
2014.03.26 09:27:02.582,1.3799,1.37992,1.00,1.00
2014.03.26 09:27:03.210,1.37989,1.37991,3.38,1.00
2014.03.26 09:27:03.738,1.37989,1.37992,3.38,1.00
2014.03.26 09:27:06.308,1.3799,1.37993,1.63,2.44
2014.03.26 09:27:06.409,1.3799,1.37992,1.25,2.48
2014.03.26 09:27:06.612,1.37987,1.3799,5.07,1.50
2014.03.26 09:27:06.865,1.37987,1.37988,2.82,1.00
2014.03.26 09:27:07.501,1.37984,1.37988,6.75,5.35
2014.03.26 09:27:07.654,1.37983,1.37985,3.38,2.07
2014.03.26 09:27:07.857,1.37981,1.37983,1.36,1.25
2014.03.26 09:27:08.367,1.3798,1.37983,3.18,1.25
2014.03.26 09:27:08.672,1.3798,1.37981,1.13,1.00
2014.03.26 09:27:09.185,1.37978,1.3798,2.25,1.00
2014.03.26 09:27:09.489,1.37976,1.37978,1.77,3.00
2014.03.26 09:27:09.591,1.37976,1.37977,2.22,1.22
2014.03.26 09:27:09.793,1.37977,1.37979,1.25,1.00
2014.03.26 09:27:10.300,1.37977,1.3798,3.57,2.25
2014.03.26 09:27:12.116,1.37977,1.37979,1.50,1.00
2014.03.26 09:27:12.635,1.37977,1.37979,1.69,1.00
2014.03.26 09:27:13.140,1.37977,1.3798,1.69,3.72
2014.03.26 09:27:13.668,1.37977,1.3798,2.44,3.53
2014.03.26 09:27:14.300,1.37977,1.37979,2.44,1.13
2014.03.26 09:27:14.837,1.37976,1.37978,4.32,1.00
2014.03.26 09:27:16.528,1.37977,1.37979,1.25,1.13
2014.03.26 09:27:17.033,1.37978,1.3798,2.44,1.20
2014.03.26 09:27:17.714,1.37979,1.3798,1.00,1.00
2014.03.26 09:27:18.154,1.3798,1.37983,1.69,2.82
2014.03.26 09:27:19.143,1.37979,1.37983,4.17,2.82
2014.03.26 09:27:20.808,1.3798,1.37982,2.07,1.13
2014.03.26 09:27:20.910,1.37979,1.37981,2.25,1.00
2014.03.26 09:27:21.432,1.37978,1.3798,4.32,1.00
2014.03.26 09:27:23.121,1.37978,1.37982,4.31,3.57
2014.03.26 09:27:23.324,1.3798,1.37982,1.13,2.44
2014.03.26 09:27:23.425,1.37979,1.37981,2.07,1.00
2014.03.26 09:27:25.778,1.37978,1.3798,1.69,1.00
2014.03.26 09:27:26.082,1.37976,1.37979,5.07,1.00
2014.03.26 09:27:28.664,1.37976,1.3798,5.16,6.00
2014.03.26 09:27:28.816,1.37977,1.3798,5.16,1.69
2014.03.26 09:27:29.357,1.3798,1.37981,1.00,1.88
2014.03.26 09:27:34.881,1.3798,1.37982,3.94,1.00
2014.03.26 09:27:34.934,1.3798,1.37983,3.94,3.19
2014.03.26 09:27:34.985,1.37982,1.37984,1.50,2.25
2014.03.26 09:27:35.491,1.37982,1.37984,1.32,1.00
2014.03.26 09:27:35.997,1.37983,1.37985,1.50,2.44
2014.03.26 09:27:36.501,1.37984,1.37993,9.98,3.00
2014.03.26 09:27:36.563,1.3799,1.37994,8.92,1.13
2014.03.26 09:27:36.816,1.37993,1.37995,1.69,3.90
2014.03.26 09:27:37.331,1.37993,1.37995,1.25,3.15
2014.03.26 09:27:37.772,1.37994,1.37997,1.00,6.94
2014.03.26 09:27:38.278,1.37994,1.37995,1.50,3.15
2014.03.26 09:27:38.785,1.37993,1.37995,1.25,3.15
2014.03.26 09:27:40.666,1.37993,1.37995,1.50,3.34
2014.03.26 09:27:40.970,1.37993,1.37995,3.38,2.44
2014.03.26 09:27:41.071,1.37995,1.37997,1.00,1.69
2014.03.26 09:27:41.364,1.37994,1.37995,2.25,1.13
2014.03.26 09:27:41.574,1.37991,1.37993,1.69,1.00
2014.03.26 09:27:41.726,1.3799,1.37992,6.38,1.00
2014.03.26 09:27:42.182,1.37991,1.37993,1.69,2.25
2014.03.26 09:27:42.708,1.37992,1.37993,1.50,3.00
2014.03.26 09:27:43.217,1.3799,1.37993,8.44,2.25
2014.03.26 09:27:46.242,1.37992,1.37993,1.00,1.00
2014.03.26 09:27:46.786,1.37992,1.37994,1.00,3.94
2014.03.26 09:27:49.439,1.37991,1.37994,1.25,3.19
2014.03.26 09:27:50.236,1.37991,1.37993,1.25,1.00
2014.03.26 09:27:55.366,1.3799,1.37993,6.19,1.00
2014.03.26 09:27:56.024,1.37992,1.37994,2.25,1.25
2014.03.26 09:27:56.177,1.37993,1.37995,1.50,2.44
2014.03.26 09:27:57.228,1.37994,1.37995,1.00,2.44
2014.03.26 09:27:59.239,1.37993,1.37994,2.25,1.00
2014.03.26 09:28:04.106,1.37993,1.37995,1.50,5.82
2014.03.26 09:28:05.393,1.37992,1.37995,1.32,5.82
2014.03.26 09:28:06.061,1.37992,1.37995,2.07,5.63
2014.03.26 09:28:10.865,1.37994,1.37995,2.25,2.25
2014.03.26 09:28:11.168,1.37996,1.37997,4.13,1.00
2014.03.26 09:28:11.604,1.37995,1.37997,5.63,5.07
2014.03.26 09:28:12.104,1.37994,1.37995,1.50,1.50
2014.03.26 09:28:14.674,1.37994,1.37996,1.88,1.00
2014.03.26 09:28:14.725,1.37995,1.37998,7.23,6.19
2014.03.26 09:28:14.928,1.37997,1.37998,3.75,1.00
2014.03.26 09:28:15.440,1.37996,1.37998,4.50,1.00
2014.03.26 09:28:15.845,1.37995,1.37996,4.13,1.00
2014.03.26 09:28:16.374,1.37993,1.37995,3.38,1.00
2014.03.26 09:28:22.335,1.37992,1.37994,3.00,1.00
2014.03.26 09:28:34.424,1.37992,1.37995,4.69,10.50
2014.03.26 09:28:38.490,1.37991,1.37994,1.00,1.00
2014.03.26 09:28:38.794,1.37989,1.37992,10.50,2.50
2014.03.26 09:28:39.301,1.37989,1.37991,1.88,2.88
2014.03.26 09:28:39.822,1.37989,1.3799,1.88,1.00
2014.03.26 09:28:40.075,1.3799,1.37993,3.19,3.38
2014.03.26 09:28:40.596,1.3799,1.37992,4.50,1.50
2014.03.26 09:28:41.038,1.3799,1.37993,6.00,1.32
2014.03.26 09:28:41.191,1.37993,1.37995,1.13,4.69
2014.03.26 09:28:41.714,1.37993,1.37995,2.07,3.75
2014.03.26 09:28:42.778,1.37992,1.37995,4.50,3.75
2014.03.26 09:28:42.879,1.37991,1.37992,3.75,1.00
2014.03.26 09:28:43.435,1.37992,1.37993,1.25,1.50
2014.03.26 09:28:44.369,1.37991,1.37993,1.69,2.25
2014.03.26 09:28:44.421,1.37989,1.37993,3.00,7.13
2014.03.26 09:28:44.767,1.37989,1.37991,1.25,6.00
2014.03.26 09:28:52.245,1.37989,1.37991,1.63,1.50
2014.03.26 09:28:52.347,1.3799,1.37992,1.32,1.50
2014.03.26 09:28:52.448,1.37989,1.37991,2.63,1.00
2014.03.26 09:28:52.753,1.37987,1.37989,1.92,2.50
2014.03.26 09:28:52.906,1.37989,1.3799,2.25,1.00
2014.03.26 09:28:53.159,1.37991,1.37993,1.00,1.99
2014.03.26 09:28:55.845,1.37991,1.37995,7.32,6.00
2014.03.26 09:28:56.375,1.37993,1.37995,1.00,5.63
2014.03.26 09:28:56.679,1.37991,1.37995,4.32,6.94
2014.03.26 09:28:57.084,1.37989,1.37992,4.13,1.00
2014.03.26 09:28:57.590,1.37989,1.37991,1.32,1.00
2014.03.26 09:29:02.246,1.37989,1.37991,1.69,1.00
2014.03.26 09:29:02.601,1.37991,1.37993,1.00,2.07
2014.03.26 09:29:03.106,1.3799,1.37993,2.82,2.44
2014.03.26 09:29:03.613,1.37991,1.37993,1.00,2.44
2014.03.26 09:29:08.335,1.3799,1.37992,8.07,1.13
2014.03.26 09:29:08.437,1.37989,1.37991,3.19,1.00
2014.03.26 09:29:09.054,1.37989,1.3799,1.25,1.00
2014.03.26 09:29:09.871,1.37989,1.37991,1.00,3.57
2014.03.26 09:29:11.070,1.37988,1.37991,1.25,3.57
2014.03.26 09:29:12.046,1.3799,1.37991,1.00,1.25
2014.03.26 09:29:12.615,1.3799,1.37993,4.35,2.82
2014.03.26 09:29:13.121,1.3799,1.37993,10.69,1.32
2014.03.26 09:29:13.645,1.37991,1.37993,1.00,1.32
2014.03.26 09:29:16.663,1.37992,1.37994,1.00,4.69
2014.03.26 09:29:17.280,1.37991,1.37994,3.75,3.19
2014.03.26 09:29:23.042,1.37991,1.37994,2.44,2.25
2014.03.26 09:29:28.080,1.37991,1.37994,1.69,2.25
2014.03.26 09:29:33.787,1.3799,1.37992,2.07,1.00
2014.03.26 09:29:34.091,1.37984,1.37985,1.00,1.69
2014.03.26 09:29:34.596,1.37983,1.37986,5.07,2.25
2014.03.26 09:29:35.121,1.37983,1.37986,3.94,2.63
2014.03.26 09:29:36.305,1.37983,1.37986,1.69,7.88
2014.03.26 09:29:43.648,1.37983,1.37986,1.25,6.38
2014.03.26 09:29:51.265,1.37983,1.37985,1.25,1.00
2014.03.26 09:29:51.673,1.37984,1.37986,1.00,2.63
2014.03.26 09:29:51.825,1.37986,1.37987,1.00,2.07
2014.03.26 09:29:52.179,1.37987,1.37989,1.00,3.75
2014.03.26 09:29:52.382,1.37987,1.3799,1.82,3.00
2014.03.26 09:29:53.475,1.37989,1.3799,1.00,1.00
2014.03.26 09:29:54.279,1.37988,1.3799,2.82,1.00
2014.03.26 09:29:55.697,1.37989,1.37997,3.85,1.00
2014.03.26 09:29:56.001,1.37992,1.37994,1.88,1.50
2014.03.26 09:29:56.154,1.37994,1.37995,1.50,1.13
2014.03.26 09:29:56.659,1.37995,1.37996,1.00,1.13
2014.03.26 09:29:59.683,1.37996,1.37998,1.00,7.69
2014.03.26 09:29:59.835,1.37997,1.37999,1.00,5.10
2014.03.26 09:30:00.343,1.37996,1.37998,1.69,1.00
2014.03.26 09:30:00.800,1.37998,1.38,1.00,1.00
2014.03.26 09:30:01.882,1.37998,1.38001,3.00,1.88
2014.03.26 09:30:03.397,1.37996,1.37999,3.75,1.50
2014.03.26 09:30:03.550,1.37994,1.37996,2.82,1.00
2014.03.26 09:30:04.055,1.37994,1.37995,2.44,1.00
2014.03.26 09:30:04.664,1.37994,1.37996,1.32,2.25
2014.03.26 09:30:05.228,1.37994,1.37996,3.42,1.00
2014.03.26 09:30:05.733,1.37994,1.37997,3.57,4.13
2014.03.26 09:30:07.323,1.37994,1.37996,1.50,1.00
2014.03.26 09:30:07.833,1.37994,1.37995,1.13,1.00
2014.03.26 09:30:08.137,1.37994,1.37997,4.00,3.38
2014.03.26 09:30:08.825,1.37994,1.37996,1.38,3.57
2014.03.26 09:30:09.179,1.37993,1.37995,2.85,4.32
2014.03.26 09:30:09.331,1.37993,1.37995,1.00,7.69
2014.03.26 09:30:09.894,1.37992,1.37994,2.63,2.63
2014.03.26 09:30:11.595,1.37992,1.37994,2.25,4.50
2014.03.26 09:30:12.098,1.37992,1.37994,2.25,4.88
2014.03.26 09:30:12.611,1.37992,1.37994,2.25,6.00
2014.03.26 09:30:13.139,1.37992,1.37994,1.50,6.38
2014.03.26 09:30:28.934,1.37992,1.37994,1.00,3.38
2014.03.26 09:30:31.430,1.37993,1.37994,1.00,2.22
2014.03.26 09:30:31.953,1.37992,1.37994,4.50,1.00
2014.03.26 09:30:41.663,1.37991,1.37994,4.69,1.13
2014.03.26 09:30:44.063,1.37991,1.37993,2.25,1.00
2014.03.26 09:30:47.682,1.37991,1.37994,4.69,1.32
2014.03.26 09:30:48.666,1.37991,1.37994,3.38,2.44
2014.03.26 09:30:49.273,1.37991,1.37992,1.00,1.00
2014.03.26 09:30:49.476,1.37989,1.37992,5.44,2.63
2014.03.26 09:30:53.121,1.37989,1.37991,2.25,1.13
2014.03.26 09:30:56.956,1.3799,1.37991,2.25,1.00
2014.03.26 09:30:57.462,1.3799,1.37993,4.50,2.82
2014.03.26 09:30:59.080,1.37988,1.37991,5.07,1.50
2014.03.26 09:30:59.760,1.37988,1.37991,3.94,1.88
2014.03.26 09:31:01.576,1.37989,1.37991,1.50,1.13
2014.03.26 09:31:02.331,1.3799,1.37991,1.50,1.13
2014.03.26 09:31:07.364,1.3799,1.37992,2.63,3.00
2014.03.26 09:31:09.338,1.37989,1.37992,2.82,2.63
2014.03.26 09:31:10.838,1.37991,1.37992,1.00,1.88
2014.03.26 09:31:11.364,1.3799,1.37992,1.50,2.25
2014.03.26 09:31:14.519,1.3799,1.37991,1.50,1.00
2014.03.26 09:31:19.546,1.37989,1.37991,2.63,1.13
2014.03.26 09:31:21.337,1.37989,1.3799,2.25,1.00
2014.03.26 09:31:23.975,1.37988,1.3799,3.38,1.00
2014.03.26 09:31:24.279,1.37986,1.37988,1.89,1.88
2014.03.26 09:31:24.586,1.37988,1.3799,1.88,2.07
2014.03.26 09:31:26.149,1.37988,1.3799,1.50,2.82
2014.03.26 09:31:26.655,1.37988,1.37989,1.88,1.00
2014.03.26 09:31:27.190,1.37988,1.3799,1.88,2.82
2014.03.26 09:31:30.999,1.37987,1.3799,2.82,5.44
2014.03.26 09:31:31.505,1.37987,1.37989,2.07,1.00
2014.03.26 09:31:32.007,1.37987,1.3799,2.07,2.07
2014.03.26 09:31:32.954,1.37987,1.37989,2.07,1.00
2014.03.26 09:31:34.633,1.37988,1.37989,1.00,1.00
2014.03.26 09:31:36.861,1.37988,1.37991,1.00,5.44
2014.03.26 09:31:42.778,1.37989,1.37992,1.50,3.94
2014.03.26 09:31:43.082,1.37991,1.37992,1.00,1.69
2014.03.26 09:31:43.588,1.37991,1.37993,1.50,1.32
2014.03.26 09:31:46.656,1.3799,1.37993,6.94,1.13
2014.03.26 09:31:47.162,1.3799,1.37992,4.32,1.28
2014.03.26 09:31:47.677,1.3799,1.37993,4.69,1.00
2014.03.26 09:31:53.484,1.37991,1.37994,2.07,3.00
2014.03.26 09:31:59.825,1.37992,1.37994,1.19,1.50
2014.03.26 09:32:04.165,1.37991,1.37994,2.82,2.25
2014.03.26 09:32:12.210,1.37994,1.37996,3.75,4.50
2014.03.26 09:32:12.724,1.37995,1.37997,10.75,7.28
2014.03.26 09:32:12.826,1.37996,1.37997,2.25,1.28
2014.03.26 09:32:13.334,1.37996,1.37998,4.50,1.00
2014.03.26 09:32:16.188,1.37996,1.37998,7.32,1.00
2014.03.26 09:32:20.683,1.37996,1.37998,4.50,1.38
2014.03.26 09:32:20.734,1.37995,1.37996,8.78,1.50
2014.03.26 09:32:20.836,1.37994,1.37996,3.00,2.82
2014.03.26 09:32:21.139,1.37993,1.37994,1.50,2.07
2014.03.26 09:32:21.291,1.37991,1.37994,2.44,2.07
2014.03.26 09:32:22.159,1.3799,1.37992,2.25,3.00
2014.03.26 09:32:22.261,1.37987,1.37989,4.13,1.50
2014.03.26 09:32:34.103,1.37986,1.37988,3.21,1.50
2014.03.26 09:32:34.608,1.37987,1.37988,3.38,2.25
2014.03.26 09:32:36.386,1.37987,1.3799,3.57,7.65
2014.03.26 09:32:40.511,1.37986,1.37988,1.02,1.50
2014.03.26 09:32:40.974,1.37985,1.37987,15.03,1.88
2014.03.26 09:32:41.126,1.37983,1.37985,3.94,4.00
2014.03.26 09:32:41.646,1.37982,1.37984,2.07,3.75
2014.03.26 09:32:42.277,1.37982,1.37985,2.07,5.82
2014.03.26 09:32:42.787,1.37982,1.37984,2.07,1.00
2014.03.26 09:32:45.057,1.37982,1.37984,1.69,1.00
2014.03.26 09:32:48.732,1.37982,1.37985,1.69,4.32
2014.03.26 09:32:49.249,1.37982,1.37985,1.69,11.44
2014.03.26 09:32:51.315,1.37982,1.37983,1.25,1.00
2014.03.26 09:32:51.822,1.3798,1.37982,1.13,2.07
2014.03.26 09:32:52.126,1.37979,1.3798,1.50,1.50
2014.03.26 09:32:52.636,1.37979,1.37981,1.50,2.44
2014.03.26 09:32:54.102,1.37979,1.37982,1.00,5.59
2014.03.26 09:33:02.486,1.37979,1.37982,2.82,3.38
2014.03.26 09:33:02.639,1.37979,1.37982,4.32,1.13
2014.03.26 09:33:07.442,1.37979,1.37983,3.57,7.47
2014.03.26 09:33:15.244,1.37981,1.37986,3.75,9.38
2014.03.26 09:33:15.548,1.37986,1.37989,6.95,1.00
2014.03.26 09:33:15.650,1.37988,1.3799,2.07,1.00
2014.03.26 09:33:15.904,1.3799,1.37991,1.00,2.63
2014.03.26 09:33:18.304,1.37988,1.37991,2.82,1.88
2014.03.26 09:33:40.900,1.37989,1.37991,1.00,3.42
2014.03.26 09:33:41.205,1.37985,1.37986,4.50,1.00
2014.03.26 09:33:41.357,1.37984,1.37986,1.50,1.32
2014.03.26 09:33:42.520,1.37985,1.37988,1.50,2.25
2014.03.26 09:33:42.621,1.37987,1.37989,1.50,1.54
2014.03.26 09:33:42.875,1.37989,1.37991,1.50,1.32
2014.03.26 09:33:43.381,1.3799,1.37992,1.00,4.92
2014.03.26 09:33:43.432,1.3799,1.37992,1.88,2.85
2014.03.26 09:33:43.534,1.3799,1.37992,4.32,1.73
2014.03.26 09:33:43.939,1.3799,1.37992,1.50,3.98
2014.03.26 09:33:45.621,1.3799,1.37992,1.00,4.35
2014.03.26 09:33:46.161,1.37988,1.37991,3.94,1.00
2014.03.26 09:33:54.003,1.37988,1.37991,2.63,2.25
2014.03.26 09:34:01.985,1.37988,1.37991,2.82,2.25
2014.03.26 09:34:03.492,1.37988,1.37991,2.07,2.44
2014.03.26 09:34:06.313,1.37989,1.37991,1.00,2.67
2014.03.26 09:34:07.056,1.37989,1.37991,1.88,2.29
2014.03.26 09:34:07.572,1.37989,1.37992,2.07,2.82
2014.03.26 09:34:08.671,1.37989,1.37992,1.32,2.44
2014.03.26 09:34:09.181,1.37988,1.37992,5.07,4.17
2014.03.26 09:34:11.151,1.37989,1.37992,1.63,3.04
2014.03.26 09:34:11.773,1.3799,1.37992,1.13,2.82
2014.03.26 09:34:14.845,1.37988,1.37992,5.82,4.17
2014.03.26 09:34:15.770,1.37988,1.37992,5.82,4.54
2014.03.26 09:34:20.682,1.37988,1.37992,4.32,6.04
2014.03.26 09:34:27.817,1.3799,1.37992,1.35,6.42
2014.03.26 09:34:28.363,1.3799,1.37992,6.53,1.73
2014.03.26 09:34:30.345,1.3799,1.37992,4.09,3.60
2014.03.26 09:34:34.486,1.37989,1.37991,4.13,1.00
2014.03.26 09:34:40.712,1.3799,1.37991,2.03,1.30
2014.03.26 09:34:46.360,1.37991,1.37992,1.50,1.69
2014.03.26 09:34:59.231,1.37991,1.37993,1.50,7.32
2014.03.26 09:34:59.737,1.37991,1.37993,2.25,1.25
2014.03.26 09:35:06.835,1.37991,1.37994,5.29,1.25
2014.03.26 09:35:07.622,1.37993,1.37994,1.50,3.19
2014.03.26 09:35:11.152,1.37992,1.37994,3.00,1.88
2014.03.26 09:35:11.658,1.37991,1.37993,1.54,5.25
2014.03.26 09:35:11.860,1.37991,1.37994,2.29,4.69
2014.03.26 09:35:12.012,1.37993,1.37994,1.50,4.69
2014.03.26 09:35:15.000,1.37993,1.37995,1.69,2.63
2014.03.26 09:35:30.254,1.37994,1.37995,1.50,1.13
2014.03.26 09:35:30.794,1.37993,1.37995,3.19,1.13
2014.03.26 09:35:46.215,1.37994,1.37995,3.00,1.32
2014.03.26 09:35:51.854,1.37993,1.37994,4.88,1.00
2014.03.26 09:35:52.159,1.3799,1.37992,10.13,2.82
2014.03.26 09:35:52.918,1.3799,1.37992,2.25,2.07
2014.03.26 09:35:53.491,1.3799,1.37992,1.13,2.07
2014.03.26 09:35:54.116,1.37989,1.37991,2.07,1.88
2014.03.26 09:35:56.466,1.37989,1.37991,2.44,1.88
2014.03.26 09:35:58.414,1.3799,1.37992,1.50,1.25
2014.03.26 09:35:58.465,1.3799,1.37993,1.69,2.07
2014.03.26 09:35:58.667,1.37992,1.37994,1.50,2.82
2014.03.26 09:36:00.467,1.37992,1.37995,1.69,2.82
2014.03.26 09:36:01.076,1.37992,1.37995,1.69,2.82
2014.03.26 09:36:02.727,1.37994,1.37997,3.25,3.75
2014.03.26 09:36:03.031,1.37997,1.37999,4.82,1.32
2014.03.26 09:36:03.132,1.37998,1.37999,1.00,1.32
2014.03.26 09:36:05.335,1.37997,1.37999,4.88,1.32
2014.03.26 09:36:10.043,1.37997,1.37999,5.82,1.00
2014.03.26 09:36:19.470,1.37997,1.37999,3.75,1.38
2014.03.26 09:36:20.010,1.37997,1.37999,3.19,1.38
2014.03.26 09:36:30.201,1.37996,1.37997,4.50,1.13
2014.03.26 09:36:30.252,1.37996,1.37997,3.00,1.88
2014.03.26 09:36:30.455,1.37993,1.37994,1.00,2.25
2014.03.26 09:36:30.557,1.37991,1.37993,1.25,3.00
2014.03.26 09:36:30.608,1.3799,1.37991,5.25,1.00
2014.03.26 09:36:31.114,1.37988,1.3799,2.44,4.50
2014.03.26 09:36:31.677,1.37987,1.3799,3.94,2.25
2014.03.26 09:36:37.592,1.37987,1.3799,3.19,1.50
2014.03.26 09:36:37.896,1.37986,1.37987,1.50,1.00
2014.03.26 09:36:43.374,1.37986,1.3799,3.57,4.62
2014.03.26 09:36:43.425,1.37988,1.3799,1.50,2.22
2014.03.26 09:36:43.931,1.37989,1.3799,1.25,1.00
2014.03.26 09:36:45.258,1.37989,1.37992,1.63,4.32
2014.03.26 09:36:46.087,1.37989,1.37991,1.32,1.00
2014.03.26 09:36:46.391,1.37991,1.37993,2.25,1.69
2014.03.26 09:36:46.593,1.37992,1.37994,1.50,3.38
2014.03.26 09:36:52.959,1.37992,1.37994,1.50,2.44
2014.03.26 09:36:59.016,1.37993,1.37994,1.50,3.00
2014.03.26 09:37:00.259,1.37993,1.37994,1.50,1.50
2014.03.26 09:37:00.791,1.37993,1.37995,1.50,2.44
2014.03.26 09:37:01.479,1.37992,1.37994,5.82,1.00
2014.03.26 09:37:02.115,1.3799,1.37994,8.44,2.07
2014.03.26 09:37:02.926,1.37993,1.37995,1.00,8.63
2014.03.26 09:37:03.129,1.37994,1.37997,3.57,3.53
2014.03.26 09:37:03.534,1.37992,1.37995,6.38,3.57
2014.03.26 09:37:03.736,1.37992,1.37995,2.25,3.57
2014.03.26 09:37:04.244,1.37991,1.37995,5.82,4.32
2014.03.26 09:37:05.683,1.37992,1.37995,1.50,3.19
2014.03.26 09:37:06.275,1.37992,1.37995,3.19,2.25
2014.03.26 09:37:16.310,1.37992,1.37995,3.94,1.25
2014.03.26 09:37:23.213,1.37991,1.37995,6.19,5.07
2014.03.26 09:37:25.454,1.37991,1.37995,5.44,6.57
2014.03.26 09:37:28.465,1.37991,1.37995,3.75,7.69
2014.03.26 09:37:28.668,1.3799,1.37991,4.13,1.00
2014.03.26 09:37:32.130,1.3799,1.37992,2.63,1.25
2014.03.26 09:37:32.650,1.37991,1.37994,1.13,3.57
2014.03.26 09:37:36.936,1.37991,1.37994,1.32,3.19
2014.03.26 09:37:37.759,1.37992,1.37994,1.00,3.19
2014.03.26 09:37:38.784,1.37992,1.37994,2.85,3.19
2014.03.26 09:37:39.290,1.37994,1.37995,1.13,1.25
2014.03.26 09:37:44.642,1.37992,1.37994,1.50,1.00
2014.03.26 09:37:44.693,1.37991,1.37993,1.63,2.25
2014.03.26 09:37:45.204,1.37991,1.37995,3.04,8.44
2014.03.26 09:37:49.064,1.37993,1.37995,1.00,5.07
2014.03.26 09:37:53.819,1.37992,1.37995,3.38,5.82
2014.03.26 09:38:00.424,1.37992,1.37995,1.69,7.88
2014.03.26 09:38:01.383,1.37993,1.37995,1.00,7.13
2014.03.26 09:38:08.997,1.37992,1.37995,3.19,4.88
2014.03.26 09:38:10.932,1.37992,1.37995,3.94,4.13
2014.03.26 09:38:22.619,1.37992,1.37995,5.07,2.82
2014.03.26 09:38:25.413,1.37993,1.37995,1.00,2.44
2014.03.26 09:38:26.239,1.37994,1.37995,1.00,2.25
2014.03.26 09:38:26.797,1.37994,1.37998,4.51,6.00
2014.03.26 09:38:26.950,1.37997,1.37999,3.79,1.88
2014.03.26 09:38:27.051,1.37998,1.38,4.32,6.75
2014.03.26 09:38:39.777,1.37997,1.37999,1.69,1.00
2014.03.26 09:38:40.282,1.37994,1.37996,1.00,5.13
2014.03.26 09:38:40.861,1.37992,1.37995,3.57,1.00
2014.03.26 09:38:41.489,1.37994,1.37996,1.00,6.38
2014.03.26 09:38:42.025,1.37992,1.37995,2.44,1.00
2014.03.26 09:38:53.709,1.37993,1.37994,1.00,1.00
2014.03.26 09:38:53.861,1.37991,1.37993,2.25,2.93
2014.03.26 09:38:54.114,1.37989,1.37991,1.69,1.88
2014.03.26 09:38:54.215,1.37988,1.37989,8.25,1.00
2014.03.26 09:38:54.469,1.37986,1.37988,1.00,2.63
2014.03.26 09:38:54.772,1.37984,1.37986,1.50,1.88
2014.03.26 09:38:55.278,1.37983,1.37986,1.69,2.25
2014.03.26 09:38:55.914,1.37983,1.37986,1.69,2.33
2014.03.26 09:38:58.451,1.37982,1.37984,1.69,1.00
2014.03.26 09:38:58.955,1.37982,1.37983,1.50,1.00
2014.03.26 09:38:59.064,1.3798,1.37983,5.82,1.00
2014.03.26 09:39:00.230,1.37981,1.37984,1.50,3.19
2014.03.26 09:39:00.788,1.37981,1.37984,4.17,2.07
2014.03.26 09:39:04.329,1.37981,1.37984,1.50,3.19
2014.03.26 09:39:05.768,1.3798,1.37984,5.07,3.19
2014.03.26 09:39:06.269,1.3798,1.37983,1.50,5.44
2014.03.26 09:39:07.376,1.37979,1.37982,2.82,1.69
2014.03.26 09:39:12.939,1.3798,1.37982,1.00,1.69
2014.03.26 09:39:13.675,1.3798,1.37983,1.69,2.07
2014.03.26 09:39:15.780,1.37981,1.37983,1.00,2.07
2014.03.26 09:39:16.340,1.37981,1.37984,1.25,2.44
2014.03.26 09:39:17.457,1.3798,1.37984,8.07,2.44
2014.03.26 09:39:17.761,1.37974,1.37976,1.50,3.50
2014.03.26 09:39:18.268,1.37974,1.37976,1.32,3.75
2014.03.26 09:39:18.470,1.37973,1.37975,2.07,1.13
2014.03.26 09:39:18.993,1.37972,1.37975,3.57,1.13
2014.03.26 09:39:19.631,1.37972,1.37976,3.57,3.19
2014.03.26 09:39:20.155,1.37972,1.37975,4.32,1.13
2014.03.26 09:39:26.101,1.37971,1.37975,5.44,3.19
2014.03.26 09:39:27.423,1.37971,1.37974,1.32,1.69
2014.03.26 09:39:27.728,1.37968,1.37971,1.69,3.19
2014.03.26 09:39:28.437,1.37967,1.37969,1.69,2.63
2014.03.26 09:39:28.741,1.37965,1.37966,6.75,1.00
2014.03.26 09:39:28.908,1.37963,1.37965,4.28,4.69
2014.03.26 09:39:29.060,1.37962,1.37965,1.69,4.69
2014.03.26 09:39:32.282,1.37963,1.37965,1.00,2.44
2014.03.26 09:39:32.710,1.37962,1.37965,1.69,2.44
2014.03.26 09:39:33.346,1.37964,1.37965,1.00,1.32
2014.03.26 09:39:33.448,1.37965,1.37967,1.32,1.00
2014.03.26 09:39:33.550,1.37967,1.37968,1.00,1.13
2014.03.26 09:39:34.057,1.37966,1.3797,5.07,1.88
2014.03.26 09:39:34.361,1.37969,1.37972,1.50,4.32
2014.03.26 09:39:34.905,1.3797,1.37972,1.00,2.82
2014.03.26 09:39:38.207,1.37969,1.37972,3.38,2.44
2014.03.26 09:39:38.738,1.3797,1.37972,1.00,2.44
2014.03.26 09:39:39.254,1.3797,1.37972,1.00,1.69
2014.03.26 09:39:41.248,1.3797,1.37973,5.07,3.38
2014.03.26 09:39:41.754,1.37972,1.37974,1.50,1.00
2014.03.26 09:39:44.352,1.37973,1.37974,1.00,1.00
2014.03.26 09:39:44.857,1.37972,1.37975,1.25,3.19
2014.03.26 09:39:45.455,1.37972,1.37975,1.69,3.19
2014.03.26 09:39:46.155,1.37973,1.37975,1.50,2.82
2014.03.26 09:39:49.761,1.37973,1.37975,4.32,1.13
2014.03.26 09:39:54.303,1.37972,1.37975,3.19,1.69
2014.03.26 09:39:57.077,1.37971,1.37975,3.19,9.75
2014.03.26 09:39:57.583,1.37971,1.37972,1.13,2.63
2014.03.26 09:39:57.684,1.3797,1.37972,6.75,3.57
2014.03.26 09:39:58.191,1.3797,1.37971,1.50,1.00
2014.03.26 09:39:59.481,1.3797,1.37973,2.63,2.25
2014.03.26 09:40:00.195,1.37971,1.37973,1.50,2.25
2014.03.26 09:40:00.701,1.37971,1.37974,3.00,1.69
2014.03.26 09:40:05.507,1.37971,1.37974,3.00,2.44
2014.03.26 09:40:20.988,1.37972,1.37974,1.00,1.32
2014.03.26 09:40:23.210,1.37972,1.37974,2.25,1.63
2014.03.26 09:40:31.251,1.37973,1.37974,1.00,1.00
2014.03.26 09:40:31.555,1.37978,1.37979,2.63,2.85
2014.03.26 09:40:31.707,1.37979,1.37981,1.00,2.25
2014.03.26 09:40:32.229,1.37978,1.37982,5.07,3.57
2014.03.26 09:40:40.206,1.37978,1.37981,3.94,1.69
2014.03.26 09:40:40.308,1.37977,1.37978,3.75,2.25
2014.03.26 09:40:40.814,1.37976,1.37978,2.44,1.88
2014.03.26 09:40:41.119,1.37978,1.37979,2.44,1.13
2014.03.26 09:40:41.624,1.37977,1.37979,2.25,1.38
2014.03.26 09:40:43.037,1.37978,1.3798,2.82,1.38
2014.03.26 09:40:46.139,1.37978,1.3798,4.32,1.00
2014.03.26 09:40:46.678,1.37979,1.3798,1.00,1.00
2014.03.26 09:40:51.433,1.37979,1.37981,1.00,4.32
2014.03.26 09:40:51.956,1.37979,1.3798,1.00,1.00
2014.03.26 09:40:56.200,1.37979,1.37981,1.00,1.32
2014.03.26 09:40:57.618,1.3798,1.37982,2.50,2.10
2014.03.26 09:40:58.184,1.37981,1.37983,1.00,4.32
2014.03.26 09:40:58.690,1.37979,1.37982,7.13,2.13
2014.03.26 09:40:58.995,1.37976,1.37978,2.25,4.88
2014.03.26 09:40:59.198,1.37975,1.37976,1.00,1.00
2014.03.26 09:40:59.703,1.37974,1.37977,1.69,5.44
2014.03.26 09:41:00.208,1.37974,1.37976,1.32,1.38
2014.03.26 09:41:01.851,1.37973,1.37976,2.22,3.94
2014.03.26 09:41:02.475,1.37974,1.37976,1.50,3.94
2014.03.26 09:41:02.981,1.37974,1.37976,1.50,4.69
2014.03.26 09:41:03.827,1.37973,1.37976,2.97,3.94
2014.03.26 09:41:04.130,1.37972,1.37975,5.44,3.94
2014.03.26 09:41:04.986,1.3797,1.37973,12.75,1.38
2014.03.26 09:41:05.241,1.37965,1.37967,5.07,1.50
2014.03.26 09:41:05.394,1.37964,1.37966,1.50,3.00
2014.03.26 09:41:08.587,1.37963,1.37966,2.07,3.57
2014.03.26 09:41:09.096,1.37963,1.37966,2.07,2.07
2014.03.26 09:41:14.170,1.37962,1.37965,5.82,3.42
2014.03.26 09:41:14.221,1.37961,1.37963,2.25,5.50
2014.03.26 09:41:14.323,1.3796,1.37961,3.75,1.88
2014.03.26 09:41:14.829,1.37959,1.37962,1.88,4.17
2014.03.26 09:41:15.744,1.37959,1.3796,1.88,1.00
2014.03.26 09:41:16.350,1.37959,1.37962,2.82,3.42
2014.03.26 09:41:18.185,1.37958,1.3796,3.57,1.35
2014.03.26 09:41:20.476,1.37957,1.3796,1.38,4.77
2014.03.26 09:41:21.418,1.37956,1.37958,7.88,3.00
2014.03.26 09:41:21.520,1.37955,1.37956,14.07,1.00
2014.03.26 09:41:21.992,1.37953,1.37956,3.57,4.17
2014.03.26 09:41:24.243,1.37953,1.37956,2.82,4.17
2014.03.26 09:41:24.496,1.37951,1.37953,1.50,7.69
2014.03.26 09:41:24.749,1.37949,1.37951,5.44,1.00
2014.03.26 09:41:25.108,1.37948,1.37949,2.63,1.00
2014.03.26 09:41:25.614,1.37947,1.3795,1.43,2.44
2014.03.26 09:41:27.844,1.37948,1.37951,2.82,2.82
2014.03.26 09:41:28.349,1.37949,1.37951,8.44,1.28
2014.03.26 09:41:28.857,1.3795,1.37952,5.32,1.00
2014.03.26 09:41:30.956,1.3795,1.37953,9.07,2.22
2014.03.26 09:41:31.514,1.37953,1.37956,3.04,2.07
2014.03.26 09:41:31.920,1.37955,1.37956,1.00,1.25
2014.03.26 09:41:32.225,1.37958,1.3796,3.94,4.50
2014.03.26 09:41:32.478,1.37959,1.37961,2.82,1.50
2014.03.26 09:41:33.016,1.3796,1.37961,1.50,1.00
2014.03.26 09:41:35.374,1.3796,1.37963,2.25,3.94
2014.03.26 09:41:35.965,1.37961,1.37963,1.50,3.94
2014.03.26 09:41:36.370,1.37963,1.37964,1.50,1.00
2014.03.26 09:41:36.420,1.37963,1.37965,2.25,3.27
2014.03.26 09:41:36.826,1.37964,1.37967,2.50,4.13
2014.03.26 09:41:36.978,1.37966,1.37968,2.50,6.94
2014.03.26 09:41:37.080,1.37968,1.37969,1.50,1.69
2014.03.26 09:41:37.181,1.37966,1.37968,5.44,1.00
2014.03.26 09:41:37.638,1.37966,1.37967,4.13,2.25
2014.03.26 09:41:37.842,1.37964,1.37965,1.50,1.50
2014.03.26 09:41:39.865,1.37963,1.37965,1.50,3.19
2014.03.26 09:41:41.964,1.37962,1.37965,4.69,4.32
2014.03.26 09:41:44.206,1.37961,1.37964,3.19,1.00
2014.03.26 09:41:44.257,1.3796,1.37964,4.32,2.44
2014.03.26 09:41:46.170,1.37962,1.37964,1.50,3.94
2014.03.26 09:41:47.553,1.37963,1.37964,1.50,3.75
2014.03.26 09:41:48.075,1.37962,1.37964,2.63,3.94
2014.03.26 09:41:48.581,1.37961,1.37962,1.13,1.50
2014.03.26 09:41:48.884,1.3796,1.37962,1.25,2.25
2014.03.26 09:41:50.001,1.3796,1.37962,2.07,1.50
2014.03.26 09:41:50.755,1.3796,1.37962,2.82,1.00
2014.03.26 09:41:54.103,1.3796,1.37962,4.69,1.00
2014.03.26 09:41:54.982,1.37961,1.37963,1.25,1.00
2014.03.26 09:41:55.492,1.37961,1.37964,1.25,3.57
2014.03.26 09:42:00.552,1.37961,1.37963,1.25,1.00
2014.03.26 09:42:01.057,1.37959,1.37962,5.82,1.25
2014.03.26 09:42:01.472,1.37957,1.3796,2.82,7.75
2014.03.26 09:42:01.781,1.37954,1.37957,7.50,3.00
2014.03.26 09:42:01.936,1.37954,1.37955,1.50,4.88
2014.03.26 09:42:02.462,1.37952,1.37954,1.54,1.00
2014.03.26 09:42:02.819,1.37951,1.37954,1.88,5.44
2014.03.26 09:42:08.121,1.3795,1.37953,2.82,2.44
2014.03.26 09:42:08.576,1.3795,1.37953,5.25,1.50
2014.03.26 09:42:09.128,1.37951,1.37954,1.88,2.44
2014.03.26 09:42:13.154,1.3795,1.37952,2.82,2.25
2014.03.26 09:42:13.205,1.3795,1.37952,1.50,2.44
2014.03.26 09:42:15.087,1.3795,1.37953,5.25,1.32
2014.03.26 09:42:15.744,1.3795,1.37953,6.38,1.69
2014.03.26 09:42:16.048,1.37948,1.3795,6.00,5.13
2014.03.26 09:42:16.302,1.37946,1.37947,1.00,2.44
2014.03.26 09:42:16.844,1.37945,1.37947,1.00,6.57
2014.03.26 09:42:18.006,1.37944,1.37945,1.88,1.00
2014.03.26 09:42:18.515,1.37944,1.37945,1.88,1.00
2014.03.26 09:42:29.357,1.37943,1.37945,1.69,4.13
2014.03.26 09:42:32.374,1.37942,1.37944,1.69,1.00
2014.03.26 09:42:32.890,1.37942,1.37945,1.69,7.50
2014.03.26 09:42:34.976,1.37942,1.37945,1.32,6.94
2014.03.26 09:42:39.277,1.37944,1.37946,1.00,4.13
2014.03.26 09:42:39.727,1.37947,1.37949,1.88,3.94
2014.03.26 09:42:39.781,1.37947,1.37949,1.50,2.07
2014.03.26 09:42:41.691,1.37948,1.37949,1.50,1.25
2014.03.26 09:42:42.197,1.37948,1.3795,3.94,1.00
2014.03.26 09:42:43.535,1.37947,1.37949,3.00,1.00
2014.03.26 09:42:44.048,1.37947,1.37949,2.07,1.00
2014.03.26 09:42:45.969,1.37947,1.37949,2.07,1.00
2014.03.26 09:42:58.175,1.37947,1.37948,1.50,1.30
2014.03.26 09:42:58.479,1.37944,1.37945,3.75,3.38
2014.03.26 09:42:58.581,1.37943,1.37945,2.44,4.50
2014.03.26 09:43:00.272,1.37943,1.37945,1.00,5.44
2014.03.26 09:43:00.791,1.37941,1.37943,1.50,1.69
2014.03.26 09:43:02.275,1.37941,1.37945,3.94,6.79
2014.03.26 09:43:06.715,1.37942,1.37945,1.13,2.81
2014.03.26 09:43:06.816,1.37945,1.37946,13.13,3.38
2014.03.26 09:43:06.867,1.37946,1.37949,1.88,6.94
2014.03.26 09:43:07.019,1.37947,1.37949,1.13,1.69
2014.03.26 09:43:08.021,1.37947,1.3795,2.82,2.82
2014.03.26 09:43:08.736,1.37948,1.3795,1.00,1.69
2014.03.26 09:43:10.590,1.37949,1.37951,1.00,3.38
2014.03.26 09:43:10.864,1.3795,1.37952,1.50,1.69
2014.03.26 09:43:17.059,1.37949,1.37952,3.19,2.82
2014.03.26 09:43:18.083,1.37949,1.37952,4.32,2.44
2014.03.26 09:43:18.982,1.37949,1.37952,4.32,2.44
2014.03.26 09:43:19.776,1.37949,1.37952,2.82,3.57
2014.03.26 09:43:20.029,1.37949,1.37952,2.82,3.94
2014.03.26 09:43:26.606,1.37949,1.37952,3.57,3.94
2014.03.26 09:43:27.062,1.37947,1.37949,2.07,3.00
2014.03.26 09:43:27.315,1.37944,1.37947,3.00,3.25
2014.03.26 09:43:27.367,1.37944,1.37946,14.52,1.00
2014.03.26 09:43:27.469,1.37942,1.37945,2.25,5.69
2014.03.26 09:43:27.520,1.37942,1.37944,5.58,1.00
2014.03.26 09:43:27.571,1.37941,1.37943,2.63,1.25
2014.03.26 09:43:29.310,1.37941,1.37943,1.50,1.69
2014.03.26 09:43:30.004,1.37939,1.37941,3.38,1.13
2014.03.26 09:43:30.307,1.37938,1.37939,4.69,1.00
2014.03.26 09:43:30.848,1.37937,1.3794,5.10,1.32
2014.03.26 09:43:31.101,1.37938,1.3794,2.25,1.32
2014.03.26 09:43:31.456,1.37939,1.37942,3.75,1.69
2014.03.26 09:43:34.046,1.37939,1.37942,4.88,1.32
2014.03.26 09:43:34.148,1.37939,1.37943,9.38,1.69
2014.03.26 09:43:34.655,1.37939,1.37942,5.26,1.00
2014.03.26 09:43:35.266,1.37939,1.37941,4.88,1.00
2014.03.26 09:43:36.567,1.3794,1.37943,3.75,1.32
2014.03.26 09:43:42.756,1.37941,1.37942,1.50,1.32
2014.03.26 09:43:43.276,1.3794,1.37942,1.88,1.32
2014.03.26 09:43:44.813,1.37941,1.37942,3.00,1.25
2014.03.26 09:43:46.180,1.37942,1.37944,1.50,5.82
2014.03.26 09:43:46.483,1.37941,1.37942,3.00,1.00
2014.03.26 09:43:47.823,1.37942,1.37944,3.75,2.63
2014.03.26 09:43:48.797,1.37942,1.37944,1.00,2.82
2014.03.26 09:43:49.357,1.37941,1.37943,2.44,1.00
2014.03.26 09:43:49.977,1.3794,1.37942,4.32,1.00
2014.03.26 09:43:53.632,1.3794,1.37942,6.19,1.00
2014.03.26 09:43:53.937,1.37947,1.37949,4.73,2.25
2014.03.26 09:43:53.989,1.37949,1.3795,2.25,1.50
2014.03.26 09:43:54.091,1.37949,1.37951,1.50,2.44
2014.03.26 09:43:56.066,1.3795,1.37951,1.00,2.44
2014.03.26 09:44:00.247,1.37947,1.37951,7.50,2.69
2014.03.26 09:44:00.602,1.37945,1.37948,18.38,6.19
2014.03.26 09:44:01.088,1.37943,1.37947,3.75,5.69
2014.03.26 09:44:01.370,1.37944,1.37946,9.75,2.25
2014.03.26 09:44:01.876,1.37943,1.37944,1.00,1.00
2014.03.26 09:44:02.441,1.37943,1.37944,1.50,1.00
2014.03.26 09:44:03.040,1.37943,1.37945,3.75,1.69
2014.03.26 09:44:04.357,1.37944,1.37945,1.25,1.00
2014.03.26 09:44:04.883,1.37945,1.37946,1.00,1.88
2014.03.26 09:44:12.320,1.37945,1.3795,5.13,8.63
2014.03.26 09:44:12.472,1.37949,1.37951,1.88,1.32
2014.03.26 09:44:53.701,1.3795,1.37952,2.63,2.82
2014.03.26 09:44:54.230,1.3795,1.37951,2.63,1.00
2014.03.26 09:44:57.343,1.3795,1.37953,2.88,3.75
2014.03.26 09:45:02.851,1.3795,1.37953,3.75,5.07
2014.03.26 09:45:03.053,1.37947,1.3795,3.75,4.76
2014.03.26 09:45:03.155,1.37947,1.37949,1.50,6.57
2014.03.26 09:45:03.693,1.37945,1.37948,2.63,6.94
2014.03.26 09:45:04.580,1.37945,1.37947,2.63,3.94
2014.03.26 09:45:05.159,1.37944,1.37946,1.13,2.07
2014.03.26 09:45:05.381,1.37945,1.37948,11.44,6.00
2014.03.26 09:45:05.636,1.37948,1.3795,1.00,2.63
2014.03.26 09:45:07.486,1.37949,1.37951,1.00,1.69
2014.03.26 09:45:09.423,1.37945,1.37949,13.88,3.75
2014.03.26 09:45:09.575,1.37946,1.37948,1.00,7.88
2014.03.26 09:45:09.677,1.37944,1.37946,1.38,1.25
2014.03.26 09:45:10.199,1.37944,1.37946,1.00,1.25
2014.03.26 09:45:10.856,1.37944,1.37946,1.00,4.69
2014.03.26 09:45:11.528,1.37941,1.37945,4.50,2.63
2014.03.26 09:45:11.983,1.3794,1.37941,1.50,2.07
2014.03.26 09:45:12.489,1.37941,1.37943,1.50,6.60
2014.03.26 09:45:12.692,1.37943,1.37945,1.00,6.75
2014.03.26 09:45:13.198,1.37943,1.37945,1.00,2.07
2014.03.26 09:45:13.299,1.37942,1.37945,1.00,5.82
2014.03.26 09:45:17.231,1.37942,1.37945,2.69,2.44
2014.03.26 09:45:17.706,1.37944,1.37947,11.86,4.88
2014.03.26 09:45:17.858,1.37945,1.37948,21.04,1.00
2014.03.26 09:45:17.909,1.37947,1.3795,4.94,2.25
2014.03.26 09:45:18.416,1.37948,1.3795,1.25,1.00
2014.03.26 09:45:35.745,1.37948,1.3795,1.13,2.93
2014.03.26 09:45:36.280,1.37947,1.37949,1.25,1.00
2014.03.26 09:45:36.901,1.37947,1.3795,1.25,4.62
2014.03.26 09:45:37.104,1.37949,1.3795,1.00,2.74
2014.03.26 09:45:37.621,1.37948,1.3795,5.25,1.43
2014.03.26 09:45:38.945,1.37947,1.3795,3.19,3.12
2014.03.26 09:45:41.201,1.37947,1.37949,1.69,1.50
2014.03.26 09:45:41.353,1.37946,1.37948,1.88,1.69
2014.03.26 09:45:41.505,1.37944,1.37947,3.38,4.69
2014.03.26 09:45:48.304,1.37944,1.37946,1.00,3.00
2014.03.26 09:45:49.430,1.37944,1.37945,1.00,1.32
2014.03.26 09:46:00.021,1.37944,1.37946,1.50,1.69
2014.03.26 09:46:00.072,1.37944,1.37947,3.01,6.94
2014.03.26 09:46:00.325,1.37945,1.37948,2.88,3.94
2014.03.26 09:46:00.427,1.37945,1.37948,8.26,3.57
2014.03.26 09:46:00.631,1.37947,1.37951,4.00,2.25
2014.03.26 09:46:00.683,1.37948,1.37951,3.38,1.25
2014.03.26 09:46:00.988,1.37949,1.37953,11.44,2.44
2014.03.26 09:46:01.510,1.37951,1.37954,2.13,1.69
2014.03.26 09:46:05.354,1.37952,1.37954,1.25,1.50
2014.03.26 09:46:05.875,1.37952,1.37955,2.07,3.57
2014.03.26 09:46:07.700,1.37952,1.37955,2.32,3.19
2014.03.26 09:46:11.403,1.37952,1.37955,3.57,3.75
2014.03.26 09:46:11.504,1.37953,1.37955,1.50,4.54
2014.03.26 09:46:13.541,1.37952,1.37954,1.13,1.00
2014.03.26 09:46:13.795,1.37949,1.37951,2.25,3.60
2014.03.26 09:46:14.331,1.37949,1.37951,2.25,2.63
2014.03.26 09:46:15.853,1.37949,1.3795,2.25,1.00
2014.03.26 09:46:16.147,1.37949,1.37951,2.50,1.13
2014.03.26 09:46:16.198,1.3795,1.37952,1.00,1.00
2014.03.26 09:46:16.704,1.37952,1.37954,1.50,2.44
2014.03.26 09:46:17.252,1.37953,1.37955,1.50,3.57
2014.03.26 09:46:18.937,1.37954,1.37956,1.00,2.82
2014.03.26 09:46:19.443,1.37954,1.37955,1.69,1.00
2014.03.26 09:46:24.001,1.37954,1.37956,1.50,2.82
2014.03.26 09:46:24.549,1.37954,1.37955,1.50,1.69
2014.03.26 09:46:38.193,1.37954,1.37956,1.50,4.13
2014.03.26 09:46:46.266,1.37955,1.37957,10.38,2.63
2014.03.26 09:46:46.418,1.37956,1.37959,2.25,3.57
2014.03.26 09:46:46.469,1.37958,1.3796,1.00,6.45
2014.03.26 09:46:46.570,1.37959,1.37961,1.00,6.19
2014.03.26 09:46:46.976,1.3796,1.37963,2.25,3.94
2014.03.26 09:46:51.819,1.3796,1.37963,3.25,3.00
2014.03.26 09:46:51.972,1.3796,1.37961,3.00,1.00
2014.03.26 09:46:52.074,1.3796,1.37963,6.00,2.63
