2013.05.03 20:00:00.305,1.31174,1.31177,1.50,2.07
2013.05.03 20:00:00.827,1.31175,1.31178,1.50,3.04
2013.05.03 20:00:01.137,1.31171,1.31175,3.38,3.08
2013.05.03 20:00:01.327,1.3117,1.31174,2.78,1.50
2013.05.03 20:00:01.807,1.31171,1.31175,1.65,6.00
2013.05.03 20:00:02.046,1.31174,1.31178,3.75,1.13
2013.05.03 20:00:02.709,1.31174,1.3118,2.25,3.00
2013.05.03 20:00:03.502,1.31174,1.3118,3.00,3.00
2013.05.03 20:00:03.582,1.31173,1.31179,5.63,1.88
2013.05.03 20:00:04.316,1.31173,1.31177,3.00,1.58
2013.05.03 20:00:04.856,1.31173,1.31177,2.25,2.33
2013.05.03 20:00:05.398,1.31173,1.31177,3.00,2.33
2013.05.03 20:00:05.826,1.31171,1.31173,1.50,2.25
2013.05.03 20:00:06.005,1.31164,1.31168,3.00,3.75
2013.05.03 20:00:06.126,1.31163,1.31167,3.00,3.00
2013.05.03 20:00:06.666,1.31164,1.31166,2.03,1.50
2013.05.03 20:00:06.846,1.31164,1.31169,1.50,3.00
2013.05.03 20:00:07.347,1.31164,1.31169,1.50,1.50
2013.05.03 20:00:07.889,1.31164,1.31168,1.13,1.35
2013.05.03 20:00:08.335,1.31164,1.31168,1.13,2.10
2013.05.03 20:00:08.877,1.31162,1.31164,1.50,2.25
2013.05.03 20:00:09.065,1.31159,1.31163,2.25,4.39
2013.05.03 20:00:09.247,1.31158,1.31162,1.50,1.50
2013.05.03 20:00:10.848,1.31159,1.31162,1.13,2.25
2013.05.03 20:00:11.205,1.31163,1.31167,4.66,1.50
2013.05.03 20:00:11.266,1.31165,1.31167,1.65,1.50
2013.05.03 20:00:11.826,1.31165,1.31168,1.65,1.88
2013.05.03 20:00:12.346,1.31165,1.3117,2.40,1.50
2013.05.03 20:00:13.068,1.31161,1.31166,2.78,2.25
2013.05.03 20:00:13.615,1.3116,1.31165,2.78,3.38
2013.05.03 20:00:14.236,1.3116,1.31165,2.78,2.25
2013.05.03 20:00:14.478,1.31162,1.31168,1.65,2.85
2013.05.03 20:00:14.546,1.31162,1.31167,2.40,3.83
2013.05.03 20:00:14.749,1.31162,1.31166,2.40,1.50
2013.05.03 20:00:15.777,1.31162,1.31166,2.40,2.25
2013.05.03 20:00:16.077,1.31165,1.31168,2.03,2.25
2013.05.03 20:00:16.695,1.31165,1.31169,2.03,1.88
2013.05.03 20:00:17.787,1.31165,1.31169,1.28,2.25
2013.05.03 20:00:17.966,1.31162,1.31165,1.65,1.13
2013.05.03 20:00:18.145,1.31162,1.31166,1.50,2.25
2013.05.03 20:00:18.446,1.31161,1.31168,1.13,3.75
2013.05.03 20:00:18.996,1.31164,1.31168,1.88,2.25
2013.05.03 20:00:19.556,1.31164,1.3117,1.13,5.63
2013.05.03 20:00:20.316,1.31164,1.3117,2.63,3.75
2013.05.03 20:00:20.975,1.31165,1.31169,2.03,1.13
2013.05.03 20:00:22.316,1.31165,1.31169,1.28,1.13
2013.05.03 20:00:23.514,1.31165,1.31169,2.03,1.13
2013.05.03 20:00:24.226,1.31165,1.31169,2.03,1.50
2013.05.03 20:00:28.547,1.31164,1.31168,1.65,1.88
2013.05.03 20:00:28.666,1.31163,1.31165,2.25,1.88
2013.05.03 20:00:28.847,1.31161,1.31165,1.28,3.38
2013.05.03 20:00:29.216,1.3116,1.31164,2.78,1.13
2013.05.03 20:00:29.341,1.31157,1.31163,3.30,2.40
2013.05.03 20:00:29.845,1.31157,1.31163,4.65,3.60
2013.05.03 20:00:31.235,1.31157,1.31161,3.90,1.50
2013.05.03 20:00:36.936,1.31156,1.31159,1.50,1.50
2013.05.03 20:00:37.176,1.31152,1.31157,2.25,6.00
2013.05.03 20:00:37.237,1.31152,1.31155,2.25,3.00
2013.05.03 20:00:37.596,1.31145,1.3115,5.70,4.88
2013.05.03 20:00:38.145,1.31145,1.3115,4.95,2.63
2013.05.03 20:00:38.713,1.31145,1.3115,4.13,2.63
2013.05.03 20:00:39.926,1.31145,1.3115,5.18,2.63
2013.05.03 20:00:41.787,1.31146,1.31151,1.50,2.25
2013.05.03 20:00:42.585,1.31146,1.31151,1.50,2.63
2013.05.03 20:00:43.136,1.31146,1.31151,1.50,1.88
2013.05.03 20:00:47.700,1.31146,1.31152,2.25,2.25
2013.05.03 20:00:48.245,1.31147,1.31152,2.25,1.50
2013.05.03 20:00:48.327,1.31155,1.31157,2.25,2.25
2013.05.03 20:00:48.666,1.31156,1.3116,2.25,2.03
2013.05.03 20:00:48.845,1.31156,1.3116,3.00,2.03
2013.05.03 20:00:55.835,1.31156,1.3116,2.25,1.73
2013.05.03 20:00:56.658,1.31155,1.3116,5.25,1.28
2013.05.03 20:00:59.701,1.31156,1.3116,1.50,2.03
2013.05.03 20:01:01.737,1.31156,1.3116,1.50,2.03
2013.05.03 20:01:02.285,1.31155,1.3116,6.00,2.03
2013.05.03 20:01:06.125,1.31157,1.3116,1.50,2.03
2013.05.03 20:01:10.148,1.31155,1.31157,3.75,4.13
2013.05.03 20:01:10.455,1.31154,1.31157,1.50,3.83
2013.05.03 20:01:10.995,1.31153,1.31157,2.40,2.25
2013.05.03 20:01:12.035,1.31151,1.31157,3.00,3.83
2013.05.03 20:01:18.407,1.31146,1.3115,1.50,2.70
2013.05.03 20:01:18.586,1.31148,1.31153,2.40,2.25
2013.05.03 20:01:20.118,1.3115,1.31155,3.15,4.88
2013.05.03 20:01:20.186,1.31151,1.31155,1.50,3.38
2013.05.03 20:01:20.425,1.3115,1.31155,1.50,4.20
2013.05.03 20:01:24.139,1.31149,1.31154,2.63,1.50
2013.05.03 20:01:24.795,1.31151,1.31155,2.25,1.50
2013.05.03 20:01:29.175,1.31151,1.31155,2.25,1.13
2013.05.03 20:01:29.476,1.31147,1.31151,2.25,2.25
2013.05.03 20:01:30.374,1.31148,1.3115,1.50,1.13
2013.05.03 20:01:30.451,1.3115,1.31153,1.50,1.35
2013.05.03 20:01:31.867,1.31148,1.31153,2.25,2.10
2013.05.03 20:01:33.549,1.31148,1.31153,3.00,2.48
2013.05.03 20:01:34.088,1.31148,1.31152,1.50,1.50
2013.05.03 20:01:35.948,1.31149,1.31153,1.35,2.25
2013.05.03 20:01:36.256,1.31151,1.31155,2.03,2.25
2013.05.03 20:01:41.386,1.31151,1.31155,1.28,3.75
2013.05.03 20:01:41.936,1.31151,1.31155,1.28,3.75
2013.05.03 20:01:45.476,1.31152,1.31156,1.65,2.63
2013.05.03 20:01:46.171,1.31152,1.31157,1.65,4.50
2013.05.03 20:01:48.545,1.31152,1.31155,1.65,1.50
2013.05.03 20:01:48.907,1.31153,1.31157,4.50,2.25
2013.05.03 20:01:49.146,1.31155,1.31159,2.78,3.75
2013.05.03 20:01:49.207,1.31155,1.31159,5.78,2.25
2013.05.03 20:01:50.366,1.31156,1.3116,1.50,1.88
2013.05.03 20:01:50.877,1.31156,1.3116,1.50,1.13
2013.05.03 20:01:52.986,1.31155,1.3116,4.65,1.13
2013.05.03 20:02:04.706,1.31156,1.3116,1.50,2.25
2013.05.03 20:02:06.817,1.31155,1.31161,3.60,1.35
2013.05.03 20:02:06.879,1.31156,1.31162,3.53,1.88
2013.05.03 20:02:07.667,1.31156,1.31162,2.78,2.25
2013.05.03 20:02:08.301,1.31157,1.31162,2.40,4.50
2013.05.03 20:02:16.747,1.31157,1.31162,2.25,5.25
2013.05.03 20:02:17.746,1.31157,1.31162,2.25,3.00
2013.05.03 20:02:18.887,1.31157,1.31162,2.85,3.00
2013.05.03 20:02:19.010,1.31157,1.31162,2.85,3.75
2013.05.03 20:02:22.263,1.31158,1.31162,3.00,1.50
2013.05.03 20:02:39.227,1.31158,1.31162,2.25,1.50
2013.05.03 20:02:39.763,1.31158,1.31162,2.25,1.50
2013.05.03 20:02:52.497,1.31158,1.31163,2.25,5.63
2013.05.03 20:02:53.005,1.31158,1.31162,2.25,1.50
2013.05.03 20:02:59.078,1.31159,1.31162,1.50,1.50
2013.05.03 20:02:59.597,1.31155,1.3116,3.00,5.25
2013.05.03 20:02:59.658,1.31155,1.31157,2.63,5.25
2013.05.03 20:02:59.719,1.31151,1.31155,1.88,1.50
2013.05.03 20:02:59.789,1.31151,1.31155,1.88,1.50
2013.05.03 20:03:02.747,1.31152,1.31157,3.00,2.25
2013.05.03 20:03:03.249,1.31154,1.31158,1.50,1.88
2013.05.03 20:03:03.319,1.31154,1.31159,3.00,2.63
2013.05.03 20:03:09.517,1.31156,1.3116,1.50,1.13
2013.05.03 20:03:09.875,1.31158,1.31163,2.52,1.50
2013.05.03 20:03:11.507,1.3116,1.31164,2.25,2.25
2013.05.03 20:03:12.127,1.31161,1.31164,1.50,2.25
2013.05.03 20:03:12.726,1.3116,1.31164,1.88,2.25
2013.05.03 20:03:16.017,1.31161,1.31164,1.13,2.25
2013.05.03 20:03:16.557,1.31159,1.31162,1.50,1.50
2013.05.03 20:03:18.999,1.31158,1.31163,1.13,1.13
2013.05.03 20:03:19.538,1.3116,1.31164,2.25,2.25
2013.05.03 20:03:20.668,1.31161,1.31165,1.13,6.00
2013.05.03 20:03:24.557,1.31161,1.31165,1.88,4.50
2013.05.03 20:03:25.096,1.3116,1.31165,5.25,4.13
2013.05.03 20:03:31.856,1.31161,1.31165,2.25,4.13
2013.05.03 20:03:33.336,1.3116,1.31163,3.00,1.50
2013.05.03 20:03:34.132,1.31157,1.31162,2.78,1.13
2013.05.03 20:03:35.118,1.3116,1.31164,1.50,1.50
2013.05.03 20:03:35.187,1.3116,1.31164,2.25,1.50
2013.05.03 20:03:35.248,1.3116,1.31164,3.75,2.25
2013.05.03 20:03:36.897,1.3116,1.31162,2.25,1.50
2013.05.03 20:03:36.957,1.31157,1.31162,1.58,2.25
2013.05.03 20:03:37.497,1.31156,1.31162,2.25,3.94
2013.05.03 20:03:40.357,1.31156,1.31161,2.25,2.25
2013.05.03 20:03:46.136,1.31157,1.31162,1.50,3.94
2013.05.03 20:03:47.179,1.31157,1.31162,1.50,3.94
2013.05.03 20:03:47.750,1.31156,1.31161,1.50,2.25
2013.05.03 20:04:00.398,1.31154,1.3116,3.38,3.00
2013.05.03 20:04:00.518,1.31154,1.31159,2.25,2.25
2013.05.03 20:04:00.937,1.31151,1.31156,1.88,2.25
2013.05.03 20:04:14.919,1.31151,1.31155,1.50,3.00
2013.05.03 20:04:42.699,1.31153,1.31157,2.63,3.75
2013.05.03 20:04:43.249,1.31154,1.31157,2.25,1.50
2013.05.03 20:04:44.601,1.31153,1.31157,2.25,1.50
2013.05.03 20:04:48.677,1.31152,1.31157,2.25,3.00
2013.05.03 20:04:49.647,1.31151,1.31155,2.70,2.25
2013.05.03 20:04:56.218,1.31151,1.31155,2.70,2.25
2013.05.03 20:05:03.817,1.31151,1.31157,2.70,3.00
2013.05.03 20:05:03.998,1.31153,1.31158,2.63,1.50
2013.05.03 20:05:04.537,1.31153,1.31159,2.25,3.00
2013.05.03 20:05:09.346,1.31153,1.31159,2.33,3.75
2013.05.03 20:05:10.477,1.31155,1.31159,2.25,2.25
2013.05.03 20:05:17.751,1.31155,1.31159,1.50,2.25
2013.05.03 20:05:17.879,1.31154,1.31157,1.50,1.50
2013.05.03 20:05:19.496,1.31152,1.31157,2.25,2.25
2013.05.03 20:05:20.651,1.31152,1.31157,2.25,3.75
2013.05.03 20:05:20.957,1.31151,1.31155,1.50,3.00
2013.05.03 20:05:33.468,1.3115,1.31155,1.50,4.50
2013.05.03 20:05:33.527,1.3115,1.31154,1.50,3.75
2013.05.03 20:05:33.646,1.31147,1.3115,3.83,2.25
2013.05.03 20:05:34.168,1.31145,1.3115,2.25,3.00
2013.05.03 20:05:44.188,1.31145,1.31149,1.50,1.50
2013.05.03 20:06:00.617,1.31143,1.31149,2.63,1.50
2013.05.03 20:06:01.157,1.31143,1.31149,2.63,1.50
2013.05.03 20:06:01.867,1.31143,1.31149,1.88,2.25
2013.05.03 20:06:02.417,1.31143,1.31149,1.88,2.25
2013.05.03 20:06:06.558,1.31143,1.31148,1.50,1.50
2013.05.03 20:06:07.097,1.31143,1.31148,1.88,1.50
2013.05.03 20:06:07.838,1.31143,1.31148,1.50,4.58
2013.05.03 20:06:08.378,1.31141,1.31145,1.50,2.25
2013.05.03 20:06:12.734,1.31144,1.31147,1.50,1.50
2013.05.03 20:06:12.857,1.31144,1.31148,2.25,1.50
2013.05.03 20:06:25.705,1.31146,1.31149,2.85,2.25
2013.05.03 20:06:25.779,1.31149,1.31154,1.58,2.25
2013.05.03 20:06:26.321,1.3115,1.31154,1.58,1.50
2013.05.03 20:06:28.245,1.31148,1.31155,2.18,6.00
2013.05.03 20:06:28.957,1.3115,1.31154,1.58,1.50
2013.05.03 20:06:32.415,1.31148,1.31154,2.18,1.50
2013.05.03 20:06:33.486,1.3115,1.31154,1.58,2.25
2013.05.03 20:06:38.506,1.31149,1.31154,2.33,2.63
2013.05.03 20:06:50.447,1.3115,1.31153,1.50,1.50
2013.05.03 20:06:53.467,1.31149,1.31153,1.58,1.50
2013.05.03 20:06:53.887,1.31149,1.31153,1.50,3.75
2013.05.03 20:06:54.748,1.31147,1.3115,1.50,1.50
2013.05.03 20:06:54.807,1.31145,1.3115,3.75,3.00
2013.05.03 20:07:03.017,1.31146,1.3115,1.50,2.25
2013.05.03 20:07:11.397,1.31145,1.3115,2.25,1.50
2013.05.03 20:07:54.748,1.31145,1.3115,2.25,2.25
2013.05.03 20:08:03.437,1.31146,1.3115,1.50,1.50
2013.05.03 20:08:05.706,1.31145,1.31151,2.25,2.25
2013.05.03 20:08:10.726,1.31145,1.3115,2.25,1.50
2013.05.03 20:08:10.908,1.31144,1.31147,1.50,1.58
2013.05.03 20:08:20.248,1.31144,1.31148,2.25,2.33
2013.05.03 20:08:23.647,1.31144,1.31148,1.50,2.33
2013.05.03 20:08:25.887,1.31145,1.31148,1.50,2.33
2013.05.03 20:08:27.027,1.31144,1.31148,2.25,1.58
2013.05.03 20:08:33.268,1.31144,1.31148,3.00,1.58
2013.05.03 20:08:37.927,1.31146,1.3115,1.50,1.58
2013.05.03 20:08:38.308,1.31145,1.3115,2.25,4.95
2013.05.03 20:08:57.396,1.31144,1.31147,1.50,1.58
2013.05.03 20:08:57.518,1.31145,1.31149,3.00,1.95
2013.05.03 20:08:58.057,1.31144,1.31149,3.75,2.33
2013.05.03 20:08:58.586,1.31144,1.31149,3.00,2.33
2013.05.03 20:09:00.456,1.31144,1.31148,2.25,1.50
2013.05.03 20:09:01.018,1.31144,1.31147,1.50,1.50
2013.05.03 20:09:01.578,1.31144,1.31147,1.50,2.25
2013.05.03 20:09:34.567,1.31144,1.31149,2.25,1.20
2013.05.03 20:09:40.807,1.31144,1.31149,2.25,1.77
2013.05.03 20:09:43.347,1.31144,1.31149,3.00,1.77
2013.05.03 20:09:43.796,1.31144,1.31148,1.50,1.50
2013.05.03 20:09:46.777,1.31144,1.31148,1.50,1.50
2013.05.03 20:09:47.738,1.3114,1.31145,3.38,2.25
2013.05.03 20:09:47.797,1.3114,1.31145,3.38,3.00
2013.05.03 20:09:48.918,1.3114,1.31145,4.88,2.25
2013.05.03 20:09:49.037,1.31142,1.31145,1.13,2.25
2013.05.03 20:09:49.613,1.31144,1.31146,1.50,1.50
2013.05.03 20:10:00.597,1.31142,1.31145,1.13,1.13
2013.05.03 20:10:02.487,1.31142,1.31145,1.50,1.13
2013.05.03 20:10:15.487,1.31141,1.31145,1.13,1.50
2013.05.03 20:10:15.727,1.3114,1.31145,2.25,3.38
2013.05.03 20:10:16.277,1.3114,1.31145,3.00,3.75
2013.05.03 20:10:16.637,1.3114,1.31145,3.00,3.38
2013.05.03 20:10:30.917,1.31139,1.31145,3.00,3.75
2013.05.03 20:10:36.298,1.31139,1.31144,2.25,3.00
2013.05.03 20:10:36.835,1.31137,1.31143,2.25,1.50
2013.05.03 20:10:46.248,1.31138,1.31144,1.50,1.95
2013.05.03 20:10:48.088,1.31139,1.31144,1.50,2.63
2013.05.03 20:10:48.458,1.31142,1.31144,1.13,1.50
2013.05.03 20:10:48.578,1.31143,1.31148,4.50,4.69
2013.05.03 20:10:52.847,1.31144,1.31149,1.50,4.58
2013.05.03 20:10:53.688,1.31145,1.31149,3.00,3.83
2013.05.03 20:10:53.809,1.31145,1.31149,3.75,1.58
2013.05.03 20:10:54.368,1.31145,1.31149,3.00,2.33
2013.05.03 20:10:54.907,1.31145,1.31149,3.00,1.50
2013.05.03 20:10:55.427,1.31145,1.31149,5.25,1.50
2013.05.03 20:10:56.667,1.31146,1.31149,1.50,1.50
2013.05.03 20:10:57.687,1.31145,1.31149,5.25,1.50
2013.05.03 20:11:02.437,1.31146,1.31149,1.50,1.50
2013.05.03 20:11:07.432,1.31149,1.31152,1.50,4.05
2013.05.03 20:11:07.799,1.31152,1.31155,1.50,1.13
2013.05.03 20:11:08.098,1.31151,1.31155,2.25,1.50
2013.05.03 20:11:08.397,1.31151,1.31156,3.00,1.50
2013.05.03 20:11:09.218,1.31152,1.31157,1.50,3.75
2013.05.03 20:11:14.197,1.31152,1.31157,2.25,4.88
2013.05.03 20:11:14.697,1.31151,1.31156,3.00,2.25
2013.05.03 20:11:18.227,1.31153,1.31155,1.50,1.50
2013.05.03 20:11:21.757,1.31153,1.31157,2.63,2.89
2013.05.03 20:11:22.308,1.31154,1.31157,1.50,1.77
2013.05.03 20:11:22.427,1.31154,1.31158,2.25,2.25
2013.05.03 20:11:23.434,1.31154,1.31159,2.25,1.88
2013.05.03 20:11:24.138,1.31154,1.31159,2.25,3.38
2013.05.03 20:11:24.678,1.31153,1.31157,2.63,1.88
2013.05.03 20:11:26.118,1.31154,1.31157,1.50,1.88
2013.05.03 20:11:33.741,1.31154,1.31157,1.50,1.88
2013.05.03 20:11:37.736,1.31154,1.31157,2.25,1.50
2013.05.03 20:11:44.760,1.31153,1.31157,2.63,1.50
2013.05.03 20:11:55.486,1.31153,1.31155,1.88,1.50
2013.05.03 20:11:57.507,1.31153,1.31155,1.88,1.50
2013.05.03 20:11:59.238,1.31153,1.31155,2.25,1.50
2013.05.03 20:11:59.657,1.31154,1.31157,1.50,1.50
2013.05.03 20:12:00.617,1.31152,1.31157,1.50,2.63
2013.05.03 20:12:01.978,1.31151,1.31155,2.25,1.50
2013.05.03 20:12:02.039,1.31151,1.31154,1.50,1.50
2013.05.03 20:12:02.580,1.3115,1.31154,1.50,3.83
2013.05.03 20:12:05.469,1.31149,1.31153,1.50,1.50
2013.05.03 20:12:05.998,1.3115,1.31154,3.00,1.88
2013.05.03 20:12:06.868,1.3115,1.31154,3.00,1.50
2013.05.03 20:12:10.152,1.3115,1.31154,2.25,1.50
2013.05.03 20:12:10.911,1.3115,1.31154,3.00,1.50
2013.05.03 20:12:12.408,1.31153,1.31155,3.00,1.13
2013.05.03 20:12:13.178,1.31154,1.31157,1.50,1.88
2013.05.03 20:12:24.588,1.31155,1.31159,4.13,3.00
2013.05.03 20:12:24.918,1.31159,1.31162,1.13,1.50
2013.05.03 20:12:25.098,1.31157,1.31161,1.50,1.50
2013.05.03 20:12:25.218,1.31157,1.31162,1.50,1.50
2013.05.03 20:12:25.757,1.31157,1.31163,2.25,3.00
2013.05.03 20:12:26.847,1.31157,1.31163,2.25,3.00
2013.05.03 20:12:32.122,1.31157,1.31163,3.00,2.25
2013.05.03 20:12:32.428,1.3116,1.31165,2.63,1.50
2013.05.03 20:12:37.647,1.31163,1.31167,1.88,3.38
2013.05.03 20:12:37.767,1.31164,1.31168,1.50,1.58
2013.05.03 20:12:40.019,1.31164,1.31167,1.50,1.50
2013.05.03 20:12:40.538,1.31162,1.31167,2.25,2.25
2013.05.03 20:12:41.657,1.31162,1.31167,1.50,2.25
2013.05.03 20:12:48.778,1.31161,1.31166,3.75,1.50
2013.05.03 20:12:48.959,1.31161,1.31165,2.25,1.50
2013.05.03 20:12:49.020,1.3116,1.31163,1.50,1.50
2013.05.03 20:12:49.599,1.31159,1.31163,1.13,1.50
2013.05.03 20:12:51.277,1.31158,1.31164,1.50,1.50
2013.05.03 20:12:51.398,1.31158,1.31165,1.50,4.50
2013.05.03 20:12:51.818,1.31162,1.31166,3.00,2.25
2013.05.03 20:12:52.358,1.31164,1.31167,1.50,1.50
2013.05.03 20:12:54.628,1.31163,1.31166,2.25,1.50
2013.05.03 20:12:54.928,1.3116,1.31164,2.25,3.08
2013.05.03 20:12:55.789,1.3116,1.31164,1.50,3.19
2013.05.03 20:12:58.037,1.3116,1.31163,1.50,1.50
2013.05.03 20:12:58.569,1.31159,1.31164,2.33,3.00
2013.05.03 20:12:59.093,1.31159,1.31164,1.58,3.00
2013.05.03 20:13:03.437,1.3116,1.31164,1.50,2.25
2013.05.03 20:13:04.065,1.3116,1.31164,2.25,1.50
2013.05.03 20:13:10.077,1.3116,1.31164,1.50,2.25
2013.05.03 20:13:11.158,1.3116,1.31164,1.50,2.25
2013.05.03 20:13:12.658,1.3116,1.31165,2.70,3.00
2013.05.03 20:13:14.027,1.3116,1.31165,1.20,2.25
2013.05.03 20:13:22.057,1.31161,1.31165,1.50,2.25
2013.05.03 20:13:49.537,1.31161,1.31166,3.00,2.25
2013.05.03 20:13:51.748,1.31161,1.31166,3.00,3.00
2013.05.03 20:13:51.938,1.31157,1.31161,1.50,1.50
2013.05.03 20:13:52.533,1.31156,1.31161,2.25,1.50
2013.05.03 20:13:56.500,1.31156,1.31161,2.33,1.50
2013.05.03 20:13:56.628,1.31156,1.31161,1.50,1.50
2013.05.03 20:13:56.987,1.31159,1.31163,1.50,1.50
2013.05.03 20:14:00.747,1.3116,1.31164,2.25,5.10
2013.05.03 20:14:16.928,1.31159,1.31163,1.50,1.50
2013.05.03 20:14:19.277,1.31159,1.31163,1.50,2.25
2013.05.03 20:14:21.398,1.31158,1.31162,2.33,1.50
2013.05.03 20:14:21.758,1.31158,1.31161,1.50,1.50
2013.05.03 20:14:21.817,1.31157,1.31162,1.50,4.20
2013.05.03 20:14:22.322,1.31157,1.31162,1.50,2.70
2013.05.03 20:14:33.659,1.31156,1.31161,1.50,3.00
2013.05.03 20:14:34.179,1.31156,1.31161,1.50,2.25
2013.05.03 20:14:36.849,1.31159,1.31162,1.50,1.50
2013.05.03 20:14:37.148,1.3116,1.31164,1.50,3.00
2013.05.03 20:14:38.733,1.31159,1.31164,2.25,5.10
2013.05.03 20:14:38.872,1.31157,1.31162,1.50,1.95
2013.05.03 20:14:39.761,1.31156,1.31162,1.50,1.95
2013.05.03 20:14:40.137,1.31155,1.31162,3.75,1.58
2013.05.03 20:14:40.257,1.31155,1.31163,6.00,2.33
2013.05.03 20:14:40.559,1.31162,1.31164,1.88,1.50
2013.05.03 20:14:41.481,1.31159,1.31161,2.25,2.25
2013.05.03 20:14:41.609,1.31154,1.3116,4.13,8.25
2013.05.03 20:14:41.910,1.31154,1.31156,1.50,1.13
2013.05.03 20:14:49.378,1.31154,1.31157,1.50,1.50
2013.05.03 20:14:49.679,1.3115,1.31152,1.50,1.13
2013.05.03 20:14:50.040,1.31148,1.31152,1.50,2.25
2013.05.03 20:14:50.108,1.31147,1.31152,3.75,3.10
2013.05.03 20:14:50.169,1.31148,1.31152,1.50,1.50
2013.05.03 20:14:50.732,1.31148,1.31152,3.00,1.13
2013.05.03 20:14:51.288,1.3115,1.31153,1.50,1.13
2013.05.03 20:14:53.130,1.3115,1.31154,4.50,3.08
2013.05.03 20:14:53.677,1.31151,1.31155,1.50,1.13
2013.05.03 20:14:54.009,1.31153,1.31157,1.50,1.88
2013.05.03 20:14:54.547,1.31152,1.31157,2.25,2.63
2013.05.03 20:14:55.837,1.31152,1.31157,3.00,2.63
2013.05.03 20:14:56.259,1.31154,1.31159,2.25,2.25
2013.05.03 20:14:56.807,1.31155,1.31159,1.50,2.63
2013.05.03 20:14:57.940,1.31154,1.31158,2.25,1.50
2013.05.03 20:15:00.608,1.31154,1.31157,1.50,1.88
2013.05.03 20:15:06.388,1.31155,1.31157,1.50,1.13
2013.05.03 20:15:06.938,1.31155,1.31158,1.50,1.13
2013.05.03 20:15:11.978,1.31154,1.31159,2.25,2.70
2013.05.03 20:15:16.288,1.31154,1.31159,2.25,3.45
2013.05.03 20:15:24.878,1.31155,1.31159,1.50,2.70
2013.05.03 20:15:29.230,1.31156,1.31159,1.50,1.13
2013.05.03 20:15:29.537,1.31155,1.3116,2.33,2.25
2013.05.03 20:15:39.838,1.31155,1.3116,3.45,2.25
2013.05.03 20:15:40.442,1.31155,1.3116,4.80,2.25
2013.05.03 20:15:41.012,1.31156,1.31161,2.25,1.50
2013.05.03 20:15:49.460,1.31158,1.31163,1.50,3.08
2013.05.03 20:15:49.998,1.31159,1.31163,1.35,1.50
2013.05.03 20:15:52.588,1.31159,1.31163,1.35,1.50
2013.05.03 20:16:07.900,1.31161,1.31164,2.33,1.50
2013.05.03 20:16:08.209,1.31163,1.31167,3.00,1.50
2013.05.03 20:16:08.754,1.31162,1.31166,2.43,1.50
2013.05.03 20:16:09.319,1.31162,1.31168,1.68,1.13
2013.05.03 20:16:09.880,1.31162,1.31167,2.33,1.50
2013.05.03 20:16:12.748,1.31162,1.31167,2.33,2.25
2013.05.03 20:16:13.330,1.31161,1.31166,2.33,2.25
2013.05.03 20:16:14.438,1.31163,1.31168,3.00,1.50
2013.05.03 20:16:17.019,1.31163,1.31168,2.25,2.63
2013.05.03 20:16:21.591,1.31163,1.31167,2.63,1.50
2013.05.03 20:16:22.116,1.31163,1.31168,1.88,1.50
2013.05.03 20:16:22.668,1.31163,1.31168,1.88,1.50
2013.05.03 20:16:23.188,1.31163,1.31168,1.13,1.50
2013.05.03 20:16:23.428,1.31162,1.31165,1.58,2.25
2013.05.03 20:16:23.968,1.31162,1.31165,1.58,2.25
2013.05.03 20:16:24.498,1.31162,1.31165,1.58,2.25
2013.05.03 20:16:25.072,1.31164,1.3117,1.50,2.25
2013.05.03 20:16:25.628,1.31164,1.31169,3.00,1.50
2013.05.03 20:16:28.518,1.31164,1.31168,3.00,1.50
2013.05.03 20:16:28.758,1.31164,1.31169,3.00,1.50
2013.05.03 20:16:36.647,1.31164,1.31169,2.25,1.50
2013.05.03 20:16:44.657,1.31164,1.31169,1.50,2.25
2013.05.03 20:16:58.588,1.31165,1.3117,1.50,3.00
2013.05.03 20:17:00.980,1.31165,1.3117,2.25,2.25
2013.05.03 20:17:01.538,1.31165,1.3117,1.50,2.25
2013.05.03 20:17:03.788,1.31167,1.31171,1.50,1.50
2013.05.03 20:17:03.968,1.31167,1.31172,3.83,1.50
2013.05.03 20:17:13.957,1.31168,1.31173,3.08,2.25
2013.05.03 20:17:14.210,1.3117,1.31177,2.33,3.19
2013.05.03 20:17:14.279,1.3117,1.31176,2.25,1.50
2013.05.03 20:17:14.983,1.3117,1.31177,1.88,2.25
2013.05.03 20:17:15.488,1.31171,1.31177,3.75,1.50
2013.05.03 20:17:20.978,1.31173,1.31178,3.00,1.50
2013.05.03 20:17:21.398,1.31174,1.31181,3.75,1.88
2013.05.03 20:17:21.459,1.31174,1.31179,4.50,1.13
2013.05.03 20:17:44.008,1.31177,1.31182,1.50,1.50
2013.05.03 20:17:56.897,1.31178,1.31182,1.13,1.50
2013.05.03 20:17:57.388,1.31178,1.31184,2.25,1.50
2013.05.03 20:17:57.898,1.31179,1.31184,4.13,1.50
2013.05.03 20:17:58.439,1.31179,1.31184,3.38,1.50
2013.05.03 20:17:58.499,1.31181,1.31186,2.25,2.63
2013.05.03 20:18:00.649,1.31182,1.31187,2.25,2.25
2013.05.03 20:18:01.009,1.31184,1.31191,2.33,3.57
2013.05.03 20:18:01.139,1.31189,1.31195,3.23,3.38
2013.05.03 20:18:01.201,1.31189,1.31195,3.23,2.25
2013.05.03 20:18:01.747,1.3119,1.31195,2.67,2.25
2013.05.03 20:18:02.259,1.3119,1.31195,2.67,2.25
2013.05.03 20:18:02.868,1.3119,1.31195,2.29,3.00
2013.05.03 20:18:02.929,1.3119,1.31194,1.50,1.50
2013.05.03 20:18:07.957,1.3119,1.31193,1.13,2.25
2013.05.03 20:18:08.079,1.3119,1.31192,1.13,1.50
2013.05.03 20:18:08.200,1.31186,1.31191,2.63,2.25
2013.05.03 20:18:08.269,1.31186,1.3119,1.13,2.25
2013.05.03 20:18:13.138,1.31185,1.31189,1.50,1.50
2013.05.03 20:18:13.642,1.31185,1.31189,1.50,1.50
2013.05.03 20:18:14.188,1.31183,1.31188,3.00,1.50
2013.05.03 20:18:15.908,1.31181,1.31187,4.13,1.50
2013.05.03 20:18:15.968,1.31181,1.31187,4.13,2.25
2013.05.03 20:18:16.508,1.31181,1.31186,1.13,3.75
2013.05.03 20:18:16.689,1.31182,1.31186,1.50,2.25
2013.05.03 20:18:16.988,1.31181,1.31187,1.88,2.25
2013.05.03 20:18:17.528,1.31181,1.31186,1.88,1.50
2013.05.03 20:18:17.688,1.3118,1.31183,2.25,1.35
2013.05.03 20:18:17.810,1.31181,1.31186,1.88,2.85
2013.05.03 20:18:18.001,1.31182,1.31187,3.00,1.50
2013.05.03 20:18:18.548,1.31182,1.31187,2.25,2.25
2013.05.03 20:18:19.298,1.31182,1.31188,3.75,1.50
2013.05.03 20:18:19.778,1.31184,1.31189,1.50,1.88
2013.05.03 20:18:23.658,1.31182,1.31187,3.00,1.50
2013.05.03 20:18:24.363,1.31182,1.31187,1.50,1.50
2013.05.03 20:18:24.669,1.31184,1.31189,1.50,1.50
2013.05.03 20:18:24.789,1.31182,1.31187,1.50,2.25
2013.05.03 20:18:25.337,1.31181,1.31187,2.63,1.50
2013.05.03 20:18:27.588,1.31181,1.31187,1.88,2.25
2013.05.03 20:18:28.291,1.31181,1.31187,1.88,2.25
2013.05.03 20:18:28.848,1.31181,1.31187,3.38,1.50
2013.05.03 20:18:30.688,1.31181,1.31187,3.38,1.88
2013.05.03 20:18:32.406,1.31181,1.31187,4.50,1.50
2013.05.03 20:18:32.928,1.31181,1.31186,3.38,3.00
2013.05.03 20:18:33.468,1.3118,1.31186,3.38,1.50
2013.05.03 20:18:34.408,1.31181,1.31188,2.25,1.88
2013.05.03 20:18:34.920,1.31181,1.31187,2.25,2.25
2013.05.03 20:18:35.228,1.31183,1.31188,1.50,1.13
2013.05.03 20:18:36.198,1.31184,1.31188,1.50,1.13
2013.05.03 20:18:36.788,1.31181,1.31187,2.25,1.50
2013.05.03 20:18:37.579,1.31182,1.31187,1.50,1.50
2013.05.03 20:18:38.247,1.31181,1.31187,2.25,2.25
2013.05.03 20:18:38.788,1.31181,1.31187,2.25,2.25
2013.05.03 20:18:40.908,1.31181,1.31185,1.50,1.32
2013.05.03 20:18:41.211,1.31178,1.31182,2.25,2.25
2013.05.03 20:18:41.459,1.31177,1.31182,1.50,1.50
2013.05.03 20:18:42.089,1.31177,1.31182,1.50,7.88
2013.05.03 20:18:42.838,1.31177,1.31182,1.50,1.50
2013.05.03 20:18:43.208,1.31178,1.31184,3.00,5.63
2013.05.03 20:18:54.730,1.3118,1.31184,1.50,2.25
2013.05.03 20:18:55.275,1.3118,1.31185,2.25,3.75
2013.05.03 20:18:57.768,1.31179,1.31184,1.50,1.50
2013.05.03 20:18:58.281,1.31178,1.31184,2.25,3.00
2013.05.03 20:19:00.188,1.3118,1.31185,1.50,5.25
2013.05.03 20:19:00.698,1.3118,1.31184,2.25,1.50
2013.05.03 20:19:01.458,1.3118,1.31185,1.50,8.25
2013.05.03 20:19:05.718,1.31178,1.31184,2.25,1.50
2013.05.03 20:19:08.599,1.31176,1.31183,1.88,3.00
2013.05.03 20:19:09.127,1.31176,1.31182,2.25,1.50
2013.05.03 20:19:11.217,1.31177,1.31183,2.25,4.50
2013.05.03 20:19:11.398,1.31178,1.31184,2.25,4.50
2013.05.03 20:19:12.607,1.31179,1.31184,1.50,1.50
2013.05.03 20:19:14.938,1.31178,1.31184,2.25,2.25
2013.05.03 20:19:15.867,1.31176,1.31182,2.25,4.88
2013.05.03 20:19:15.988,1.31176,1.31181,1.50,1.50
2013.05.03 20:19:16.509,1.31176,1.31181,1.50,1.50
2013.05.03 20:19:22.138,1.31174,1.31177,2.25,5.63
2013.05.03 20:19:22.258,1.31171,1.31174,2.25,2.63
2013.05.03 20:19:22.497,1.31169,1.31174,1.50,2.63
2013.05.03 20:19:22.677,1.31168,1.31176,2.44,5.63
2013.05.03 20:19:22.977,1.31168,1.31175,1.50,1.13
2013.05.03 20:19:23.338,1.31172,1.31176,1.50,5.25
2013.05.03 20:19:23.638,1.31175,1.31181,2.70,4.13
2013.05.03 20:19:23.698,1.31178,1.31181,1.50,2.63
2013.05.03 20:19:24.245,1.31178,1.31182,1.50,1.88
2013.05.03 20:19:25.361,1.31178,1.31182,1.50,1.13
2013.05.03 20:19:26.215,1.31177,1.31182,1.50,2.63
2013.05.03 20:19:26.281,1.31176,1.31181,1.88,1.88
2013.05.03 20:19:29.091,1.31176,1.31179,1.50,1.88
2013.05.03 20:19:29.159,1.31174,1.31178,1.50,1.88
2013.05.03 20:19:29.698,1.31173,1.31178,1.50,1.13
2013.05.03 20:19:30.147,1.31173,1.31178,1.50,1.13
2013.05.03 20:19:30.267,1.31173,1.31178,3.00,1.13
2013.05.03 20:19:31.518,1.31173,1.31178,1.50,1.50
2013.05.03 20:19:31.639,1.3117,1.31173,1.13,2.25
2013.05.03 20:19:31.712,1.31167,1.31171,1.50,2.25
2013.05.03 20:19:31.838,1.31165,1.31168,1.13,1.50
2013.05.03 20:19:32.367,1.31164,1.31168,1.50,3.75
2013.05.03 20:19:33.247,1.31165,1.31168,1.13,3.75
2013.05.03 20:19:33.787,1.31165,1.31168,1.20,1.50
2013.05.03 20:19:35.855,1.31165,1.31168,1.20,1.50
2013.05.03 20:19:35.918,1.31165,1.31167,1.20,1.13
2013.05.03 20:19:36.277,1.31162,1.31168,2.25,2.63
2013.05.03 20:19:36.497,1.31162,1.31166,3.00,1.13
2013.05.03 20:19:38.548,1.31156,1.31162,1.88,1.02
2013.05.03 20:19:38.667,1.31158,1.31163,1.50,1.69
2013.05.03 20:19:39.207,1.31158,1.31162,1.50,1.50
2013.05.03 20:19:39.796,1.31158,1.31162,1.50,1.50
2013.05.03 20:19:40.403,1.31158,1.31162,1.50,1.50
2013.05.03 20:19:41.091,1.31158,1.31164,2.25,1.50
2013.05.03 20:19:41.158,1.31159,1.31165,1.50,5.25
2013.05.03 20:19:41.342,1.3116,1.31165,1.50,2.25
2013.05.03 20:19:41.887,1.3116,1.31166,1.88,1.50
2013.05.03 20:19:43.027,1.3116,1.31166,1.88,1.50
2013.05.03 20:19:43.547,1.3116,1.31166,1.50,1.50
2013.05.03 20:19:47.287,1.3116,1.31166,1.50,1.50
2013.05.03 20:20:15.033,1.31159,1.31164,2.25,1.88
2013.05.03 20:20:15.583,1.31157,1.31163,2.25,1.50
2013.05.03 20:20:27.048,1.31157,1.31163,2.25,2.25
2013.05.03 20:20:27.960,1.31157,1.31162,2.63,1.50
2013.05.03 20:20:28.268,1.3116,1.31165,1.13,2.25
2013.05.03 20:20:29.428,1.31159,1.31165,1.88,2.25
2013.05.03 20:20:29.993,1.31159,1.31164,1.13,1.50
2013.05.03 20:20:35.578,1.31159,1.31161,1.13,1.50
2013.05.03 20:20:35.698,1.31156,1.3116,1.50,3.00
2013.05.03 20:20:35.758,1.31155,1.31158,4.13,2.78
2013.05.03 20:20:35.878,1.31155,1.3116,3.75,1.50
2013.05.03 20:20:36.546,1.31155,1.3116,3.00,1.50
2013.05.03 20:20:37.087,1.31155,1.3116,3.00,2.25
2013.05.03 20:20:37.627,1.31155,1.3116,3.00,2.25
2013.05.03 20:20:38.638,1.31155,1.3116,3.00,2.25
2013.05.03 20:20:41.497,1.31155,1.3116,2.63,2.25
2013.05.03 20:20:43.318,1.31155,1.3116,1.88,4.13
2013.05.03 20:20:43.438,1.31153,1.31157,1.88,1.50
2013.05.03 20:20:43.972,1.31152,1.31157,1.88,1.50
2013.05.03 20:20:46.453,1.31154,1.3116,1.50,3.00
2013.05.03 20:20:46.878,1.31155,1.3116,2.25,1.50
2013.05.03 20:20:50.212,1.31155,1.3116,2.25,3.00
2013.05.03 20:20:50.577,1.31153,1.31158,1.50,1.50
2013.05.03 20:20:55.777,1.31153,1.31159,2.25,2.63
2013.05.03 20:20:57.696,1.31154,1.3116,4.50,2.63
2013.05.03 20:20:58.278,1.31155,1.31161,2.25,1.50
2013.05.03 20:21:09.716,1.31157,1.31162,1.50,1.50
2013.05.03 20:21:10.238,1.31157,1.31161,1.50,1.50
2013.05.03 20:21:24.058,1.31157,1.31161,1.88,2.25
2013.05.03 20:21:25.271,1.31158,1.31163,1.50,3.00
2013.05.03 20:21:25.863,1.31159,1.31164,1.50,2.25
2013.05.03 20:21:31.008,1.31157,1.31162,1.50,1.50
2013.05.03 20:21:31.068,1.31157,1.31162,1.13,1.50
2013.05.03 20:21:32.217,1.31157,1.31161,1.13,1.50
2013.05.03 20:21:40.437,1.31157,1.31163,1.88,2.63
2013.05.03 20:21:40.561,1.31159,1.31163,1.50,1.13
2013.05.03 20:21:40.628,1.3116,1.31165,1.50,4.50
2013.05.03 20:21:41.157,1.3116,1.31165,1.50,4.39
2013.05.03 20:21:41.458,1.31157,1.31161,1.13,1.50
2013.05.03 20:22:01.848,1.31157,1.31163,2.25,3.00
2013.05.03 20:22:04.117,1.31157,1.31161,1.13,1.50
2013.05.03 20:22:26.648,1.31157,1.31161,1.13,1.50
2013.05.03 20:22:29.237,1.31156,1.31161,2.25,1.50
2013.05.03 20:22:41.474,1.31156,1.31161,1.50,1.50
2013.05.03 20:22:53.776,1.31156,1.31162,2.25,1.50
2013.05.03 20:22:54.377,1.31156,1.31162,2.25,1.50
2013.05.03 20:23:00.406,1.31156,1.31162,1.88,1.50
2013.05.03 20:23:07.606,1.31156,1.31162,3.00,1.50
2013.05.03 20:23:12.198,1.31156,1.31162,2.25,1.50
2013.05.03 20:23:15.947,1.31156,1.31163,3.00,2.63
2013.05.03 20:23:47.647,1.31157,1.31163,2.25,2.25
2013.05.03 20:23:49.307,1.31156,1.31163,3.00,2.25
2013.05.03 20:23:54.624,1.31156,1.31162,2.25,1.50
2013.05.03 20:23:54.807,1.31155,1.31159,2.63,1.50
2013.05.03 20:23:54.927,1.31153,1.31159,3.00,1.58
2013.05.03 20:24:04.249,1.31154,1.31159,3.00,1.58
2013.05.03 20:24:04.818,1.31154,1.31159,1.88,1.58
2013.05.03 20:24:25.288,1.31154,1.31159,1.88,1.58
2013.05.03 20:24:28.537,1.31153,1.31158,1.88,1.50
2013.05.03 20:24:37.977,1.31153,1.31159,2.25,1.58
2013.05.03 20:24:40.134,1.31155,1.31159,1.50,1.58
2013.05.03 20:24:40.966,1.31154,1.31159,1.50,2.33
2013.05.03 20:24:49.019,1.31154,1.31159,2.25,1.50
2013.05.03 20:24:54.837,1.31155,1.3116,2.25,5.25
2013.05.03 20:24:58.599,1.31155,1.3116,2.25,3.83
2013.05.03 20:24:59.687,1.31154,1.31158,1.50,1.58
2013.05.03 20:24:59.932,1.31154,1.31159,1.50,1.88
2013.05.03 20:25:00.544,1.31155,1.3116,3.00,1.13
2013.05.03 20:25:06.114,1.31155,1.3116,3.00,1.88
2013.05.03 20:25:07.117,1.31155,1.3116,3.00,1.13
2013.05.03 20:25:26.347,1.31157,1.31161,1.50,2.25
2013.05.03 20:25:26.480,1.31157,1.31162,1.50,1.50
2013.05.03 20:25:27.729,1.31157,1.3116,1.50,1.50
2013.05.03 20:25:35.918,1.31157,1.31163,1.50,2.25
2013.05.03 20:25:36.098,1.31157,1.31163,3.38,2.25
2013.05.03 20:25:36.673,1.31157,1.31163,3.00,2.25
2013.05.03 20:25:37.179,1.31157,1.31163,3.00,2.25
2013.05.03 20:26:07.780,1.31158,1.31163,1.50,1.50
2013.05.03 20:26:08.018,1.31159,1.31165,2.25,1.50
2013.05.03 20:26:08.658,1.3116,1.31166,2.63,3.75
2013.05.03 20:26:08.838,1.3116,1.31164,1.88,1.50
2013.05.03 20:26:09.078,1.31158,1.31163,1.50,1.50
2013.05.03 20:26:22.179,1.31158,1.31165,3.00,1.88
2013.05.03 20:26:22.418,1.3116,1.31166,1.50,2.63
2013.05.03 20:26:22.978,1.3116,1.31166,2.63,3.38
2013.05.03 20:26:23.511,1.3116,1.31166,2.63,3.38
2013.05.03 20:26:30.738,1.3116,1.31166,3.38,3.38
2013.05.03 20:26:32.749,1.31162,1.31166,2.25,2.25
2013.05.03 20:27:03.138,1.31163,1.31166,2.25,2.25
2013.05.03 20:27:17.888,1.31163,1.31167,2.25,3.38
2013.05.03 20:27:34.667,1.31165,1.31169,1.50,1.58
2013.05.03 20:27:34.786,1.31162,1.3117,1.13,2.70
2013.05.03 20:27:52.588,1.31161,1.31169,3.75,1.58
2013.05.03 20:27:53.626,1.31161,1.3117,3.00,4.95
2013.05.03 20:27:58.977,1.31162,1.31169,1.50,1.20
2013.05.03 20:27:59.539,1.31163,1.3117,1.50,1.20
2013.05.03 20:28:08.167,1.31165,1.3117,1.50,2.70
2013.05.03 20:28:08.978,1.31165,1.3117,1.50,2.70
2013.05.03 20:28:14.170,1.31166,1.3117,3.75,1.13
2013.05.03 20:28:14.238,1.31169,1.31175,4.88,2.44
2013.05.03 20:28:14.370,1.31172,1.31176,1.50,1.13
2013.05.03 20:28:14.908,1.31172,1.31176,2.63,2.25
2013.05.03 20:28:16.978,1.3117,1.31174,2.25,1.13
2013.05.03 20:28:17.338,1.3117,1.31176,1.95,5.25
2013.05.03 20:28:17.877,1.31171,1.31176,2.63,3.00
2013.05.03 20:28:18.437,1.31171,1.31176,1.88,1.50
2013.05.03 20:28:20.957,1.31171,1.31175,1.88,1.13
2013.05.03 20:28:21.150,1.31169,1.31175,2.63,4.58
2013.05.03 20:28:21.268,1.31163,1.3117,3.75,2.25
2013.05.03 20:28:21.447,1.3116,1.31166,3.00,4.20
2013.05.03 20:28:22.037,1.3116,1.31165,2.25,1.13
2013.05.03 20:28:22.587,1.3116,1.31166,2.25,4.95
2013.05.03 20:28:23.946,1.3116,1.31166,1.50,4.95
2013.05.03 20:28:27.497,1.3116,1.31165,1.50,2.25
2013.05.03 20:28:28.037,1.3116,1.31166,2.25,5.70
2013.05.03 20:28:28.597,1.3116,1.31166,2.25,5.70
2013.05.03 20:28:29.158,1.3116,1.31165,2.25,2.63
2013.05.03 20:28:29.717,1.31159,1.31165,2.63,2.63
2013.05.03 20:28:31.336,1.31159,1.31165,2.63,1.88
2013.05.03 20:28:33.998,1.31159,1.31165,2.63,2.63
2013.05.03 20:28:36.027,1.31159,1.31165,2.63,2.63
2013.05.03 20:28:36.528,1.31159,1.31163,1.95,1.88
2013.05.03 20:28:36.587,1.31159,1.31163,1.95,1.50
2013.05.03 20:28:36.768,1.31156,1.31161,1.50,1.13
2013.05.03 20:28:37.847,1.31155,1.3116,3.00,1.50
2013.05.03 20:28:44.634,1.31155,1.3116,1.50,2.25
2013.05.03 20:28:44.817,1.31155,1.3116,1.50,2.25
2013.05.03 20:28:53.477,1.31155,1.3116,1.50,2.25
2013.05.03 20:28:54.027,1.31155,1.3116,3.00,2.25
2013.05.03 20:28:54.567,1.31155,1.3116,3.00,1.50
2013.05.03 20:29:05.217,1.31155,1.3116,3.00,1.88
2013.05.03 20:29:05.517,1.31155,1.3116,3.00,1.88
2013.05.03 20:29:11.479,1.31155,1.31161,3.00,1.50
2013.05.03 20:29:11.657,1.31156,1.31162,1.88,1.88
2013.05.03 20:29:15.099,1.31156,1.31162,1.88,2.63
2013.05.03 20:29:18.197,1.31156,1.31162,1.88,2.63
2013.05.03 20:29:18.787,1.31156,1.31162,1.88,3.00
2013.05.03 20:29:19.417,1.31156,1.31162,1.88,2.63
2013.05.03 20:29:21.509,1.31157,1.31162,1.88,1.13
2013.05.03 20:29:22.008,1.31155,1.31161,3.00,2.70
2013.05.03 20:29:22.567,1.31155,1.3116,1.50,1.50
2013.05.03 20:29:23.109,1.31155,1.3116,1.50,1.50
2013.05.03 20:29:24.208,1.31155,1.3116,1.50,1.13
2013.05.03 20:29:24.849,1.31155,1.31161,1.50,3.08
2013.05.03 20:29:28.307,1.31155,1.3116,1.50,1.50
2013.05.03 20:29:28.939,1.31155,1.31161,1.50,2.63
2013.05.03 20:29:34.047,1.31155,1.3116,1.50,2.25
2013.05.03 20:29:34.761,1.31155,1.3116,2.25,2.25
2013.05.03 20:29:39.487,1.31155,1.3116,1.50,2.25
2013.05.03 20:29:40.068,1.31156,1.3116,1.13,2.25
2013.05.03 20:29:51.648,1.31155,1.3116,2.63,1.50
2013.05.03 20:29:52.190,1.31155,1.3116,1.50,3.00
2013.05.03 20:29:52.249,1.31155,1.3116,1.50,2.25
2013.05.03 20:29:52.728,1.31155,1.3116,3.00,2.25
2013.05.03 20:29:53.988,1.31155,1.3116,3.00,2.25
2013.05.03 20:29:54.569,1.31155,1.3116,3.00,2.25
2013.05.03 20:30:07.648,1.31156,1.31159,1.50,1.50
2013.05.03 20:30:07.707,1.31155,1.31159,2.25,2.25
2013.05.03 20:30:52.807,1.31153,1.31159,2.63,1.58
2013.05.03 20:30:52.867,1.31153,1.31159,3.38,1.58
2013.05.03 20:31:07.725,1.31154,1.3116,1.50,1.95
2013.05.03 20:31:16.578,1.31154,1.31158,2.25,2.25
2013.05.03 20:31:17.106,1.31155,1.31158,1.50,1.58
2013.05.03 20:31:17.737,1.31152,1.3116,1.13,1.20
2013.05.03 20:31:18.247,1.31155,1.3116,2.25,1.20
2013.05.03 20:31:35.938,1.31155,1.31161,2.25,2.33
2013.05.03 20:31:51.081,1.31154,1.31156,1.50,1.50
2013.05.03 20:31:52.588,1.31155,1.31159,1.50,1.50
2013.05.03 20:31:52.708,1.31155,1.31161,2.25,3.00
2013.05.03 20:31:54.269,1.31155,1.31161,3.00,1.50
2013.05.03 20:31:54.328,1.31156,1.31164,1.50,1.50
2013.05.03 20:32:02.220,1.31155,1.31163,1.50,1.50
2013.05.03 20:32:02.519,1.31155,1.31161,2.25,3.00
2013.05.03 20:32:02.821,1.31154,1.3116,1.88,1.50
2013.05.03 20:32:05.048,1.31153,1.31159,1.50,1.50
2013.05.03 20:32:05.349,1.31149,1.31155,1.58,1.50
2013.05.03 20:32:05.873,1.31151,1.31157,1.50,3.00
2013.05.03 20:32:08.273,1.3115,1.31157,2.25,1.50
2013.05.03 20:32:08.461,1.31151,1.31162,2.33,1.88
2013.05.03 20:32:08.648,1.31155,1.31162,1.50,1.13
2013.05.03 20:32:09.822,1.31152,1.31164,2.33,3.38
2013.05.03 20:32:09.889,1.31154,1.31165,1.58,3.00
2013.05.03 20:32:10.428,1.31154,1.31166,2.33,4.50
2013.05.03 20:32:22.399,1.31153,1.31163,3.00,1.13
2013.05.03 20:32:22.460,1.31153,1.31162,3.00,1.50
2013.05.03 20:32:23.019,1.31153,1.31162,1.50,3.00
2013.05.03 20:32:24.152,1.31152,1.31161,1.50,1.50
2013.05.03 20:32:24.400,1.31151,1.31159,1.50,1.13
2013.05.03 20:32:24.939,1.31151,1.31159,1.50,1.13
2013.05.03 20:32:28.289,1.3115,1.31159,2.25,1.13
2013.05.03 20:32:28.469,1.31151,1.31159,1.50,1.13
2013.05.03 20:32:31.259,1.31151,1.31159,1.50,1.13
2013.05.03 20:32:31.887,1.3115,1.31158,2.25,1.13
2013.05.03 20:32:32.427,1.3115,1.31158,1.50,1.13
2013.05.03 20:32:32.487,1.31151,1.31158,1.50,1.13
2013.05.03 20:32:33.028,1.31149,1.31158,3.08,1.88
2013.05.03 20:32:33.569,1.31151,1.31159,1.50,1.13
2013.05.03 20:32:34.108,1.31152,1.31159,1.50,1.13
2013.05.03 20:32:36.068,1.31152,1.31159,1.50,1.13
2013.05.03 20:32:36.684,1.31152,1.3116,1.50,2.63
2013.05.03 20:32:36.878,1.31158,1.31162,1.02,1.50
2013.05.03 20:32:37.237,1.3116,1.31165,1.88,1.88
2013.05.03 20:32:38.171,1.3116,1.31165,1.88,2.63
2013.05.03 20:32:45.260,1.3116,1.31165,1.88,2.63
2013.05.03 20:32:48.718,1.3116,1.31165,1.13,2.25
2013.05.03 20:32:49.391,1.3116,1.31165,1.88,2.63
2013.05.03 20:32:57.838,1.3116,1.31165,3.38,1.13
2013.05.03 20:32:58.399,1.31161,1.31166,1.50,1.88
2013.05.03 20:32:59.039,1.31163,1.31166,3.38,1.88
2013.05.03 20:32:59.219,1.31163,1.31165,2.63,1.88
2013.05.03 20:33:00.618,1.31163,1.31165,2.63,2.25
2013.05.03 20:33:01.479,1.3116,1.31164,1.50,1.50
2013.05.03 20:33:01.551,1.31158,1.31166,2.52,1.58
2013.05.03 20:33:01.745,1.31159,1.31164,1.13,1.50
2013.05.03 20:33:02.481,1.3116,1.31165,1.50,3.08
2013.05.03 20:33:02.549,1.31158,1.31165,1.50,3.45
2013.05.03 20:33:02.608,1.31158,1.31164,1.50,1.58
2013.05.03 20:33:02.669,1.31159,1.31162,1.50,1.58
2013.05.03 20:33:02.788,1.31153,1.3116,2.25,1.50
2013.05.03 20:33:03.400,1.31154,1.31162,1.50,2.25
2013.05.03 20:33:04.727,1.31153,1.31164,1.50,1.58
2013.05.03 20:33:05.388,1.31154,1.31162,1.50,1.50
2013.05.03 20:33:30.387,1.31153,1.3116,1.50,1.50
2013.05.03 20:33:34.788,1.31153,1.3116,1.50,1.50
2013.05.03 20:33:35.410,1.31154,1.31162,1.50,1.50
2013.05.03 20:33:46.676,1.31154,1.31161,1.50,1.50
2013.05.03 20:33:50.229,1.31154,1.31162,1.50,1.50
2013.05.03 20:33:52.440,1.31154,1.31161,1.50,1.50
2013.05.03 20:34:12.329,1.31153,1.3116,1.50,3.75
2013.05.03 20:34:12.449,1.31152,1.31159,1.58,1.69
2013.05.03 20:34:12.869,1.31155,1.3116,1.50,2.25
2013.05.03 20:34:13.412,1.31155,1.3116,2.25,1.88
2013.05.03 20:34:13.968,1.31155,1.3116,2.25,1.50
2013.05.03 20:34:14.870,1.31154,1.31159,1.50,1.69
2013.05.03 20:34:15.407,1.31153,1.31157,1.50,1.77
2013.05.03 20:34:22.629,1.31151,1.31157,1.50,3.27
2013.05.03 20:34:36.948,1.3115,1.31157,3.00,1.50
2013.05.03 20:34:43.120,1.3115,1.31155,1.95,1.50
2013.05.03 20:34:43.242,1.3115,1.31155,1.13,1.58
2013.05.03 20:34:43.312,1.31144,1.31155,1.50,2.33
2013.05.03 20:34:55.218,1.31143,1.31153,2.63,1.88
2013.05.03 20:34:55.769,1.31143,1.31151,1.88,1.50
2013.05.03 20:35:01.128,1.31143,1.31153,1.88,1.50
2013.05.03 20:35:04.348,1.31143,1.31152,1.13,1.50
2013.05.03 20:35:07.719,1.31143,1.31148,1.88,1.13
2013.05.03 20:35:08.439,1.31143,1.3115,2.63,2.44
2013.05.03 20:35:19.729,1.31144,1.3115,1.50,1.50
2013.05.03 20:35:20.280,1.31144,1.3115,1.50,1.50
2013.05.03 20:36:08.438,1.3114,1.31151,6.08,2.33
2013.05.03 20:36:11.898,1.3114,1.31149,6.08,2.25
2013.05.03 20:36:12.020,1.3114,1.31149,6.08,3.00
2013.05.03 20:36:12.318,1.31137,1.31147,1.69,2.25
2013.05.03 20:36:38.428,1.31135,1.31143,3.00,1.50
2013.05.03 20:36:38.548,1.31135,1.31142,3.00,1.50
2013.05.03 20:36:39.321,1.31133,1.31142,3.38,2.25
2013.05.03 20:36:40.808,1.31136,1.31142,1.58,2.25
2013.05.03 20:36:41.250,1.31139,1.31145,1.50,2.63
2013.05.03 20:36:42.371,1.31139,1.31145,1.58,2.63
2013.05.03 20:36:44.968,1.3114,1.31145,1.95,1.50
2013.05.03 20:36:45.148,1.31134,1.31145,3.00,1.50
2013.05.03 20:36:54.959,1.31138,1.31145,1.50,1.50
2013.05.03 20:36:55.498,1.31134,1.31145,2.25,1.50
2013.05.03 20:36:57.478,1.31138,1.31145,1.50,1.50
2013.05.03 20:36:57.958,1.31136,1.31145,1.50,3.00
2013.05.03 20:37:12.678,1.31138,1.31147,1.50,1.50
2013.05.03 20:37:12.739,1.3114,1.31147,1.50,1.50
2013.05.03 20:37:15.099,1.31141,1.3115,1.50,2.25
2013.05.03 20:37:15.577,1.31141,1.3115,2.25,1.50
2013.05.03 20:37:16.119,1.31141,1.3115,1.50,1.50
2013.05.03 20:37:16.588,1.31141,1.3115,2.25,1.50
2013.05.03 20:37:16.649,1.31141,1.3115,3.00,1.50
2013.05.03 20:37:17.259,1.31141,1.3115,1.50,1.50
2013.05.03 20:37:18.114,1.31141,1.3115,2.25,1.50
2013.05.03 20:37:18.659,1.31141,1.3115,1.50,1.50
2013.05.03 20:37:18.981,1.3114,1.31143,1.50,2.10
2013.05.03 20:37:19.099,1.31135,1.31139,1.13,2.63
2013.05.03 20:37:19.280,1.3113,1.31139,2.25,2.33
2013.05.03 20:37:19.879,1.31131,1.31138,1.50,1.58
2013.05.03 20:37:20.119,1.3113,1.31139,2.25,1.58
2013.05.03 20:37:20.659,1.3113,1.31138,2.25,1.58
2013.05.03 20:37:21.209,1.31131,1.3114,1.50,5.55
2013.05.03 20:37:21.629,1.3113,1.31138,2.25,1.58
2013.05.03 20:37:22.188,1.3113,1.31138,2.25,1.58
2013.05.03 20:37:22.909,1.31131,1.31138,1.50,1.58
2013.05.03 20:37:23.149,1.3113,1.31138,2.25,2.33
2013.05.03 20:37:23.328,1.3113,1.31138,2.25,1.58
2013.05.03 20:37:26.491,1.3113,1.31137,2.25,1.58
2013.05.03 20:37:27.029,1.3113,1.31138,3.75,1.58
2013.05.03 20:37:27.672,1.3113,1.31138,3.00,1.58
2013.05.03 20:37:28.242,1.3113,1.31138,2.25,1.58
2013.05.03 20:37:29.309,1.3113,1.31138,2.25,1.58
2013.05.03 20:37:29.868,1.3113,1.31138,3.75,1.58
2013.05.03 20:37:30.190,1.31128,1.31142,1.20,4.32
2013.05.03 20:37:30.728,1.31133,1.31149,1.13,2.25
2013.05.03 20:37:30.928,1.31133,1.31149,1.13,1.50
2013.05.03 20:37:31.629,1.31137,1.31149,1.50,2.25
2013.05.03 20:37:43.168,1.31135,1.31147,1.13,1.50
2013.05.03 20:37:43.469,1.31134,1.3114,1.13,1.50
2013.05.03 20:37:44.129,1.31134,1.31142,1.50,1.50
2013.05.03 20:37:47.368,1.31134,1.31142,1.50,1.50
2013.05.03 20:37:47.549,1.31133,1.31142,2.63,1.50
2013.05.03 20:38:13.228,1.31134,1.31142,1.50,1.50
2013.05.03 20:38:13.348,1.31134,1.31142,1.50,1.50
2013.05.03 20:38:14.969,1.31135,1.31142,2.33,1.50
2013.05.03 20:38:15.698,1.31135,1.31143,3.08,1.50
2013.05.03 20:38:18.158,1.31135,1.31142,2.70,1.50
2013.05.03 20:38:18.279,1.31137,1.31142,1.13,2.25
2013.05.03 20:38:47.079,1.31133,1.31141,2.44,1.50
2013.05.03 20:38:56.249,1.31133,1.31142,2.44,2.25
2013.05.03 20:38:58.850,1.31135,1.31142,1.13,1.50
2013.05.03 20:38:59.368,1.31135,1.31144,4.58,1.50
2013.05.03 20:39:00.409,1.31136,1.31144,1.50,1.50
2013.05.03 20:39:00.984,1.31136,1.31144,1.50,1.50
2013.05.03 20:39:01.288,1.31134,1.31142,1.50,2.25
2013.05.03 20:39:01.799,1.31134,1.31142,1.50,1.50
2013.05.03 20:39:02.338,1.31135,1.31143,2.25,2.25
2013.05.03 20:39:15.718,1.31134,1.31142,2.63,2.25
2013.05.03 20:39:17.072,1.31134,1.3114,1.13,1.50
2013.05.03 20:39:22.819,1.31136,1.31142,1.88,1.50
2013.05.03 20:39:23.118,1.31137,1.31147,1.88,1.50
2013.05.03 20:39:23.628,1.31137,1.31147,1.88,1.50
2013.05.03 20:39:23.828,1.31137,1.31149,1.58,1.58
2013.05.03 20:39:24.008,1.31137,1.31147,2.25,1.50
2013.05.03 20:39:26.319,1.31137,1.31145,1.50,1.58
2013.05.03 20:39:26.499,1.31137,1.31145,2.25,1.13
2013.05.03 20:39:27.043,1.31138,1.31147,1.50,1.50
2013.05.03 20:39:54.929,1.31137,1.31147,1.50,1.50
2013.05.03 20:39:58.831,1.31139,1.31149,1.50,1.50
2013.05.03 20:39:59.139,1.31145,1.31151,1.50,1.50
2013.05.03 20:39:59.198,1.31147,1.31155,1.50,2.33
2013.05.03 20:40:04.036,1.31147,1.31153,1.50,1.58
2013.05.03 20:40:04.598,1.31147,1.31153,1.50,1.58
2013.05.03 20:40:04.839,1.31142,1.31151,1.50,1.95
2013.05.03 20:40:04.898,1.31142,1.31151,1.50,1.20
2013.05.03 20:40:04.960,1.31143,1.31151,1.50,1.58
2013.05.03 20:40:05.079,1.31145,1.31151,1.50,1.58
2013.05.03 20:40:05.260,1.31145,1.31154,2.25,1.58
2013.05.03 20:40:05.768,1.31146,1.31154,1.50,1.58
2013.05.03 20:40:06.330,1.31145,1.31152,2.25,1.58
2013.05.03 20:40:10.437,1.31145,1.31152,2.25,1.58
2013.05.03 20:40:12.239,1.31145,1.31151,2.25,1.13
2013.05.03 20:40:12.598,1.31142,1.31146,2.25,1.39
2013.05.03 20:40:13.270,1.31142,1.31146,2.25,1.39
2013.05.03 20:40:13.809,1.31142,1.31146,2.25,1.02
2013.05.03 20:40:15.239,1.31142,1.31146,1.50,1.58
2013.05.03 20:40:17.981,1.31141,1.31146,1.50,1.58
2013.05.03 20:40:20.709,1.31141,1.31145,1.50,1.58
2013.05.03 20:40:20.831,1.3114,1.31145,2.25,1.58
2013.05.03 20:40:21.339,1.31138,1.31144,1.50,2.33
2013.05.03 20:40:39.341,1.31137,1.31142,1.50,1.69
2013.05.03 20:40:39.401,1.3114,1.31147,1.50,1.13
2013.05.03 20:40:39.529,1.3114,1.31149,1.50,1.20
2013.05.03 20:40:42.429,1.3114,1.31149,1.50,1.58
2013.05.03 20:40:44.320,1.31142,1.31149,1.50,3.08
2013.05.03 20:40:44.650,1.31141,1.31145,1.50,1.50
2013.05.03 20:40:44.768,1.31135,1.31145,3.75,2.33
2013.05.03 20:40:44.828,1.31135,1.31146,3.75,2.33
2013.05.03 20:40:44.949,1.31136,1.31141,2.25,2.25
2013.05.03 20:40:45.520,1.31134,1.31139,1.50,1.20
2013.05.03 20:40:46.799,1.31134,1.31139,1.58,2.63
2013.05.03 20:40:46.919,1.31134,1.3114,1.95,1.13
2013.05.03 20:40:46.979,1.31135,1.31146,1.95,2.63
2013.05.03 20:40:47.218,1.31137,1.31147,1.50,1.13
2013.05.03 20:40:47.888,1.31136,1.31147,1.50,1.13
2013.05.03 20:40:48.428,1.31136,1.31147,1.50,1.88
2013.05.03 20:40:50.299,1.31137,1.31148,1.50,2.25
2013.05.03 20:40:50.848,1.31136,1.31148,1.50,1.13
2013.05.03 20:40:51.379,1.31136,1.31147,1.50,1.50
2013.05.03 20:40:51.960,1.31136,1.31147,1.50,1.50
2013.05.03 20:40:53.579,1.31135,1.31147,4.13,2.63
2013.05.03 20:40:54.720,1.31136,1.31147,1.50,1.88
2013.05.03 20:40:55.438,1.31135,1.31147,4.13,2.63
2013.05.03 20:40:55.948,1.31136,1.31147,2.25,1.13
2013.05.03 20:40:56.540,1.31135,1.31146,3.38,1.13
2013.05.03 20:40:57.088,1.31136,1.31146,1.50,1.88
2013.05.03 20:40:57.389,1.31135,1.31143,1.13,1.58
2013.05.03 20:40:59.629,1.31133,1.3114,2.25,3.08
2013.05.03 20:41:04.389,1.31135,1.3114,2.25,1.58
2013.05.03 20:41:08.648,1.31133,1.31138,1.50,1.50
2013.05.03 20:41:09.139,1.31134,1.3114,1.50,2.25
2013.05.03 20:41:09.330,1.31138,1.31143,1.50,2.25
2013.05.03 20:41:09.402,1.3114,1.31147,1.58,1.13
2013.05.03 20:41:09.461,1.31138,1.31147,1.58,1.13
2013.05.03 20:41:10.013,1.31144,1.31149,1.50,1.50
2013.05.03 20:41:10.909,1.31147,1.31151,1.50,1.20
2013.05.03 20:41:11.449,1.31144,1.3115,1.50,3.00
2013.05.03 20:41:13.919,1.31142,1.31149,1.50,1.50
2013.05.03 20:41:16.293,1.31143,1.31148,1.50,3.75
2013.05.03 20:41:16.358,1.3114,1.31145,1.50,3.75
2013.05.03 20:41:16.539,1.31135,1.31143,3.57,1.50
2013.05.03 20:41:16.602,1.31137,1.31145,1.50,1.95
2013.05.03 20:41:16.668,1.31137,1.31143,1.50,1.50
2013.05.03 20:41:16.789,1.31136,1.31145,2.82,1.20
2013.05.03 20:41:17.329,1.31139,1.31146,2.33,1.50
2013.05.03 20:41:19.843,1.31139,1.31146,3.08,1.50
2013.05.03 20:41:20.089,1.31141,1.31148,1.50,1.50
2013.05.03 20:41:22.640,1.31141,1.31148,1.50,1.50
2013.05.03 20:41:23.819,1.31142,1.31149,1.50,1.58
2013.05.03 20:41:24.359,1.31142,1.31148,1.50,1.58
2013.05.03 20:41:25.767,1.31142,1.3115,1.50,1.50
2013.05.03 20:41:25.840,1.31142,1.31152,1.50,3.00
2013.05.03 20:41:26.389,1.31143,1.31153,1.50,1.50
2013.05.03 20:41:26.971,1.31144,1.31153,1.50,1.50
2013.05.03 20:41:28.680,1.31144,1.31154,1.50,1.50
2013.05.03 20:41:28.799,1.31144,1.31155,1.50,2.85
2013.05.03 20:41:28.978,1.31144,1.31156,3.00,1.13
2013.05.03 20:41:29.808,1.31144,1.31157,2.25,3.19
2013.05.03 20:41:29.929,1.31146,1.31156,1.50,2.44
2013.05.03 20:41:30.437,1.31147,1.31156,1.50,1.50
2013.05.03 20:41:30.738,1.31149,1.31156,1.50,2.44
2013.05.03 20:41:30.980,1.31149,1.31159,1.50,2.25
2013.05.03 20:41:31.488,1.31155,1.31165,1.50,4.13
2013.05.03 20:41:34.449,1.31153,1.31165,2.25,4.13
2013.05.03 20:41:34.629,1.3115,1.31159,3.75,1.95
2013.05.03 20:41:37.460,1.31151,1.31159,1.50,1.88
2013.05.03 20:41:37.579,1.31149,1.31157,1.50,1.50
2013.05.03 20:41:42.339,1.3115,1.31158,3.38,1.13
2013.05.03 20:41:42.758,1.3115,1.31158,2.70,1.50
2013.05.03 20:41:43.279,1.31149,1.31155,2.25,1.50
2013.05.03 20:41:43.949,1.31146,1.31155,1.50,3.00
2013.05.03 20:41:44.979,1.31146,1.31155,1.50,3.38
2013.05.03 20:41:45.580,1.31146,1.31155,1.50,1.13
2013.05.03 20:41:49.430,1.31146,1.31154,2.25,1.50
2013.05.03 20:41:49.729,1.31146,1.31157,1.50,2.25
2013.05.03 20:41:49.919,1.31146,1.31157,1.50,3.00
2013.05.03 20:41:50.439,1.31146,1.31154,1.50,1.50
2013.05.03 20:41:55.740,1.31145,1.31154,1.50,1.50
2013.05.03 20:41:55.979,1.31144,1.31155,2.25,3.83
2013.05.03 20:41:58.080,1.31145,1.31155,1.50,2.25
2013.05.03 20:41:58.622,1.31147,1.31156,1.50,1.88
2013.05.03 20:41:59.169,1.31145,1.31155,1.50,1.50
2013.05.03 20:42:01.129,1.31144,1.31153,1.58,1.50
2013.05.03 20:42:04.308,1.31143,1.31155,1.58,1.88
2013.05.03 20:42:04.550,1.31144,1.31154,1.58,1.50
2013.05.03 20:42:04.609,1.31144,1.31155,3.08,1.50
2013.05.03 20:42:06.039,1.31145,1.31157,3.00,5.25
2013.05.03 20:42:06.579,1.31145,1.31156,1.50,1.50
2013.05.03 20:42:07.188,1.31146,1.31157,1.50,1.50
2013.05.03 20:42:07.728,1.31146,1.31157,1.50,1.50
2013.05.03 20:42:08.099,1.31145,1.31155,3.00,2.25
2013.05.03 20:42:11.379,1.31145,1.31154,1.50,1.88
2013.05.03 20:42:11.621,1.31144,1.31152,1.50,1.50
2013.05.03 20:42:11.739,1.31144,1.31155,3.00,2.63
2013.05.03 20:42:12.302,1.31144,1.31155,2.25,4.13
2013.05.03 20:42:16.941,1.31144,1.31155,1.50,4.13
2013.05.03 20:42:17.510,1.31142,1.31155,1.50,4.13
2013.05.03 20:42:18.028,1.31144,1.31155,1.50,3.38
2013.05.03 20:42:18.548,1.31142,1.31155,1.50,2.63
2013.05.03 20:42:19.239,1.31148,1.31155,1.58,1.13
2013.05.03 20:42:19.359,1.31148,1.31157,1.58,2.25
2013.05.03 20:42:19.659,1.31149,1.31159,1.58,1.20
2013.05.03 20:42:20.259,1.31152,1.31161,1.50,1.58
2013.05.03 20:42:20.830,1.3115,1.3116,2.25,3.08
2013.05.03 20:42:22.390,1.3115,1.31157,2.25,1.50
2013.05.03 20:42:24.769,1.31151,1.31158,2.33,1.50
2013.05.03 20:42:25.332,1.31152,1.31158,1.50,1.50
2013.05.03 20:42:26.130,1.31152,1.31158,1.50,1.50
2013.05.03 20:42:27.629,1.31152,1.31158,1.50,1.50
2013.05.03 20:42:30.519,1.31152,1.31158,1.50,1.50
2013.05.03 20:42:34.530,1.3115,1.31156,2.33,2.25
2013.05.03 20:42:35.529,1.31149,1.31155,1.58,3.00
2013.05.03 20:42:36.049,1.31148,1.31155,2.33,3.00
2013.05.03 20:42:36.609,1.31149,1.31155,1.58,3.00
2013.05.03 20:42:40.002,1.31149,1.31155,1.58,3.00
2013.05.03 20:42:40.189,1.3115,1.31156,1.58,1.50
2013.05.03 20:42:45.220,1.31152,1.31159,1.50,1.13
2013.05.03 20:42:45.279,1.31153,1.31159,1.50,1.13
2013.05.03 20:42:45.339,1.31153,1.3116,1.58,1.50
2013.05.03 20:42:45.400,1.31155,1.31165,1.50,1.95
2013.05.03 20:42:45.459,1.31155,1.31165,1.95,1.50
2013.05.03 20:42:45.579,1.31162,1.31166,3.75,1.50
2013.05.03 20:42:45.939,1.31163,1.31168,1.13,1.73
2013.05.03 20:42:46.837,1.31163,1.31173,1.13,3.00
2013.05.03 20:42:48.118,1.31163,1.31168,1.13,2.25
2013.05.03 20:42:48.239,1.31159,1.31168,1.50,3.45
2013.05.03 20:42:48.780,1.31163,1.31168,1.50,1.13
2013.05.03 20:42:49.329,1.31163,1.31168,1.88,1.13
2013.05.03 20:42:49.448,1.31163,1.31168,1.50,1.13
2013.05.03 20:43:03.235,1.31163,1.31175,2.63,1.88
2013.05.03 20:43:14.910,1.31163,1.31177,2.63,1.95
2013.05.03 20:43:15.269,1.31167,1.31178,1.50,2.25
2013.05.03 20:43:15.629,1.31162,1.3117,1.88,3.75
2013.05.03 20:43:15.749,1.31162,1.31169,2.25,1.58
2013.05.03 20:43:16.315,1.31162,1.31169,2.25,2.33
2013.05.03 20:43:17.459,1.31164,1.31167,1.13,2.25
2013.05.03 20:43:17.579,1.31159,1.31167,1.50,2.33
2013.05.03 20:43:18.179,1.31161,1.31165,1.13,2.33
2013.05.03 20:43:18.359,1.31161,1.31166,1.13,1.50
2013.05.03 20:43:18.539,1.31163,1.31175,1.13,1.50
2013.05.03 20:43:18.718,1.3116,1.31175,1.13,1.50
2013.05.03 20:43:19.258,1.3116,1.31174,1.13,1.50
2013.05.03 20:43:20.689,1.31162,1.31174,1.13,1.50
2013.05.03 20:43:20.809,1.3116,1.31174,1.13,1.50
2013.05.03 20:43:21.778,1.3116,1.31173,2.63,1.50
2013.05.03 20:43:28.169,1.31161,1.31177,1.13,2.63
2013.05.03 20:43:28.228,1.31159,1.31176,1.13,1.13
2013.05.03 20:43:32.868,1.31156,1.31175,1.13,2.25
2013.05.03 20:43:33.169,1.31161,1.31168,1.50,1.50
2013.05.03 20:43:33.529,1.31161,1.31173,1.50,1.50
2013.05.03 20:43:34.069,1.31161,1.31173,1.50,1.50
2013.05.03 20:43:34.598,1.31161,1.31175,1.50,2.25
2013.05.03 20:43:43.289,1.31162,1.31174,1.50,1.50
2013.05.03 20:43:43.828,1.31161,1.31174,1.50,1.50
2013.05.03 20:43:44.539,1.3116,1.31174,1.50,1.50
2013.05.03 20:43:45.239,1.31158,1.31174,2.44,1.50
2013.05.03 20:43:46.062,1.31159,1.31174,1.50,1.88
2013.05.03 20:43:53.959,1.31161,1.31174,1.50,2.63
2013.05.03 20:43:54.079,1.31159,1.31173,1.50,1.13
2013.05.03 20:43:58.228,1.31158,1.31173,3.00,1.13
2013.05.03 20:44:02.160,1.31162,1.31172,1.13,1.13
2013.05.03 20:44:02.281,1.31162,1.31174,1.88,1.13
2013.05.03 20:44:02.342,1.31163,1.31177,1.13,1.88
2013.05.03 20:44:02.529,1.31163,1.31177,1.13,1.13
2013.05.03 20:44:02.709,1.31163,1.31179,1.13,1.13
2013.05.03 20:44:03.148,1.31162,1.31181,1.58,1.88
2013.05.03 20:44:03.329,1.31168,1.31177,1.58,1.88
2013.05.03 20:44:03.389,1.31168,1.31178,3.08,1.13
2013.05.03 20:44:03.509,1.31169,1.31179,3.08,1.13
2013.05.03 20:44:04.529,1.31172,1.31178,1.50,1.28
2013.05.03 20:44:04.770,1.31175,1.31183,3.45,2.33
2013.05.03 20:44:04.829,1.31175,1.31181,3.45,1.50
2013.05.03 20:44:04.950,1.31176,1.31182,2.25,1.58
2013.05.03 20:44:05.131,1.31176,1.3118,2.25,1.50
2013.05.03 20:44:05.190,1.31176,1.31182,3.00,1.50
2013.05.03 20:44:05.251,1.31176,1.31182,2.25,2.25
2013.05.03 20:44:05.369,1.31176,1.31182,1.50,1.13
2013.05.03 20:44:05.430,1.31165,1.31182,2.07,1.13
2013.05.03 20:44:07.259,1.31175,1.31183,0.75,1.95
2013.05.03 20:44:08.149,1.31165,1.31183,1.13,1.95
2013.05.03 20:44:08.954,1.31175,1.31183,0.75,1.95
2013.05.03 20:44:09.509,1.31165,1.31182,2.25,1.13
2013.05.03 20:44:10.205,1.31175,1.31182,0.75,1.13
2013.05.03 20:44:10.750,1.31168,1.31183,1.13,1.50
2013.05.03 20:44:11.049,1.31168,1.31183,1.13,1.50
2013.05.03 20:44:12.040,1.31173,1.31184,1.13,2.63
2013.05.03 20:44:12.590,1.31173,1.31184,1.13,2.63
2013.05.03 20:44:15.119,1.31168,1.31182,1.50,1.50
2013.05.03 20:44:15.359,1.31168,1.31182,1.50,1.50
2013.05.03 20:44:15.924,1.31168,1.31181,1.50,1.13
2013.05.03 20:44:17.580,1.31168,1.31181,1.50,1.13
2013.05.03 20:44:21.817,1.31168,1.31181,1.50,1.13
2013.05.03 20:44:25.239,1.3117,1.31181,1.50,1.13
2013.05.03 20:44:26.032,1.3117,1.31181,2.25,1.13
2013.05.03 20:44:44.160,1.31174,1.31183,1.50,1.50
2013.05.03 20:44:44.219,1.31174,1.31185,1.50,3.75
2013.05.03 20:44:49.261,1.31174,1.31185,1.50,4.13
2013.05.03 20:44:49.790,1.31173,1.31185,2.63,4.88
2013.05.03 20:44:50.520,1.31175,1.31184,1.50,1.13
2013.05.03 20:44:50.639,1.31173,1.31182,1.13,1.88
2013.05.03 20:44:51.319,1.31171,1.31179,1.50,1.13
2013.05.03 20:44:51.859,1.31171,1.31181,1.50,1.13
2013.05.03 20:44:52.349,1.31171,1.3118,1.50,4.50
2013.05.03 20:44:52.859,1.31171,1.31181,1.50,1.13
2013.05.03 20:44:53.379,1.31171,1.31179,1.50,1.13
2013.05.03 20:44:53.499,1.31171,1.31181,1.50,1.13
2013.05.03 20:44:53.680,1.31171,1.31181,1.50,1.13
2013.05.03 20:44:57.919,1.31171,1.31181,1.50,1.13
2013.05.03 20:44:58.459,1.31171,1.31182,1.50,1.88
2013.05.03 20:44:59.130,1.31171,1.31182,1.50,1.88
2013.05.03 20:44:59.943,1.31171,1.31182,1.50,1.88
2013.05.03 20:45:00.252,1.3117,1.31182,1.88,1.13
2013.05.03 20:45:00.800,1.3117,1.31181,1.13,1.13
2013.05.03 20:45:01.041,1.3117,1.31181,1.13,1.13
2013.05.03 20:45:01.554,1.31167,1.31179,1.50,1.13
2013.05.03 20:45:01.619,1.31165,1.31179,2.07,1.13
2013.05.03 20:45:01.680,1.31167,1.31179,1.50,1.13
2013.05.03 20:45:02.800,1.3117,1.3118,3.00,1.13
2013.05.03 20:45:02.980,1.3117,1.31183,4.69,1.13
2013.05.03 20:45:03.101,1.31173,1.31184,1.50,2.63
2013.05.03 20:45:03.729,1.31175,1.31184,1.50,2.63
2013.05.03 20:45:04.030,1.3117,1.31178,1.50,1.50
2013.05.03 20:45:05.170,1.3117,1.31178,2.25,1.50
2013.05.03 20:45:05.229,1.3117,1.31177,2.25,1.77
2013.05.03 20:45:05.351,1.31163,1.31175,1.50,3.83
2013.05.03 20:45:05.470,1.31162,1.31175,1.50,3.83
2013.05.03 20:45:05.535,1.31162,1.31173,1.50,4.50
2013.05.03 20:45:05.659,1.3116,1.31171,2.25,1.88
2013.05.03 20:45:06.022,1.3116,1.31171,1.58,1.50
2013.05.03 20:45:06.209,1.31165,1.31177,4.88,1.58
2013.05.03 20:45:06.330,1.31165,1.31175,1.88,3.08
2013.05.03 20:45:06.450,1.31161,1.31174,2.07,1.13
2013.05.03 20:45:06.629,1.31161,1.31172,1.69,1.13
2013.05.03 20:45:08.189,1.31161,1.31172,1.32,1.13
2013.05.03 20:45:08.740,1.31161,1.31173,2.07,1.65
2013.05.03 20:45:15.509,1.31162,1.31176,1.50,1.58
2013.05.03 20:45:21.330,1.31161,1.31177,2.44,1.58
2013.05.03 20:45:25.211,1.31162,1.31177,1.50,1.58
2013.05.03 20:45:29.490,1.31161,1.31177,2.32,1.20
2013.05.03 20:45:35.149,1.31163,1.31177,1.13,1.58
2013.05.03 20:45:37.200,1.31163,1.31176,1.13,1.20
2013.05.03 20:45:37.891,1.31163,1.31177,1.13,1.58
2013.05.03 20:45:45.309,1.31163,1.31178,1.13,1.58
2013.05.03 20:45:54.108,1.31163,1.31175,1.13,1.20
2013.05.03 20:45:59.810,1.31162,1.31174,1.88,1.13
2013.05.03 20:46:02.128,1.31164,1.31174,1.50,1.13
2013.05.03 20:46:07.789,1.31164,1.31176,1.50,1.88
2013.05.03 20:46:13.080,1.31163,1.31176,1.13,1.13
2013.05.03 20:46:14.550,1.31164,1.31176,1.50,1.13
2013.05.03 20:46:17.358,1.31163,1.31176,1.13,1.13
2013.05.03 20:46:18.219,1.31164,1.31176,1.50,1.13
2013.05.03 20:46:18.933,1.31163,1.31176,1.13,1.88
2013.05.03 20:46:23.749,1.31163,1.31175,1.13,1.13
2013.05.03 20:46:24.169,1.31161,1.31173,1.13,1.13
2013.05.03 20:46:25.209,1.31161,1.31174,1.13,1.13
2013.05.03 20:46:26.040,1.31162,1.31175,1.13,1.13
2013.05.03 20:46:26.579,1.31161,1.31174,1.13,1.13
2013.05.03 20:46:29.835,1.31162,1.31174,1.13,1.13
2013.05.03 20:46:30.432,1.31161,1.31174,1.13,1.13
2013.05.03 20:46:35.497,1.31161,1.31171,1.13,6.53
2013.05.03 20:46:35.801,1.31156,1.31167,1.65,3.83
2013.05.03 20:46:37.269,1.31157,1.31166,1.13,3.75
2013.05.03 20:46:37.819,1.31157,1.31165,1.50,1.50
2013.05.03 20:46:38.424,1.31157,1.31165,1.50,1.50
2013.05.03 20:46:40.895,1.31157,1.31163,1.50,2.25
2013.05.03 20:46:41.081,1.31157,1.31163,1.50,3.00
2013.05.03 20:46:41.380,1.31157,1.31163,1.50,1.73
2013.05.03 20:46:41.502,1.31155,1.31159,1.13,4.50
2013.05.03 20:46:43.107,1.31153,1.31159,1.50,3.83
2013.05.03 20:46:43.289,1.31154,1.31159,1.13,3.83
2013.05.03 20:46:43.590,1.31156,1.31165,1.28,1.58
2013.05.03 20:46:44.129,1.31156,1.31165,1.65,1.58
2013.05.03 20:46:45.343,1.31156,1.31162,1.65,1.50
2013.05.03 20:46:45.890,1.31156,1.31159,1.65,1.50
2013.05.03 20:46:46.709,1.31155,1.31159,2.25,1.50
2013.05.03 20:46:47.549,1.31156,1.31159,1.65,1.50
2013.05.03 20:46:48.213,1.31156,1.3116,1.65,2.25
2013.05.03 20:46:48.591,1.31158,1.31162,1.13,1.13
2013.05.03 20:46:48.709,1.31157,1.31174,1.50,1.50
2013.05.03 20:46:48.772,1.3116,1.31174,1.13,1.50
2013.05.03 20:46:49.599,1.31163,1.31172,1.13,1.13
2013.05.03 20:46:49.782,1.31163,1.31174,1.13,1.50
2013.05.03 20:46:50.600,1.31163,1.31175,1.13,1.13
2013.05.03 20:46:51.139,1.31161,1.31174,2.07,1.13
2013.05.03 20:46:51.680,1.31161,1.31174,2.07,1.13
2013.05.03 20:46:53.510,1.31163,1.31175,1.13,1.13
2013.05.03 20:46:57.531,1.31163,1.31171,1.13,2.25
2013.05.03 20:46:57.592,1.31165,1.31171,1.50,3.08
2013.05.03 20:46:57.951,1.31165,1.3117,1.65,2.63
2013.05.03 20:46:58.519,1.31158,1.31168,1.13,2.25
2013.05.03 20:46:58.580,1.31158,1.31168,1.13,2.25
2013.05.03 20:46:59.120,1.31158,1.31167,1.13,1.50
2013.05.03 20:47:00.169,1.31158,1.31167,1.13,1.50
2013.05.03 20:47:00.290,1.3116,1.31171,2.25,1.50
2013.05.03 20:47:00.410,1.31163,1.31171,1.13,1.88
2013.05.03 20:47:00.949,1.31161,1.31171,1.13,1.50
2013.05.03 20:47:01.319,1.31165,1.31173,1.28,1.88
2013.05.03 20:47:01.859,1.31166,1.31173,1.65,1.88
2013.05.03 20:47:02.419,1.31166,1.31173,1.65,1.50
2013.05.03 20:47:03.090,1.31166,1.31173,1.62,1.50
2013.05.03 20:47:03.510,1.31163,1.31173,1.13,1.50
2013.05.03 20:47:03.569,1.3116,1.31173,3.00,1.50
2013.05.03 20:47:03.689,1.31161,1.31173,1.50,2.25
2013.05.03 20:47:04.049,1.3116,1.3117,1.50,2.25
2013.05.03 20:47:05.761,1.3116,1.3117,3.00,2.25
2013.05.03 20:47:06.070,1.31164,1.31175,1.50,1.50
2013.05.03 20:47:06.610,1.31163,1.31175,1.88,2.63
2013.05.03 20:47:18.100,1.31165,1.31175,1.13,1.13
2013.05.03 20:47:18.160,1.31165,1.31175,1.32,1.50
2013.05.03 20:47:20.589,1.31165,1.31175,1.32,2.25
2013.05.03 20:47:22.229,1.31168,1.31175,1.50,1.50
2013.05.03 20:47:33.560,1.31166,1.31175,1.50,1.50
2013.05.03 20:47:35.819,1.31167,1.31175,1.50,1.50
2013.05.03 20:47:37.240,1.31166,1.31175,2.07,1.50
2013.05.03 20:47:39.178,1.31167,1.31175,1.50,1.50
2013.05.03 20:47:53.982,1.3117,1.31175,1.50,1.50
2013.05.03 20:47:54.052,1.3117,1.31183,1.88,1.58
2013.05.03 20:47:54.735,1.3117,1.31184,1.88,2.70
2013.05.03 20:47:58.479,1.31172,1.31184,1.50,2.70
2013.05.03 20:47:59.671,1.3117,1.31181,1.88,1.58
2013.05.03 20:47:59.791,1.3117,1.3118,1.13,2.33
2013.05.03 20:48:00.433,1.31169,1.3118,1.50,3.83
2013.05.03 20:48:01.633,1.31166,1.31179,1.13,1.58
2013.05.03 20:48:05.229,1.31166,1.31179,1.13,1.58
2013.05.03 20:48:05.289,1.31168,1.31179,1.50,1.58
2013.05.03 20:48:11.180,1.31166,1.31177,1.13,1.50
2013.05.03 20:48:12.669,1.31168,1.3118,1.50,4.58
2013.05.03 20:48:13.029,1.31168,1.3118,1.50,4.58
2013.05.03 20:48:19.892,1.31168,1.3118,1.50,4.58
2013.05.03 20:48:29.141,1.3117,1.31181,1.50,2.33
2013.05.03 20:48:29.379,1.31168,1.3118,1.50,2.33
2013.05.03 20:48:30.978,1.3117,1.3118,1.50,1.50
2013.05.03 20:48:31.852,1.31167,1.31179,1.50,1.50
2013.05.03 20:48:32.030,1.31169,1.3118,1.13,1.50
2013.05.03 20:48:32.101,1.31169,1.3118,1.13,1.50
2013.05.03 20:48:32.639,1.3117,1.3118,1.50,1.50
2013.05.03 20:48:33.179,1.3117,1.3118,1.50,1.50
2013.05.03 20:48:34.290,1.31166,1.31179,1.13,2.25
2013.05.03 20:48:34.599,1.31166,1.3118,1.13,4.50
2013.05.03 20:48:34.791,1.31166,1.3118,1.88,3.00
2013.05.03 20:48:35.210,1.31165,1.3118,2.25,4.50
2013.05.03 20:48:36.829,1.31166,1.3118,1.13,3.00
2013.05.03 20:48:37.190,1.31167,1.3118,1.13,3.00
2013.05.03 20:48:37.429,1.31167,1.31179,1.13,1.50
2013.05.03 20:48:37.489,1.31167,1.31179,1.13,1.50
2013.05.03 20:48:38.265,1.31167,1.3118,1.13,3.00
2013.05.03 20:48:42.159,1.31169,1.31182,1.50,2.25
2013.05.03 20:48:42.220,1.3117,1.31184,1.50,1.13
2013.05.03 20:48:42.279,1.3117,1.31184,1.50,1.88
2013.05.03 20:48:42.529,1.31178,1.31184,1.50,1.50
2013.05.03 20:48:43.065,1.3118,1.31187,1.50,2.63
2013.05.03 20:48:43.141,1.31177,1.31187,1.50,1.13
2013.05.03 20:48:48.082,1.3118,1.31187,1.50,1.13
2013.05.03 20:48:48.870,1.3118,1.31187,1.50,1.13
2013.05.03 20:48:49.399,1.3118,1.31188,1.50,1.28
2013.05.03 20:48:49.940,1.3118,1.31188,1.50,1.28
2013.05.03 20:48:50.459,1.3118,1.31188,1.50,1.28
2013.05.03 20:48:51.061,1.3118,1.31188,1.50,1.28
2013.05.03 20:48:51.241,1.3118,1.31188,1.50,1.28
2013.05.03 20:48:53.559,1.3118,1.31188,1.50,1.28
2013.05.03 20:48:53.861,1.31185,1.31191,1.50,1.50
2013.05.03 20:48:54.400,1.31185,1.31191,1.50,1.50
2013.05.03 20:48:54.939,1.31185,1.31191,1.50,1.50
2013.05.03 20:48:55.489,1.31185,1.31191,1.50,1.50
2013.05.03 20:48:55.731,1.31185,1.31195,1.50,2.03
2013.05.03 20:48:56.288,1.31185,1.31195,1.50,2.40
2013.05.03 20:48:58.369,1.31185,1.31195,1.88,1.88
2013.05.03 20:48:58.489,1.31185,1.31195,1.88,1.13
2013.05.03 20:48:58.791,1.31187,1.312,1.50,1.13
2013.05.03 20:48:58.980,1.31194,1.31205,1.50,1.13
2013.05.03 20:48:59.041,1.31193,1.31206,1.13,1.50
2013.05.03 20:48:59.100,1.31193,1.31208,1.13,3.05
2013.05.03 20:48:59.740,1.31196,1.31208,1.13,2.33
2013.05.03 20:48:59.921,1.31196,1.31208,1.13,1.58
2013.05.03 20:49:00.460,1.31197,1.31208,1.13,1.20
2013.05.03 20:49:00.759,1.31198,1.31211,1.13,2.25
2013.05.03 20:49:01.659,1.31197,1.31212,1.13,1.50
2013.05.03 20:49:02.202,1.31197,1.31211,1.13,1.50
2013.05.03 20:49:02.749,1.31197,1.3121,1.13,1.50
2013.05.03 20:49:03.353,1.31197,1.3121,1.13,1.50
2013.05.03 20:49:04.049,1.31196,1.31213,1.13,1.13
2013.05.03 20:49:06.480,1.31195,1.31202,1.13,0.75
2013.05.03 20:49:06.660,1.31191,1.31205,2.63,1.50
2013.05.03 20:49:06.841,1.3119,1.31204,1.13,1.50
2013.05.03 20:49:07.380,1.3119,1.31202,1.88,1.50
2013.05.03 20:49:07.799,1.31188,1.31202,1.50,1.13
2013.05.03 20:49:07.861,1.31188,1.31201,1.88,1.50
2013.05.03 20:49:09.212,1.31189,1.31198,1.13,2.25
2013.05.03 20:49:09.750,1.31186,1.31199,1.50,3.00
2013.05.03 20:49:10.460,1.31186,1.31197,1.50,1.50
2013.05.03 20:49:10.521,1.31183,1.3119,1.13,2.63
2013.05.03 20:49:10.642,1.31183,1.31196,1.13,1.13
2013.05.03 20:49:10.699,1.31183,1.312,1.13,1.13
2013.05.03 20:49:11.149,1.31183,1.31198,1.13,1.13
2013.05.03 20:49:11.220,1.31184,1.31201,1.13,1.50
2013.05.03 20:49:11.740,1.31184,1.31201,1.13,1.88
2013.05.03 20:49:12.711,1.31188,1.31206,1.13,1.13
2013.05.03 20:49:13.299,1.31188,1.31206,1.13,1.13
2013.05.03 20:49:13.839,1.31188,1.31206,1.13,1.13
2013.05.03 20:49:14.370,1.31188,1.31206,1.13,1.13
2013.05.03 20:49:15.642,1.31187,1.31205,1.13,1.13
2013.05.03 20:49:16.179,1.31186,1.31204,1.13,1.13
2013.05.03 20:49:16.662,1.31188,1.31206,1.13,1.13
2013.05.03 20:49:17.536,1.3119,1.31207,1.13,2.25
2013.05.03 20:49:17.839,1.31188,1.31206,1.13,1.13
2013.05.03 20:49:18.589,1.31191,1.31207,1.13,3.00
2013.05.03 20:49:19.149,1.31189,1.31207,1.13,2.63
2013.05.03 20:49:19.710,1.3119,1.31207,1.13,2.63
2013.05.03 20:49:20.249,1.3119,1.31207,1.13,2.63
2013.05.03 20:49:23.649,1.31188,1.31205,1.13,1.13
2013.05.03 20:49:24.729,1.31189,1.31207,1.13,2.63
2013.05.03 20:49:25.250,1.31187,1.31205,1.13,1.13
2013.05.03 20:49:25.789,1.31187,1.31204,1.13,1.13
2013.05.03 20:49:26.979,1.31187,1.31204,1.13,1.13
2013.05.03 20:49:31.960,1.31188,1.31205,1.13,1.13
2013.05.03 20:49:33.113,1.31186,1.31204,1.13,1.13
2013.05.03 20:49:34.170,1.31186,1.31204,1.13,1.13
2013.05.03 20:49:34.709,1.31188,1.31205,1.50,1.13
2013.05.03 20:49:35.199,1.31189,1.31206,1.13,1.13
2013.05.03 20:49:36.119,1.31189,1.31207,1.13,2.63
2013.05.03 20:49:36.699,1.31189,1.31207,1.13,2.63
2013.05.03 20:49:37.519,1.31191,1.31207,1.13,2.25
2013.05.03 20:49:38.059,1.31192,1.31207,1.50,2.25
2013.05.03 20:49:39.079,1.31193,1.31207,1.13,2.25
2013.05.03 20:49:39.701,1.31192,1.31207,1.88,2.25
2013.05.03 20:49:41.189,1.3119,1.31207,1.50,6.00
2013.05.03 20:49:41.712,1.31189,1.31205,1.50,1.13
2013.05.03 20:49:42.269,1.31191,1.31207,1.50,2.63
2013.05.03 20:49:43.739,1.31189,1.31207,1.50,2.25
2013.05.03 20:49:43.799,1.31191,1.31207,1.13,2.25
2013.05.03 20:49:45.299,1.3119,1.31205,1.13,1.13
2013.05.03 20:49:45.849,1.3119,1.31207,1.13,2.25
2013.05.03 20:49:46.650,1.3119,1.31207,1.13,2.25
2013.05.03 20:49:47.250,1.3119,1.31207,1.13,1.88
2013.05.03 20:49:48.330,1.31189,1.31207,1.13,1.88
2013.05.03 20:49:48.869,1.31188,1.31206,1.50,1.13
2013.05.03 20:49:50.249,1.31189,1.31206,1.13,1.13
2013.05.03 20:49:50.700,1.31188,1.31207,1.88,2.25
2013.05.03 20:49:51.340,1.31189,1.31206,1.50,1.13
2013.05.03 20:49:51.889,1.3119,1.31207,1.88,1.88
2013.05.03 20:49:56.652,1.3119,1.31207,1.50,2.25
2013.05.03 20:49:57.203,1.3119,1.31207,3.00,2.25
2013.05.03 20:50:00.576,1.3119,1.31207,1.88,2.25
2013.05.03 20:50:00.640,1.31189,1.31206,1.88,1.13
2013.05.03 20:50:01.150,1.31189,1.31205,1.50,1.13
2013.05.03 20:50:01.390,1.31189,1.31205,1.88,1.13
2013.05.03 20:50:01.929,1.31188,1.31204,1.50,1.13
2013.05.03 20:50:02.318,1.31188,1.31204,2.25,1.13
2013.05.03 20:50:03.869,1.31188,1.31204,1.50,1.13
2013.05.03 20:50:04.270,1.31186,1.31205,1.13,1.13
2013.05.03 20:50:04.390,1.31183,1.31198,1.69,1.50
2013.05.03 20:50:04.450,1.31182,1.31195,1.69,1.13
2013.05.03 20:50:04.511,1.31178,1.31193,1.50,1.13
2013.05.03 20:50:04.632,1.31178,1.31196,1.88,1.13
2013.05.03 20:50:06.920,1.31176,1.31194,1.13,1.13
2013.05.03 20:50:08.719,1.31176,1.31194,1.13,1.13
2013.05.03 20:50:09.379,1.31181,1.31195,1.13,1.13
2013.05.03 20:50:10.079,1.31181,1.31195,1.13,1.88
2013.05.03 20:50:10.690,1.31178,1.31195,1.13,1.88
2013.05.03 20:50:12.446,1.31178,1.31195,1.13,1.13
2013.05.03 20:50:12.950,1.31178,1.31194,1.13,1.65
2013.05.03 20:50:13.584,1.31178,1.31195,1.13,3.15
2013.05.03 20:50:14.104,1.31178,1.31194,1.13,1.65
2013.05.03 20:50:14.719,1.31178,1.31195,1.13,3.15
2013.05.03 20:50:15.279,1.31178,1.31194,1.13,1.50
2013.05.03 20:50:15.719,1.31178,1.31194,1.13,1.50
2013.05.03 20:50:15.840,1.31178,1.31194,1.13,2.25
2013.05.03 20:50:18.540,1.31181,1.31195,1.13,1.13
2013.05.03 20:50:19.082,1.31181,1.31195,1.13,1.13
2013.05.03 20:50:19.639,1.31182,1.31197,1.13,1.50
2013.05.03 20:50:21.359,1.31183,1.31197,1.13,1.13
2013.05.03 20:50:21.899,1.31183,1.31197,1.13,1.13
2013.05.03 20:50:22.420,1.31183,1.31197,1.13,1.13
2013.05.03 20:50:24.089,1.31182,1.31199,1.50,1.13
2013.05.03 20:50:25.980,1.31179,1.31196,1.88,1.13
2013.05.03 20:50:26.339,1.3118,1.31192,1.13,1.50
2013.05.03 20:50:26.880,1.31176,1.31192,1.13,1.50
2013.05.03 20:50:27.697,1.31176,1.31192,1.13,2.25
2013.05.03 20:50:28.430,1.31175,1.31192,1.13,1.50
2013.05.03 20:50:28.732,1.3118,1.31192,4.88,1.50
2013.05.03 20:50:29.279,1.31182,1.31192,1.13,1.50
2013.05.03 20:50:30.149,1.3118,1.31192,4.88,1.50
2013.05.03 20:50:30.330,1.31183,1.31192,1.13,1.50
2013.05.03 20:50:31.909,1.31182,1.31195,1.13,2.25
2013.05.03 20:50:32.150,1.31182,1.31195,1.13,2.25
2013.05.03 20:50:32.450,1.31183,1.31195,1.13,2.25
2013.05.03 20:50:33.182,1.31182,1.31195,1.13,2.25
2013.05.03 20:50:33.740,1.31182,1.31194,1.13,1.50
2013.05.03 20:50:33.859,1.31183,1.31196,1.13,1.13
2013.05.03 20:50:33.980,1.31183,1.31199,1.13,1.50
2013.05.03 20:50:34.160,1.31183,1.31197,1.13,2.25
2013.05.03 20:50:34.460,1.31184,1.31197,1.13,1.50
2013.05.03 20:50:34.820,1.31182,1.31197,1.13,1.50
2013.05.03 20:50:35.059,1.31182,1.31197,1.13,1.50
2013.05.03 20:50:35.600,1.31183,1.31196,1.13,1.50
2013.05.03 20:50:35.719,1.31181,1.31196,5.63,1.50
2013.05.03 20:50:36.262,1.3118,1.31196,4.88,2.25
2013.05.03 20:50:36.561,1.31182,1.31196,1.13,1.50
2013.05.03 20:50:36.739,1.31181,1.31196,1.88,2.25
2013.05.03 20:50:36.980,1.31183,1.31196,1.13,1.50
2013.05.03 20:50:37.160,1.31181,1.31196,1.88,2.25
2013.05.03 20:50:37.579,1.31181,1.31195,1.50,1.50
2013.05.03 20:50:37.639,1.31181,1.31196,1.50,2.25
2013.05.03 20:50:38.339,1.3118,1.31195,4.50,1.50
2013.05.03 20:50:38.920,1.3118,1.31196,4.50,2.25
2013.05.03 20:50:39.464,1.3118,1.31197,4.88,1.50
2013.05.03 20:50:41.199,1.3118,1.31196,4.50,1.13
2013.05.03 20:50:41.959,1.3118,1.31197,4.88,1.13
2013.05.03 20:50:43.780,1.3118,1.31198,4.88,1.13
2013.05.03 20:50:43.962,1.3118,1.31196,4.50,1.13
2013.05.03 20:50:48.549,1.3118,1.31197,4.50,1.13
2013.05.03 20:50:48.930,1.3118,1.31198,4.88,1.13
2013.05.03 20:50:49.289,1.3118,1.31198,4.88,1.13
2013.05.03 20:50:49.860,1.3118,1.31198,4.88,1.13
2013.05.03 20:50:54.239,1.3118,1.31198,4.88,1.13
2013.05.03 20:50:54.581,1.3118,1.31198,3.75,1.13
2013.05.03 20:50:54.640,1.3118,1.31198,4.13,1.13
2013.05.03 20:50:55.000,1.3118,1.31197,3.75,1.13
2013.05.03 20:50:55.511,1.3118,1.31197,4.13,1.13
2013.05.03 20:50:56.629,1.31181,1.31199,1.13,1.13
2013.05.03 20:51:00.731,1.31181,1.31197,1.13,1.88
2013.05.03 20:51:01.352,1.3118,1.31194,1.50,1.13
2013.05.03 20:51:02.195,1.3118,1.31193,1.50,1.13
2013.05.03 20:51:02.861,1.3118,1.31194,1.50,1.13
2013.05.03 20:51:04.035,1.3118,1.31194,1.50,1.13
2013.05.03 20:51:06.249,1.3118,1.31196,1.50,1.13
2013.05.03 20:51:06.550,1.3118,1.31194,2.25,1.13
2013.05.03 20:51:06.970,1.3118,1.31196,2.25,1.13
2013.05.03 20:51:07.510,1.3118,1.31195,1.50,1.13
2013.05.03 20:51:09.289,1.3118,1.31195,1.50,1.13
2013.05.03 20:51:09.990,1.3118,1.31196,1.50,1.13
2013.05.03 20:51:10.531,1.3118,1.31198,1.88,1.13
2013.05.03 20:51:16.571,1.31181,1.31198,1.13,1.13
2013.05.03 20:51:25.380,1.3118,1.31195,1.50,1.13
2013.05.03 20:51:25.559,1.31181,1.31197,1.13,1.50
2013.05.03 20:51:26.281,1.31181,1.31198,1.13,1.13
2013.05.03 20:51:29.610,1.3118,1.31197,1.88,1.13
2013.05.03 20:51:31.210,1.3118,1.31195,1.50,1.13
2013.05.03 20:51:31.719,1.3118,1.31196,1.50,1.13
2013.05.03 20:51:32.239,1.3118,1.31198,1.88,1.13
2013.05.03 20:51:33.779,1.3118,1.31198,1.88,1.13
2013.05.03 20:51:34.579,1.31181,1.31199,1.13,1.88
2013.05.03 20:51:36.699,1.31181,1.31198,1.13,1.13
2013.05.03 20:51:37.889,1.31181,1.31197,1.13,1.88
2013.05.03 20:51:38.424,1.3118,1.31187,3.75,1.50
2013.05.03 20:51:38.550,1.31178,1.31194,1.13,1.88
2013.05.03 20:51:38.670,1.3118,1.31195,1.50,1.88
2013.05.03 20:51:41.751,1.3118,1.31195,1.50,2.63
2013.05.03 20:51:42.580,1.31181,1.31197,1.13,1.13
2013.05.03 20:51:43.579,1.31181,1.31197,1.50,1.13
2013.05.03 20:51:44.200,1.31181,1.31197,1.50,1.13
2013.05.03 20:51:47.781,1.3119,1.31197,1.50,1.13
2013.05.03 20:51:47.960,1.31193,1.31207,1.50,1.88
2013.05.03 20:51:48.079,1.3119,1.31207,1.13,1.88
2013.05.03 20:51:48.141,1.31188,1.31204,1.50,1.13
2013.05.03 20:51:48.381,1.3119,1.31207,1.13,2.25
2013.05.03 20:51:48.909,1.3119,1.31207,1.13,2.25
2013.05.03 20:51:49.230,1.3119,1.31207,1.13,1.50
2013.05.03 20:51:50.080,1.31193,1.31207,1.13,1.13
2013.05.03 20:51:50.734,1.31193,1.31207,1.13,1.13
2013.05.03 20:51:52.182,1.31191,1.31207,1.50,2.25
2013.05.03 20:51:52.360,1.3119,1.31207,1.13,2.25
2013.05.03 20:51:52.899,1.31188,1.31206,1.13,1.13
2013.05.03 20:51:53.859,1.31189,1.31206,1.13,1.13
2013.05.03 20:51:54.509,1.31189,1.31206,1.13,1.13
2013.05.03 20:51:54.820,1.31189,1.31206,1.13,1.13
2013.05.03 20:51:56.710,1.31189,1.31204,1.13,2.25
2013.05.03 20:51:57.069,1.31192,1.312,2.25,1.13
2013.05.03 20:51:58.281,1.31185,1.31193,2.25,1.13
2013.05.03 20:52:00.050,1.31183,1.31192,1.88,1.13
2013.05.03 20:52:00.110,1.31183,1.31192,1.13,1.13
2013.05.03 20:52:00.289,1.3118,1.31191,1.13,1.13
2013.05.03 20:52:00.746,1.31177,1.31191,1.13,1.13
2013.05.03 20:52:01.290,1.31178,1.31192,1.13,1.50
2013.05.03 20:52:01.473,1.31184,1.31198,1.13,2.25
2013.05.03 20:52:01.541,1.31183,1.31195,1.50,5.25
2013.05.03 20:52:01.900,1.31179,1.31193,1.50,1.88
2013.05.03 20:52:03.081,1.31179,1.31192,1.50,1.13
2013.05.03 20:52:03.390,1.31185,1.31195,1.13,1.50
2013.05.03 20:52:03.510,1.31185,1.31202,1.13,1.88
2013.05.03 20:52:03.689,1.31185,1.312,1.13,1.50
2013.05.03 20:52:04.239,1.31185,1.31203,1.13,1.88
2013.05.03 20:52:04.419,1.31185,1.31203,1.13,1.88
2013.05.03 20:52:04.959,1.3119,1.31204,1.50,1.13
2013.05.03 20:52:05.460,1.3119,1.31206,1.50,1.13
2013.05.03 20:52:06.574,1.3119,1.31207,1.50,3.38
2013.05.03 20:52:06.900,1.3119,1.31207,1.88,3.38
2013.05.03 20:52:07.672,1.3119,1.31207,1.88,3.00
2013.05.03 20:52:08.031,1.31192,1.31207,1.88,1.13
2013.05.03 20:52:08.149,1.31192,1.31207,1.88,1.88
2013.05.03 20:52:08.668,1.31192,1.31207,1.88,1.13
2013.05.03 20:52:09.200,1.31192,1.31207,1.88,1.88
2013.05.03 20:52:10.160,1.31192,1.31207,1.88,1.88
2013.05.03 20:52:10.399,1.31193,1.31207,1.13,1.13
2013.05.03 20:52:14.010,1.31193,1.31207,1.88,1.88
2013.05.03 20:52:14.718,1.31193,1.31207,1.88,1.88
2013.05.03 20:52:15.263,1.31193,1.31207,1.50,1.88
2013.05.03 20:52:15.890,1.31193,1.31207,1.50,1.88
2013.05.03 20:52:16.670,1.31193,1.31207,1.50,1.88
2013.05.03 20:52:17.689,1.31193,1.31207,1.50,1.88
2013.05.03 20:52:18.169,1.31195,1.31207,1.50,1.13
2013.05.03 20:52:18.911,1.31195,1.31207,1.50,1.88
2013.05.03 20:52:20.089,1.31193,1.31207,1.50,2.25
2013.05.03 20:52:20.210,1.31193,1.31207,1.50,1.88
2013.05.03 20:52:20.750,1.31193,1.31207,1.88,1.13
2013.05.03 20:52:21.049,1.31193,1.31207,1.88,1.88
2013.05.03 20:52:21.601,1.31192,1.31207,1.50,2.25
2013.05.03 20:52:22.149,1.3119,1.31207,4.13,1.13
2013.05.03 20:52:22.740,1.31193,1.31207,1.50,1.88
2013.05.03 20:52:27.800,1.31193,1.31207,1.50,1.88
2013.05.03 20:52:28.374,1.31193,1.31207,1.50,1.88
2013.05.03 20:52:28.723,1.3119,1.31203,3.00,1.13
2013.05.03 20:52:28.911,1.3119,1.312,3.75,1.88
2013.05.03 20:52:29.090,1.3119,1.31207,5.63,2.25
2013.05.03 20:52:29.151,1.31193,1.31207,1.50,2.25
2013.05.03 20:52:29.759,1.31193,1.31207,1.50,1.88
2013.05.03 20:52:30.341,1.31193,1.31207,1.13,1.88
2013.05.03 20:52:30.847,1.31191,1.31206,1.50,1.13
2013.05.03 20:52:38.230,1.31191,1.31207,1.50,3.00
2013.05.03 20:52:38.590,1.31192,1.31205,1.50,1.13
2013.05.03 20:52:38.649,1.31192,1.31207,1.50,3.00
2013.05.03 20:52:39.500,1.31191,1.31207,1.50,3.00
2013.05.03 20:52:40.014,1.31191,1.31206,1.50,1.13
2013.05.03 20:52:40.560,1.31191,1.31205,1.50,1.13
2013.05.03 20:52:40.680,1.31188,1.31202,1.50,1.13
2013.05.03 20:52:43.246,1.31187,1.31201,1.50,1.13
2013.05.03 20:52:43.369,1.31188,1.31203,1.50,1.13
2013.05.03 20:52:50.151,1.31186,1.312,1.50,1.50
2013.05.03 20:52:50.330,1.31183,1.31197,1.13,1.13
2013.05.03 20:52:50.390,1.31181,1.31197,2.25,1.13
2013.05.03 20:52:50.988,1.3118,1.31193,2.25,1.13
2013.05.03 20:52:51.350,1.31178,1.31188,2.25,1.13
2013.05.03 20:52:52.681,1.31178,1.31189,1.50,1.13
2013.05.03 20:52:53.291,1.31176,1.31193,1.13,1.13
2013.05.03 20:52:54.591,1.31185,1.31193,2.25,1.50
2013.05.03 20:52:54.771,1.31185,1.31195,2.25,2.25
2013.05.03 20:52:54.891,1.31186,1.31195,1.13,1.88
2013.05.03 20:52:54.950,1.31186,1.31195,1.13,2.63
2013.05.03 20:52:55.069,1.31185,1.31195,2.25,2.63
2013.05.03 20:52:55.819,1.31185,1.31195,3.00,1.50
2013.05.03 20:52:56.008,1.31185,1.31199,1.13,1.13
2013.05.03 20:52:56.069,1.31185,1.31197,3.00,1.50
2013.05.03 20:52:57.310,1.31185,1.31197,3.00,1.50
2013.05.03 20:52:57.430,1.31184,1.312,1.13,2.63
2013.05.03 20:53:00.320,1.31187,1.31206,1.13,1.13
2013.05.03 20:53:00.440,1.31191,1.31207,1.13,2.63
2013.05.03 20:53:00.969,1.31189,1.31206,1.13,1.13
2013.05.03 20:53:01.580,1.31189,1.31206,1.13,1.13
2013.05.03 20:53:02.139,1.31192,1.31207,1.13,2.63
2013.05.03 20:53:02.649,1.31192,1.31207,1.13,2.63
2013.05.03 20:53:05.459,1.31192,1.31207,1.13,2.63
2013.05.03 20:53:07.651,1.31201,1.31207,1.50,2.25
2013.05.03 20:53:07.771,1.31202,1.31207,1.88,1.88
2013.05.03 20:53:07.830,1.31202,1.31207,1.88,1.88
2013.05.03 20:53:07.950,1.312,1.31207,2.25,2.63
2013.05.03 20:53:08.010,1.31192,1.31207,1.13,2.63
2013.05.03 20:53:10.405,1.31192,1.31207,1.13,1.88
2013.05.03 20:53:10.531,1.31196,1.31207,1.13,1.13
2013.05.03 20:53:11.089,1.31197,1.31207,1.13,1.13
2013.05.03 20:53:12.179,1.31197,1.31207,1.13,1.13
2013.05.03 20:53:12.601,1.31193,1.31207,1.13,1.88
2013.05.03 20:53:13.750,1.31192,1.31207,1.13,1.88
2013.05.03 20:53:14.365,1.31191,1.31207,1.50,1.88
2013.05.03 20:53:14.891,1.31191,1.31207,1.50,1.88
2013.05.03 20:53:15.071,1.31199,1.31207,1.50,1.88
2013.05.03 20:53:15.192,1.31191,1.31207,1.13,2.25
2013.05.03 20:53:15.729,1.31191,1.31207,1.13,2.25
2013.05.03 20:53:16.270,1.31191,1.31207,1.13,2.25
2013.05.03 20:53:16.810,1.31191,1.31207,1.13,2.25
2013.05.03 20:53:17.331,1.31191,1.31207,1.13,6.00
2013.05.03 20:53:17.390,1.31191,1.31207,1.13,6.00
2013.05.03 20:53:17.940,1.31191,1.31207,1.13,2.25
2013.05.03 20:53:18.840,1.31193,1.31207,1.13,1.88
2013.05.03 20:53:19.890,1.31193,1.31207,1.13,1.88
2013.05.03 20:53:21.312,1.31193,1.31207,1.13,1.88
2013.05.03 20:53:21.819,1.31193,1.31207,1.13,1.88
2013.05.03 20:53:23.330,1.31192,1.31207,1.13,2.25
2013.05.03 20:53:24.129,1.31191,1.31207,1.13,2.25
2013.05.03 20:53:29.404,1.3119,1.31207,1.50,2.25
2013.05.03 20:53:29.909,1.31191,1.31206,1.13,1.13
2013.05.03 20:53:31.281,1.3119,1.31206,1.50,1.13
2013.05.03 20:53:31.519,1.31191,1.31206,1.13,1.13
2013.05.03 20:53:33.543,1.31191,1.31207,1.13,1.50
2013.05.03 20:53:34.140,1.31194,1.31207,1.13,1.13
2013.05.03 20:53:35.521,1.31194,1.31207,1.13,1.13
2013.05.03 20:53:36.274,1.31195,1.31207,1.13,1.13
2013.05.03 20:53:37.160,1.31195,1.31207,1.13,1.13
2013.05.03 20:53:37.294,1.31191,1.31207,1.13,2.25
2013.05.03 20:53:40.340,1.3119,1.31207,3.75,1.50
2013.05.03 20:53:40.399,1.31194,1.31207,1.13,1.88
2013.05.03 20:53:41.290,1.31194,1.31207,1.13,1.13
2013.05.03 20:53:42.379,1.31195,1.31207,1.13,1.13
2013.05.03 20:53:44.340,1.31193,1.31207,5.25,1.50
2013.05.03 20:53:44.849,1.31194,1.31207,1.13,1.13
2013.05.03 20:53:51.861,1.31199,1.31207,1.50,1.88
2013.05.03 20:53:52.041,1.31191,1.31207,1.69,2.25
2013.05.03 20:53:52.401,1.31192,1.31206,1.13,1.50
2013.05.03 20:53:52.460,1.3119,1.31205,1.50,1.13
2013.05.03 20:53:52.820,1.31189,1.31203,1.50,4.50
2013.05.03 20:53:53.350,1.3119,1.31204,1.50,1.13
2013.05.03 20:53:55.631,1.3119,1.31202,1.50,1.13
2013.05.03 20:53:55.949,1.3119,1.31205,1.50,1.13
2013.05.03 20:54:00.591,1.3119,1.31204,1.50,1.13
2013.05.03 20:54:00.771,1.31191,1.31207,1.13,5.63
2013.05.03 20:54:01.611,1.3119,1.31205,1.50,1.13
2013.05.03 20:54:02.160,1.3119,1.31203,1.50,1.13
2013.05.03 20:54:02.521,1.31189,1.31202,1.50,1.88
2013.05.03 20:54:03.070,1.31188,1.31201,1.50,1.13
2013.05.03 20:54:03.310,1.31186,1.31201,1.50,1.13
2013.05.03 20:54:06.230,1.31181,1.31196,1.50,1.13
2013.05.03 20:54:06.350,1.31183,1.312,1.13,1.13
2013.05.03 20:54:06.591,1.31183,1.31202,1.13,1.88
2013.05.03 20:54:07.130,1.31181,1.31197,1.50,1.13
2013.05.03 20:54:07.669,1.31182,1.31198,1.50,1.13
2013.05.03 20:54:14.329,1.31182,1.312,1.88,2.63
2013.05.03 20:54:19.220,1.31182,1.31199,1.13,1.50
2013.05.03 20:54:19.920,1.31181,1.31198,2.25,1.13
2013.05.03 20:54:20.459,1.31183,1.31201,1.50,1.50
2013.05.03 20:54:22.025,1.31182,1.31201,1.50,1.50
2013.05.03 20:54:27.142,1.31182,1.312,1.50,1.13
2013.05.03 20:54:27.617,1.31182,1.31201,1.50,1.50
2013.05.03 20:54:29.170,1.31182,1.31201,1.50,1.50
2013.05.03 20:54:29.750,1.31182,1.31201,1.50,1.50
2013.05.03 20:54:32.480,1.31182,1.31198,1.50,2.25
2013.05.03 20:54:32.839,1.31175,1.31193,4.50,1.50
2013.05.03 20:54:33.379,1.31175,1.31194,4.50,1.50
2013.05.03 20:54:33.880,1.31175,1.31194,3.00,1.50
2013.05.03 20:54:35.139,1.3118,1.31194,2.25,1.50
2013.05.03 20:54:35.500,1.3118,1.31198,6.00,1.50
2013.05.03 20:54:40.320,1.31181,1.312,1.50,2.25
2013.05.03 20:54:41.743,1.31182,1.312,1.50,1.50
2013.05.03 20:54:41.931,1.31185,1.31202,1.50,1.88
2013.05.03 20:54:48.820,1.31183,1.31202,1.50,1.88
2013.05.03 20:54:52.861,1.31183,1.31201,1.50,1.13
2013.05.03 20:54:53.829,1.3118,1.312,3.75,1.13
2013.05.03 20:54:54.559,1.31182,1.312,1.50,1.50
2013.05.03 20:55:01.881,1.31182,1.31201,1.50,1.50
2013.05.03 20:55:02.241,1.31182,1.31188,1.50,1.13
2013.05.03 20:55:02.659,1.31175,1.31193,1.50,1.88
2013.05.03 20:55:03.020,1.31181,1.31185,3.00,1.88
2013.05.03 20:55:03.940,1.31169,1.31196,3.00,1.13
2013.05.03 20:55:04.280,1.31171,1.31193,3.00,1.13
2013.05.03 20:55:04.641,1.31171,1.31192,1.50,1.88
2013.05.03 20:55:04.819,1.3117,1.31191,1.50,1.13
2013.05.03 20:55:05.316,1.31169,1.3119,1.50,1.88
2013.05.03 20:55:05.632,1.31171,1.31187,1.50,1.88
2013.05.03 20:55:05.881,1.3117,1.31186,1.50,1.88
2013.05.03 20:55:05.941,1.31171,1.31184,1.50,1.13
2013.05.03 20:55:06.240,1.31169,1.31184,1.50,1.13
2013.05.03 20:55:06.359,1.31167,1.31185,1.50,1.88
2013.05.03 20:55:08.690,1.31167,1.31184,1.50,1.13
2013.05.03 20:55:08.810,1.31163,1.31186,1.50,1.88
2013.05.03 20:55:09.290,1.31173,1.31189,1.13,1.50
2013.05.03 20:55:09.410,1.31173,1.31189,1.13,1.50
2013.05.03 20:55:09.590,1.31173,1.31189,1.13,2.25
2013.05.03 20:55:09.980,1.31173,1.31189,1.13,2.25
2013.05.03 20:55:10.400,1.31171,1.31189,1.13,1.50
2013.05.03 20:55:10.580,1.31167,1.31189,1.13,1.50
2013.05.03 20:55:11.122,1.31166,1.31189,1.13,1.50
2013.05.03 20:55:11.677,1.31166,1.31189,1.13,1.50
2013.05.03 20:55:11.940,1.31167,1.31189,1.13,1.50
2013.05.03 20:55:12.859,1.31168,1.31189,1.13,1.50
2013.05.03 20:55:14.822,1.31168,1.31187,1.13,1.50
2013.05.03 20:55:14.880,1.31168,1.31195,1.13,1.88
2013.05.03 20:55:15.830,1.3118,1.31185,1.13,1.88
2013.05.03 20:55:16.829,1.31168,1.31187,1.13,0.75
2013.05.03 20:55:17.333,1.31181,1.31184,1.13,1.88
2013.05.03 20:55:17.869,1.31181,1.31184,1.13,1.88
2013.05.03 20:55:18.514,1.31181,1.31184,1.13,1.88
2013.05.03 20:55:21.661,1.31168,1.31187,1.13,0.75
2013.05.03 20:55:22.200,1.31168,1.31195,1.13,2.63
2013.05.03 20:55:23.650,1.31168,1.31185,1.13,0.75
2013.05.03 20:55:23.710,1.31163,1.3119,1.13,1.13
2013.05.03 20:55:23.950,1.31164,1.3119,1.50,1.13
2013.05.03 20:55:24.210,1.31163,1.31188,1.13,1.13
2013.05.03 20:55:24.904,1.31163,1.31187,1.13,1.13
2013.05.03 20:55:25.440,1.31174,1.31177,1.13,1.13
2013.05.03 20:55:25.800,1.3116,1.31184,2.63,1.13
2013.05.03 20:55:26.129,1.3116,1.31184,2.63,1.88
2013.05.03 20:55:27.550,1.3116,1.31184,1.88,1.88
2013.05.03 20:55:30.151,1.31157,1.31176,1.13,3.00
2013.05.03 20:55:30.510,1.31156,1.31168,1.13,1.50
2013.05.03 20:55:32.591,1.31156,1.31172,1.13,1.50
2013.05.03 20:55:33.305,1.31155,1.31172,1.88,1.50
2013.05.03 20:55:33.820,1.31155,1.31172,1.88,1.50
2013.05.03 20:55:34.563,1.31155,1.31172,1.88,1.50
2013.05.03 20:55:35.836,1.31153,1.31171,1.13,1.50
2013.05.03 20:55:36.020,1.31152,1.31171,1.13,1.50
2013.05.03 20:55:36.540,1.31152,1.31169,1.13,1.50
2013.05.03 20:55:37.611,1.31152,1.31169,1.13,1.50
2013.05.03 20:55:38.149,1.31153,1.3117,1.13,1.50
2013.05.03 20:55:38.210,1.31153,1.31171,1.13,1.50
2013.05.03 20:55:38.391,1.31153,1.3118,1.88,1.88
2013.05.03 20:55:38.923,1.31153,1.3118,1.88,1.88
2013.05.03 20:55:39.330,1.31153,1.3118,1.88,1.88
2013.05.03 20:55:39.641,1.31159,1.31176,1.50,1.13
2013.05.03 20:55:40.120,1.3116,1.31177,1.50,1.13
2013.05.03 20:55:40.301,1.31163,1.31177,1.50,1.13
2013.05.03 20:55:43.810,1.31165,1.31177,1.50,1.13
2013.05.03 20:55:44.050,1.31164,1.31179,2.25,1.88
2013.05.03 20:55:46.041,1.31167,1.31177,1.50,1.13
2013.05.03 20:55:46.280,1.31163,1.3119,1.13,1.13
2013.05.03 20:55:47.189,1.31165,1.3119,2.63,1.13
2013.05.03 20:55:48.280,1.31165,1.3119,1.88,1.13
2013.05.03 20:55:48.799,1.31165,1.3119,1.88,1.13
2013.05.03 20:55:50.771,1.31168,1.3119,1.13,1.13
2013.05.03 20:55:51.381,1.31168,1.3119,1.13,1.13
2013.05.03 20:55:56.543,1.31168,1.31184,1.13,1.50
2013.05.03 20:55:56.612,1.3117,1.31181,1.13,1.50
2013.05.03 20:55:57.150,1.31163,1.31174,1.13,1.50
2013.05.03 20:55:59.172,1.31163,1.3118,1.13,1.50
2013.05.03 20:55:59.709,1.31163,1.31181,1.13,1.50
2013.05.03 20:56:01.389,1.31158,1.3118,1.50,2.25
2013.05.03 20:56:01.951,1.31158,1.31177,1.50,1.13
2013.05.03 20:56:02.010,1.31157,1.31176,1.50,1.50
2013.05.03 20:56:02.070,1.31153,1.31175,1.13,2.25
2013.05.03 20:56:02.131,1.31153,1.31175,1.13,3.75
2013.05.03 20:56:05.639,1.31153,1.31175,1.13,3.00
2013.05.03 20:56:07.180,1.31153,1.31176,1.13,1.50
2013.05.03 20:56:07.300,1.31165,1.3117,1.88,1.13
2013.05.03 20:56:08.223,1.31165,1.31182,0.75,1.13
2013.05.03 20:56:08.340,1.31163,1.31182,0.75,1.13
2013.05.03 20:56:09.269,1.31155,1.31182,2.25,1.13
2013.05.03 20:56:09.780,1.31155,1.31182,2.25,1.13
2013.05.03 20:56:10.299,1.31155,1.31182,2.25,1.13
2013.05.03 20:56:10.825,1.31155,1.31182,2.25,1.13
2013.05.03 20:56:12.361,1.31155,1.31182,2.25,1.13
2013.05.03 20:56:16.110,1.31168,1.31172,2.25,1.88
2013.05.03 20:56:16.501,1.31156,1.31174,1.13,1.50
2013.05.03 20:56:16.680,1.31155,1.3117,1.88,1.50
2013.05.03 20:56:16.741,1.31156,1.31168,1.13,1.50
2013.05.03 20:56:22.620,1.31155,1.31169,1.88,1.50
2013.05.03 20:56:22.800,1.31155,1.31169,1.88,1.50
2013.05.03 20:56:23.222,1.31156,1.31182,1.13,1.13
2013.05.03 20:56:23.281,1.31168,1.31173,1.13,2.63
2013.05.03 20:56:24.101,1.31169,1.31172,1.13,1.88
2013.05.03 20:56:24.700,1.31168,1.31172,1.13,2.63
2013.05.03 20:56:26.740,1.31156,1.31184,1.13,1.13
2013.05.03 20:56:27.100,1.31168,1.31173,1.13,1.88
2013.05.03 20:56:28.079,1.31169,1.31172,1.13,2.63
2013.05.03 20:56:29.339,1.31156,1.31183,1.13,1.13
2013.05.03 20:56:30.362,1.31156,1.31184,1.13,1.13
2013.05.03 20:56:39.221,1.31167,1.31173,1.13,2.63
2013.05.03 20:56:41.122,1.3116,1.31185,3.00,1.88
2013.05.03 20:56:41.661,1.31161,1.31185,1.13,1.50
2013.05.03 20:56:41.790,1.31161,1.31187,1.13,2.25
2013.05.03 20:56:43.214,1.31167,1.31191,1.13,1.13
2013.05.03 20:56:44.522,1.3117,1.3119,1.88,1.13
2013.05.03 20:56:58.562,1.31171,1.31193,1.13,1.13
2013.05.03 20:56:59.180,1.31173,1.31194,1.13,1.13
2013.05.03 20:56:59.481,1.31171,1.31187,1.13,2.25
2013.05.03 20:57:00.940,1.31171,1.31183,1.13,1.50
2013.05.03 20:57:01.000,1.31168,1.31181,1.50,1.05
2013.05.03 20:57:01.060,1.3116,1.31181,2.25,1.05
2013.05.03 20:57:01.301,1.31163,1.3118,1.13,1.50
2013.05.03 20:57:01.359,1.31161,1.31179,1.13,1.50
2013.05.03 20:57:01.673,1.31158,1.31178,1.13,1.50
2013.05.03 20:57:01.790,1.31156,1.31178,1.88,1.50
2013.05.03 20:57:01.970,1.31155,1.31179,5.25,1.50
2013.05.03 20:57:02.270,1.31156,1.31179,1.50,1.50
2013.05.03 20:57:02.979,1.31156,1.31179,1.50,1.50
2013.05.03 20:57:03.491,1.31156,1.31177,2.25,1.50
2013.05.03 20:57:03.850,1.31161,1.31177,1.13,1.50
2013.05.03 20:57:10.522,1.31158,1.31177,1.50,1.50
2013.05.03 20:57:10.580,1.31158,1.31175,1.50,1.50
2013.05.03 20:57:10.641,1.31153,1.3117,1.88,1.50
2013.05.03 20:57:11.650,1.31157,1.3117,1.13,1.50
2013.05.03 20:57:11.710,1.31153,1.3117,1.13,1.50
2013.05.03 20:57:16.010,1.31153,1.3117,1.88,1.50
2013.05.03 20:57:16.370,1.31156,1.3117,1.13,1.50
2013.05.03 20:57:19.211,1.31156,1.3117,1.13,1.50
2013.05.03 20:57:20.581,1.31156,1.31175,1.13,4.50
2013.05.03 20:57:22.181,1.3115,1.31172,1.50,1.88
2013.05.03 20:57:22.241,1.31147,1.3117,1.50,1.50
2013.05.03 20:57:22.990,1.31147,1.3117,1.50,1.88
2013.05.03 20:57:23.290,1.31145,1.3117,1.50,1.88
2013.05.03 20:57:23.350,1.31146,1.3117,1.13,1.88
2013.05.03 20:57:23.915,1.31146,1.3117,1.13,1.88
2013.05.03 20:57:25.700,1.31147,1.3117,1.13,1.13
2013.05.03 20:57:28.048,1.31148,1.31172,1.13,1.88
2013.05.03 20:57:32.340,1.31146,1.3117,1.88,1.50
2013.05.03 20:57:32.641,1.31151,1.31163,1.13,3.00
2013.05.03 20:57:33.000,1.31152,1.31161,1.13,1.50
2013.05.03 20:57:35.580,1.31151,1.3116,1.13,1.50
2013.05.03 20:57:36.090,1.31151,1.31159,1.13,2.25
2013.05.03 20:57:40.359,1.3115,1.31159,1.13,1.50
2013.05.03 20:57:40.426,1.31143,1.31161,1.13,1.50
2013.05.03 20:57:41.450,1.31143,1.31167,1.13,1.13
2013.05.03 20:57:45.150,1.31143,1.31167,1.13,1.13
2013.05.03 20:57:45.873,1.31143,1.31167,1.13,1.13
2013.05.03 20:57:48.841,1.31143,1.31157,1.13,0.75
2013.05.03 20:57:50.150,1.31143,1.31157,1.13,1.50
2013.05.03 20:57:50.654,1.31143,1.31157,1.13,1.50
2013.05.03 20:57:51.140,1.31143,1.31167,1.13,1.13
2013.05.03 20:57:51.201,1.31143,1.31167,1.88,1.13
2013.05.03 20:57:51.320,1.31143,1.31167,1.13,1.13
2013.05.03 20:57:52.240,1.31143,1.31167,1.13,1.13
2013.05.03 20:57:52.880,1.31143,1.31167,1.13,1.13
2013.05.03 20:57:54.023,1.31143,1.31167,1.13,1.13
2013.05.03 20:57:56.900,1.31143,1.31167,1.13,1.13
2013.05.03 20:57:57.080,1.31143,1.31167,1.13,1.13
2013.05.03 20:58:00.449,1.31143,1.3116,1.13,1.50
2013.05.03 20:58:00.750,1.31143,1.31156,1.13,1.50
2013.05.03 20:58:01.569,1.31143,1.31156,1.13,3.38
2013.05.03 20:58:01.749,1.31134,1.31156,1.50,1.88
2013.05.03 20:58:01.870,1.31143,1.31155,1.13,1.50
2013.05.03 20:58:03.050,1.3115,1.31159,1.50,1.50
2013.05.03 20:58:03.170,1.31151,1.3117,1.50,1.88
2013.05.03 20:58:04.069,1.31145,1.31162,3.00,1.50
2013.05.03 20:58:09.070,1.31146,1.31165,1.50,1.50
2013.05.03 20:58:09.429,1.31146,1.31165,1.50,1.50
2013.05.03 20:58:10.290,1.31146,1.31164,1.50,2.25
2013.05.03 20:58:10.349,1.31146,1.31155,1.50,1.50
2013.05.03 20:58:10.649,1.31143,1.31153,1.13,1.50
2013.05.03 20:58:12.309,1.31143,1.3116,1.13,3.38
2013.05.03 20:58:12.430,1.31143,1.3116,1.13,1.50
2013.05.03 20:58:12.489,1.31143,1.31155,1.13,1.50
2013.05.03 20:58:13.030,1.31143,1.31155,1.13,2.25
2013.05.03 20:58:13.149,1.31133,1.31151,1.88,1.50
2013.05.03 20:58:13.209,1.31133,1.31151,1.13,2.25
2013.05.03 20:58:13.270,1.31133,1.31149,1.13,1.50
2013.05.03 20:58:13.814,1.31133,1.3115,1.13,3.00
2013.05.03 20:58:13.914,1.31133,1.3115,1.13,3.75
2013.05.03 20:58:17.049,1.31133,1.3115,1.13,2.25
2013.05.03 20:58:22.039,1.31133,1.31149,1.13,1.50
2013.05.03 20:58:22.739,1.31133,1.31148,1.13,1.50
2013.05.03 20:58:24.289,1.31131,1.31147,1.13,1.50
2013.05.03 20:58:24.529,1.31131,1.3115,1.88,2.25
2013.05.03 20:58:24.709,1.31135,1.3115,1.13,2.25
2013.05.03 20:58:25.449,1.31136,1.31154,1.13,1.50
2013.05.03 20:58:26.030,1.31136,1.31155,1.13,1.50
2013.05.03 20:58:26.269,1.31136,1.31155,1.88,1.50
2013.05.03 20:58:26.584,1.31139,1.31154,0.75,1.13
2013.05.03 20:58:29.769,1.3114,1.31161,1.50,1.13
2013.05.03 20:58:30.070,1.31144,1.31161,1.50,1.13
2013.05.03 20:58:30.190,1.31145,1.31161,1.50,1.13
2013.05.03 20:58:30.549,1.3115,1.31161,2.25,1.13
2013.05.03 20:58:30.609,1.31147,1.31166,1.13,1.50
2013.05.03 20:58:31.330,1.31148,1.31167,1.13,1.50
2013.05.03 20:58:31.569,1.3115,1.31167,1.13,1.50
2013.05.03 20:58:32.117,1.31151,1.31167,1.13,1.50
2013.05.03 20:58:36.899,1.31154,1.31166,1.88,1.50
2013.05.03 20:58:44.829,1.31155,1.31167,1.13,1.50
2013.05.03 20:58:54.750,1.31161,1.31175,1.13,1.50
2013.05.03 20:58:55.440,1.31161,1.31176,1.13,1.50
2013.05.03 20:58:58.084,1.31168,1.31176,1.13,1.50
2013.05.03 20:59:00.199,1.3117,1.31173,2.63,2.25
2013.05.03 20:59:01.158,1.31163,1.31166,1.13,1.12
2013.05.03 20:59:01.279,1.31163,1.31165,1.50,1.50
2013.05.03 20:59:01.399,1.31163,1.31167,1.50,1.50
2013.05.03 20:59:03.347,1.31163,1.31167,0.75,0.75
2013.05.03 20:59:10.688,1.31162,1.31167,0.75,0.75
2013.05.03 20:59:16.591,1.31161,1.31166,0.75,0.75
2013.05.03 20:59:17.377,1.31158,1.31166,0.75,0.75
2013.05.03 20:59:19.037,1.31165,1.31168,0.75,0.75
2013.05.03 20:59:21.250,1.31167,1.31171,0.75,0.75
2013.05.03 20:59:22.099,1.31168,1.31172,0.75,0.75
2013.05.03 20:59:23.298,1.31166,1.31168,0.75,0.75
2013.05.03 20:59:25.068,1.31165,1.31168,0.75,0.75
2013.05.03 20:59:26.618,1.31156,1.31175,0.75,0.75
2013.05.03 20:59:26.678,1.31152,1.31177,0.75,0.75
2013.05.03 20:59:26.737,1.31162,1.31165,0.75,0.75
2013.05.03 20:59:29.248,1.3116,1.31165,0.75,1.50
2013.05.03 20:59:30.038,1.31149,1.31174,0.75,0.75
2013.05.03 20:59:30.778,1.31159,1.31162,0.75,1.50
2013.05.03 20:59:35.337,1.31154,1.31165,0.75,0.75
2013.05.03 20:59:37.668,1.31157,1.3116,0.75,0.75
2013.05.03 20:59:37.728,1.31157,1.31159,1.50,0.75
2013.05.03 20:59:40.688,1.31156,1.31159,0.75,0.75
2013.05.03 20:59:47.207,1.31154,1.31159,0.75,0.75
2013.05.03 20:59:47.387,1.31147,1.31152,0.75,0.75
2013.05.03 20:59:49.887,1.31132,1.31157,0.75,0.75
2013.05.03 20:59:51.487,1.31131,1.31158,0.75,0.75
