2013.09.16 10:00:00.351,1.33522,1.33525,5.25,1.13
2013.09.16 10:00:00.409,1.33522,1.33525,4.88,1.38
2013.09.16 10:00:00.710,1.33524,1.33526,1.00,1.50
2013.09.16 10:00:02.859,1.33524,1.33526,1.00,1.50
2013.09.16 10:00:04.619,1.33524,1.33526,2.25,1.50
2013.09.16 10:00:05.139,1.33525,1.33527,2.50,2.63
2013.09.16 10:00:05.889,1.33525,1.33527,3.25,1.88
2013.09.16 10:00:07.036,1.33525,1.33527,3.00,1.00
2013.09.16 10:00:08.729,1.33525,1.33528,3.25,2.25
2013.09.16 10:00:09.541,1.33525,1.33528,1.50,1.88
2013.09.16 10:00:09.840,1.3353,1.33533,13.43,2.25
2013.09.16 10:00:10.080,1.33533,1.33535,7.28,1.50
2013.09.16 10:00:10.619,1.33534,1.33538,5.33,1.38
2013.09.16 10:00:11.176,1.33535,1.33538,2.50,1.00
2013.09.16 10:00:11.719,1.33535,1.33538,2.25,1.68
2013.09.16 10:00:16.709,1.33534,1.33538,5.10,3.00
2013.09.16 10:00:17.979,1.33534,1.33538,4.73,3.75
2013.09.16 10:00:19.042,1.33534,1.33537,3.60,9.00
2013.09.16 10:00:19.342,1.33529,1.33532,1.88,5.67
2013.09.16 10:00:19.582,1.33532,1.33534,2.13,2.85
2013.09.16 10:00:19.760,1.33534,1.33536,5.25,2.63
2013.09.16 10:00:19.880,1.33536,1.33538,1.50,1.13
2013.09.16 10:00:20.439,1.33536,1.33539,4.38,1.30
2013.09.16 10:00:21.444,1.33536,1.33538,2.13,1.13
2013.09.16 10:00:21.517,1.33534,1.33538,1.88,9.68
2013.09.16 10:00:22.060,1.33534,1.33538,1.88,9.23
2013.09.16 10:00:22.179,1.33534,1.33538,1.80,8.85
2013.09.16 10:00:23.019,1.33534,1.33538,6.91,5.25
2013.09.16 10:00:23.559,1.33535,1.33537,2.73,1.00
2013.09.16 10:00:24.853,1.33535,1.33537,8.10,1.00
2013.09.16 10:00:24.914,1.33536,1.33539,3.38,1.13
2013.09.16 10:00:25.031,1.33537,1.3354,2.88,4.13
2013.09.16 10:00:26.890,1.33537,1.3354,4.23,4.13
2013.09.16 10:00:27.455,1.33537,1.3354,4.23,4.13
2013.09.16 10:00:28.331,1.33537,1.33539,2.13,1.00
2013.09.16 10:00:33.179,1.33538,1.3354,2.25,1.13
2013.09.16 10:00:35.909,1.33538,1.3354,2.88,1.00
2013.09.16 10:00:36.418,1.33538,1.3354,2.63,1.00
2013.09.16 10:00:40.040,1.33539,1.3354,1.00,1.88
2013.09.16 10:00:40.545,1.33539,1.33541,1.00,1.50
2013.09.16 10:00:41.779,1.33539,1.33542,2.50,2.25
2013.09.16 10:00:44.665,1.33539,1.33541,1.50,1.50
2013.09.16 10:00:46.310,1.33538,1.3354,1.00,1.50
2013.09.16 10:00:47.659,1.33538,1.33541,9.10,1.88
2013.09.16 10:00:49.769,1.33539,1.33545,15.63,6.23
2013.09.16 10:00:49.890,1.3354,1.33542,14.10,1.50
2013.09.16 10:00:50.189,1.33542,1.33544,2.88,1.00
2013.09.16 10:00:50.974,1.33542,1.33545,1.88,1.88
2013.09.16 10:00:51.046,1.33542,1.33545,1.88,1.00
2013.09.16 10:00:51.646,1.33542,1.33546,1.88,1.13
2013.09.16 10:00:52.549,1.33542,1.33545,2.63,1.00
2013.09.16 10:00:55.911,1.33542,1.33545,2.25,1.13
2013.09.16 10:00:57.013,1.33542,1.33545,2.63,1.13
2013.09.16 10:00:57.740,1.33542,1.33546,2.63,2.85
2013.09.16 10:00:58.159,1.33542,1.33544,1.00,2.13
2013.09.16 10:00:58.519,1.3354,1.33542,1.00,7.17
2013.09.16 10:00:58.759,1.33538,1.33542,3.38,7.55
2013.09.16 10:01:02.879,1.33538,1.33539,1.13,1.00
2013.09.16 10:01:03.419,1.33537,1.3354,3.51,2.82
2013.09.16 10:01:07.419,1.33537,1.3354,3.96,1.69
2013.09.16 10:01:09.029,1.33537,1.3354,2.08,3.44
2013.09.16 10:01:09.660,1.33537,1.3354,2.08,3.63
2013.09.16 10:01:16.889,1.33537,1.33539,1.00,1.60
2013.09.16 10:01:17.430,1.33536,1.33538,3.38,1.00
2013.09.16 10:01:17.969,1.33536,1.33538,2.18,1.13
2013.09.16 10:01:18.029,1.33536,1.3354,2.18,4.50
2013.09.16 10:01:18.639,1.33536,1.33538,2.10,1.13
2013.09.16 10:01:23.549,1.33536,1.33539,1.60,1.00
2013.09.16 10:01:24.125,1.33536,1.33539,1.68,1.00
2013.09.16 10:01:24.885,1.33536,1.33538,1.30,1.00
2013.09.16 10:01:25.689,1.33536,1.33539,1.80,2.25
2013.09.16 10:01:26.781,1.33536,1.3354,3.98,4.50
2013.09.16 10:01:27.319,1.33537,1.3354,2.85,2.25
2013.09.16 10:01:32.890,1.33537,1.3354,4.05,5.10
2013.09.16 10:01:33.585,1.33537,1.3354,7.76,2.25
2013.09.16 10:01:34.129,1.33537,1.33541,8.51,5.25
2013.09.16 10:01:34.669,1.33538,1.33541,2.56,2.25
2013.09.16 10:01:37.101,1.33541,1.33543,1.00,2.85
2013.09.16 10:01:37.403,1.33541,1.33545,10.13,1.38
2013.09.16 10:01:37.522,1.33541,1.33546,11.14,2.63
2013.09.16 10:01:38.059,1.33543,1.33547,12.98,2.63
2013.09.16 10:01:38.299,1.33543,1.33547,10.88,2.63
2013.09.16 10:01:38.829,1.33543,1.33546,7.50,1.00
2013.09.16 10:01:39.389,1.33543,1.33546,7.50,1.00
2013.09.16 10:01:40.060,1.33543,1.33548,10.51,4.50
2013.09.16 10:01:40.672,1.33543,1.33546,9.63,1.00
2013.09.16 10:01:41.309,1.33543,1.33548,10.51,6.38
2013.09.16 10:01:41.849,1.33544,1.33548,4.05,6.53
2013.09.16 10:01:43.609,1.33544,1.33547,4.20,1.00
2013.09.16 10:01:44.769,1.33544,1.33546,2.70,1.00
2013.09.16 10:01:47.769,1.33544,1.33547,2.70,1.13
2013.09.16 10:01:48.319,1.33544,1.33547,3.08,2.13
2013.09.16 10:01:49.130,1.33544,1.33547,3.08,1.88
2013.09.16 10:01:51.542,1.33544,1.33546,3.08,1.00
2013.09.16 10:01:51.661,1.33544,1.33546,1.68,2.25
2013.09.16 10:01:52.199,1.33544,1.33547,4.20,1.13
2013.09.16 10:01:53.259,1.33544,1.33548,5.70,5.25
2013.09.16 10:01:55.979,1.33545,1.33548,3.60,7.13
2013.09.16 10:01:56.640,1.33547,1.33555,5.26,2.63
2013.09.16 10:01:57.090,1.33548,1.33551,4.88,1.50
2013.09.16 10:01:57.271,1.33551,1.33558,1.50,2.63
2013.09.16 10:01:57.450,1.33554,1.3356,5.73,1.91
2013.09.16 10:01:57.570,1.33555,1.33558,2.88,1.04
2013.09.16 10:01:57.691,1.33555,1.33564,13.75,1.53
2013.09.16 10:01:57.930,1.33555,1.33559,15.38,1.50
2013.09.16 10:01:58.469,1.33556,1.33558,3.38,1.00
2013.09.16 10:01:58.983,1.33556,1.33559,3.75,1.50
2013.09.16 10:02:01.799,1.33556,1.33558,1.50,1.00
2013.09.16 10:02:02.349,1.33556,1.33558,1.50,1.00
2013.09.16 10:02:03.519,1.33556,1.33558,1.73,1.00
2013.09.16 10:02:04.659,1.33556,1.33559,2.63,1.50
2013.09.16 10:02:05.179,1.33556,1.33558,1.38,1.00
2013.09.16 10:02:07.179,1.33556,1.33559,1.38,2.63
2013.09.16 10:02:10.431,1.33555,1.33558,5.63,1.50
2013.09.16 10:02:10.491,1.33555,1.33556,4.50,1.50
2013.09.16 10:02:10.850,1.33549,1.33553,1.00,10.81
2013.09.16 10:02:11.089,1.33548,1.3355,1.00,1.00
2013.09.16 10:02:11.270,1.33548,1.3355,4.88,1.50
2013.09.16 10:02:11.511,1.33548,1.3355,3.76,1.50
2013.09.16 10:02:13.439,1.33548,1.3355,5.44,1.00
2013.09.16 10:02:14.551,1.33548,1.33551,4.69,3.00
2013.09.16 10:02:14.611,1.33548,1.33552,4.69,3.08
2013.09.16 10:02:14.851,1.33548,1.33552,6.19,6.08
2013.09.16 10:02:15.909,1.33549,1.33552,2.63,5.63
2013.09.16 10:02:16.449,1.33548,1.33552,3.94,5.25
2013.09.16 10:02:17.170,1.33548,1.3355,2.07,1.00
2013.09.16 10:02:21.210,1.33548,1.3355,2.63,1.00
2013.09.16 10:02:22.087,1.33548,1.33551,2.25,2.25
2013.09.16 10:02:22.639,1.33548,1.33551,4.73,1.50
2013.09.16 10:02:27.761,1.3355,1.33551,1.00,1.50
2013.09.16 10:02:28.299,1.33548,1.33551,10.84,2.25
2013.09.16 10:02:30.960,1.3355,1.33551,1.00,2.25
2013.09.16 10:02:31.560,1.33549,1.33551,1.13,1.50
2013.09.16 10:02:36.409,1.33548,1.3355,5.10,1.00
2013.09.16 10:02:37.912,1.33549,1.33551,3.38,1.00
2013.09.16 10:02:41.658,1.3355,1.33552,6.00,6.38
2013.09.16 10:02:41.840,1.33551,1.33553,6.00,2.25
2013.09.16 10:02:42.020,1.33552,1.33554,7.17,2.70
2013.09.16 10:02:42.080,1.33552,1.33554,7.54,1.95
2013.09.16 10:02:42.619,1.33553,1.33555,6.57,1.00
2013.09.16 10:02:42.920,1.3355,1.33551,3.75,2.25
2013.09.16 10:02:43.159,1.33548,1.3355,6.38,1.13
2013.09.16 10:02:43.219,1.33548,1.33552,3.75,3.00
2013.09.16 10:02:43.728,1.33548,1.33551,1.50,3.75
2013.09.16 10:02:45.279,1.33548,1.33551,1.88,3.00
2013.09.16 10:02:45.650,1.33548,1.33552,1.88,3.00
2013.09.16 10:02:46.011,1.33552,1.33555,4.73,2.25
2013.09.16 10:02:46.070,1.33553,1.33555,1.50,3.00
2013.09.16 10:02:46.429,1.33553,1.33556,1.38,2.25
2013.09.16 10:02:46.792,1.33553,1.33555,1.13,2.50
2013.09.16 10:02:47.339,1.33553,1.33555,3.38,2.25
2013.09.16 10:02:48.099,1.33553,1.33555,1.88,2.50
2013.09.16 10:02:48.282,1.33553,1.33554,1.50,1.00
2013.09.16 10:02:48.340,1.3355,1.33553,4.32,6.38
2013.09.16 10:02:48.400,1.33549,1.33551,2.63,4.50
2013.09.16 10:02:48.640,1.33549,1.3355,2.48,1.50
2013.09.16 10:02:49.120,1.33549,1.33551,7.92,1.00
2013.09.16 10:02:49.361,1.33552,1.33553,2.07,1.50
2013.09.16 10:02:49.481,1.33553,1.33555,4.35,1.50
2013.09.16 10:02:50.019,1.33553,1.33555,8.63,1.00
2013.09.16 10:02:55.201,1.33553,1.33557,2.25,2.97
2013.09.16 10:03:05.809,1.33553,1.33557,5.86,6.06
2013.09.16 10:03:06.369,1.33554,1.33558,1.88,4.50
2013.09.16 10:03:07.749,1.33554,1.33556,2.25,1.00
2013.09.16 10:03:10.940,1.33554,1.33556,3.75,1.50
2013.09.16 10:03:26.229,1.33555,1.33557,2.88,1.59
2013.09.16 10:03:28.159,1.33555,1.33557,2.88,3.09
2013.09.16 10:03:32.162,1.33555,1.33556,1.13,1.50
2013.09.16 10:03:45.949,1.33553,1.33556,2.63,1.00
2013.09.16 10:03:46.009,1.33553,1.33556,2.25,1.50
2013.09.16 10:03:50.199,1.33554,1.33556,1.00,2.25
2013.09.16 10:03:54.229,1.33553,1.33556,1.88,2.63
2013.09.16 10:03:55.139,1.33553,1.33557,3.63,6.38
2013.09.16 10:03:55.699,1.33554,1.33557,3.76,3.38
2013.09.16 10:03:56.899,1.33555,1.33557,2.50,3.75
2013.09.16 10:04:03.271,1.33554,1.33556,1.00,6.00
2013.09.16 10:04:03.331,1.33553,1.33555,7.13,7.88
2013.09.16 10:04:03.392,1.33551,1.33554,1.11,3.76
2013.09.16 10:04:03.750,1.33551,1.33552,1.00,5.48
2013.09.16 10:04:03.870,1.33551,1.33554,6.31,1.13
2013.09.16 10:04:04.410,1.33552,1.33555,4.38,1.50
2013.09.16 10:04:04.949,1.33552,1.33556,4.76,4.59
2013.09.16 10:04:05.929,1.33552,1.33555,4.38,1.50
2013.09.16 10:04:06.832,1.33552,1.33555,6.34,1.00
2013.09.16 10:04:07.370,1.33552,1.33556,12.69,1.12
2013.09.16 10:04:10.270,1.33554,1.33556,1.88,2.34
2013.09.16 10:04:10.450,1.33552,1.33555,5.25,1.50
2013.09.16 10:04:10.810,1.33551,1.33552,1.13,2.25
2013.09.16 10:04:11.349,1.33549,1.33551,4.13,1.50
2013.09.16 10:04:13.212,1.33549,1.33552,2.63,4.50
2013.09.16 10:04:17.090,1.33551,1.33553,7.13,1.88
2013.09.16 10:04:17.151,1.33551,1.33555,7.21,5.25
2013.09.16 10:04:17.391,1.33553,1.33557,3.38,3.47
2013.09.16 10:04:18.429,1.33554,1.33557,4.13,4.22
2013.09.16 10:04:19.180,1.33554,1.33556,2.55,1.59
2013.09.16 10:04:19.801,1.33554,1.33556,1.30,1.59
2013.09.16 10:04:22.340,1.33553,1.33555,2.13,8.63
2013.09.16 10:04:22.464,1.33552,1.33553,2.10,1.00
2013.09.16 10:04:23.186,1.3355,1.33553,3.00,5.50
2013.09.16 10:04:23.282,1.3355,1.33551,1.23,1.50
2013.09.16 10:04:23.711,1.33551,1.33553,5.71,1.00
2013.09.16 10:04:24.010,1.33553,1.33555,7.22,1.00
2013.09.16 10:04:25.399,1.33552,1.33555,2.71,3.12
2013.09.16 10:04:25.640,1.33551,1.33553,2.55,1.50
2013.09.16 10:04:26.182,1.3355,1.33552,1.43,1.00
2013.09.16 10:04:26.700,1.3355,1.33552,1.00,1.00
2013.09.16 10:04:26.761,1.33548,1.3355,3.75,2.50
2013.09.16 10:04:27.263,1.33549,1.3355,1.00,6.00
2013.09.16 10:04:28.340,1.33549,1.33551,1.43,3.00
2013.09.16 10:04:28.760,1.33549,1.33552,5.87,1.50
2013.09.16 10:04:29.120,1.33552,1.33555,7.82,1.38
2013.09.16 10:04:29.659,1.33555,1.33557,2.13,3.94
2013.09.16 10:04:30.212,1.33554,1.33557,1.88,4.32
2013.09.16 10:04:30.631,1.33553,1.33554,1.13,1.88
2013.09.16 10:04:30.931,1.33549,1.33551,1.13,3.00
2013.09.16 10:04:31.413,1.3355,1.33553,3.75,1.88
2013.09.16 10:04:31.770,1.33551,1.33555,2.63,6.00
2013.09.16 10:04:32.130,1.33551,1.33552,1.00,1.00
2013.09.16 10:04:35.010,1.3355,1.33553,4.59,3.00
2013.09.16 10:04:35.371,1.33553,1.33555,2.88,2.10
2013.09.16 10:04:35.920,1.33554,1.33556,2.88,1.50
2013.09.16 10:04:37.890,1.33554,1.33556,2.25,1.00
2013.09.16 10:04:40.524,1.33554,1.33555,1.50,9.75
2013.09.16 10:04:40.650,1.33551,1.33554,1.50,5.25
2013.09.16 10:04:43.290,1.3355,1.33552,1.96,1.00
2013.09.16 10:04:43.411,1.33549,1.33551,1.38,2.10
2013.09.16 10:04:43.591,1.33546,1.33548,2.63,1.50
2013.09.16 10:04:44.130,1.33545,1.33547,1.38,1.50
2013.09.16 10:04:45.669,1.33545,1.33547,1.13,3.25
2013.09.16 10:04:46.548,1.33545,1.33547,1.38,3.75
2013.09.16 10:04:48.870,1.33545,1.33548,1.50,3.00
2013.09.16 10:04:52.201,1.33545,1.33548,13.35,1.88
2013.09.16 10:04:53.160,1.33547,1.33549,5.34,1.00
2013.09.16 10:04:53.280,1.33547,1.33551,7.22,1.73
2013.09.16 10:04:58.250,1.33548,1.3355,1.88,1.00
2013.09.16 10:05:01.669,1.33547,1.33551,4.21,3.00
2013.09.16 10:05:02.231,1.33548,1.33552,3.09,3.75
2013.09.16 10:05:02.892,1.3355,1.33552,1.50,2.25
2013.09.16 10:05:03.550,1.33549,1.33551,1.38,1.00
2013.09.16 10:05:04.089,1.33549,1.33552,1.38,3.38
2013.09.16 10:05:05.181,1.33549,1.33551,1.13,1.00
2013.09.16 10:05:06.141,1.33548,1.3355,1.50,1.00
2013.09.16 10:05:08.854,1.33548,1.3355,1.00,3.25
2013.09.16 10:05:13.069,1.33548,1.3355,1.48,3.00
2013.09.16 10:05:13.921,1.33548,1.3355,1.10,3.25
2013.09.16 10:05:18.279,1.33548,1.3355,1.43,3.00
2013.09.16 10:05:20.290,1.33547,1.33549,2.25,2.25
2013.09.16 10:05:20.914,1.33546,1.33549,2.25,4.13
2013.09.16 10:05:21.570,1.33544,1.33547,8.25,4.38
2013.09.16 10:05:22.333,1.33544,1.33546,1.25,1.00
2013.09.16 10:05:23.240,1.33544,1.33547,1.25,6.00
2013.09.16 10:05:24.109,1.33544,1.33546,1.25,1.00
2013.09.16 10:05:27.680,1.33545,1.33547,1.25,6.75
2013.09.16 10:05:28.250,1.33544,1.33546,2.82,1.00
2013.09.16 10:05:29.119,1.33543,1.33546,3.76,2.50
2013.09.16 10:05:29.659,1.33543,1.33546,4.76,2.25
2013.09.16 10:05:34.340,1.33543,1.33546,3.76,2.50
2013.09.16 10:05:39.200,1.33543,1.33546,5.94,1.00
2013.09.16 10:05:43.099,1.33543,1.33546,3.09,2.50
2013.09.16 10:05:45.330,1.33543,1.33546,4.21,1.00
2013.09.16 10:05:48.170,1.33543,1.33547,4.89,5.25
2013.09.16 10:05:49.069,1.33543,1.33546,4.96,1.00
2013.09.16 10:05:52.290,1.33543,1.33545,2.25,1.00
2013.09.16 10:05:52.681,1.33543,1.33545,2.25,5.25
2013.09.16 10:05:52.740,1.33543,1.33545,1.13,6.25
2013.09.16 10:05:52.800,1.3354,1.33544,5.85,18.76
2013.09.16 10:05:52.922,1.33538,1.3354,1.00,13.50
2013.09.16 10:05:53.280,1.33534,1.33538,1.50,8.13
2013.09.16 10:05:53.820,1.33533,1.33536,1.38,6.90
2013.09.16 10:05:56.149,1.33533,1.33535,1.50,2.50
2013.09.16 10:05:58.501,1.33533,1.33535,1.00,3.00
2013.09.16 10:06:00.310,1.33533,1.33535,1.00,6.25
2013.09.16 10:06:00.553,1.33532,1.33534,1.13,6.38
2013.09.16 10:06:00.853,1.33529,1.33532,2.63,14.63
2013.09.16 10:06:00.921,1.33527,1.3353,6.00,12.76
2013.09.16 10:06:01.280,1.33527,1.3353,1.00,16.13
2013.09.16 10:06:01.400,1.33525,1.33528,1.11,9.57
2013.09.16 10:06:01.761,1.33523,1.33526,1.88,3.53
2013.09.16 10:06:02.184,1.33524,1.33526,1.11,2.25
2013.09.16 10:06:04.890,1.33524,1.33526,1.11,2.88
2013.09.16 10:06:05.510,1.33524,1.33526,1.11,2.63
2013.09.16 10:06:06.087,1.33524,1.33526,1.11,2.63
2013.09.16 10:06:06.599,1.33524,1.33526,1.11,1.69
2013.09.16 10:06:07.530,1.33524,1.33526,1.11,2.07
2013.09.16 10:06:08.059,1.33523,1.33526,3.84,1.25
2013.09.16 10:06:15.980,1.33524,1.33527,1.05,4.73
2013.09.16 10:06:16.487,1.33525,1.33527,1.00,3.98
2013.09.16 10:06:16.790,1.33526,1.33528,1.00,3.38
2013.09.16 10:06:17.151,1.33527,1.33531,8.57,3.75
2013.09.16 10:06:17.679,1.33528,1.33532,3.71,4.69
2013.09.16 10:06:18.269,1.33528,1.3353,2.96,1.50
2013.09.16 10:06:18.810,1.33528,1.33532,3.71,3.19
2013.09.16 10:06:19.229,1.33528,1.33532,3.71,3.19
2013.09.16 10:06:19.774,1.33528,1.33532,3.46,3.19
2013.09.16 10:06:20.192,1.3353,1.33533,9.25,7.65
2013.09.16 10:06:20.551,1.33532,1.33536,8.19,2.25
2013.09.16 10:06:21.070,1.33534,1.33537,1.88,5.25
2013.09.16 10:06:21.620,1.33534,1.33537,1.00,7.13
2013.09.16 10:06:22.480,1.33533,1.33536,7.88,1.13
2013.09.16 10:06:23.001,1.33533,1.33536,6.75,1.38
2013.09.16 10:06:23.539,1.33533,1.33536,6.84,2.63
2013.09.16 10:06:27.461,1.33533,1.33536,7.21,2.25
2013.09.16 10:06:27.580,1.33533,1.33535,6.46,1.00
2013.09.16 10:06:28.245,1.33533,1.33536,6.09,3.38
2013.09.16 10:06:29.168,1.33533,1.33535,6.09,1.00
2013.09.16 10:06:29.790,1.33533,1.33536,6.09,2.63
2013.09.16 10:06:30.711,1.33533,1.33535,6.09,1.00
2013.09.16 10:06:32.540,1.33533,1.33536,6.84,2.63
2013.09.16 10:06:37.032,1.33533,1.33536,1.50,1.50
2013.09.16 10:06:40.020,1.33533,1.33537,3.00,6.98
2013.09.16 10:06:43.180,1.33534,1.33536,1.88,1.00
2013.09.16 10:06:44.362,1.33533,1.33537,8.34,4.88
2013.09.16 10:06:54.120,1.33536,1.33537,1.00,1.13
2013.09.16 10:06:55.205,1.33536,1.33538,2.13,6.00
2013.09.16 10:06:56.669,1.33536,1.33538,1.13,5.63
2013.09.16 10:07:04.042,1.33535,1.33536,1.00,1.00
2013.09.16 10:07:05.589,1.33535,1.33537,1.21,1.50
2013.09.16 10:07:06.419,1.33535,1.33537,1.59,1.88
2013.09.16 10:07:06.960,1.33535,1.33536,1.96,1.00
2013.09.16 10:07:08.600,1.33535,1.33537,1.96,2.25
2013.09.16 10:07:10.129,1.33535,1.33536,1.96,1.00
2013.09.16 10:07:16.800,1.33535,1.33537,1.96,1.50
2013.09.16 10:07:20.690,1.33535,1.33536,1.21,1.00
2013.09.16 10:07:21.251,1.33536,1.33537,1.00,3.00
2013.09.16 10:07:21.789,1.33535,1.33537,2.71,3.00
2013.09.16 10:07:22.330,1.33536,1.33537,1.00,2.25
2013.09.16 10:07:22.909,1.33535,1.33537,3.46,2.25
2013.09.16 10:07:24.220,1.33535,1.33537,4.46,1.88
2013.09.16 10:07:26.900,1.33536,1.33538,2.96,1.88
2013.09.16 10:07:27.430,1.33537,1.33538,1.00,3.00
2013.09.16 10:07:30.390,1.33536,1.33537,1.96,1.00
2013.09.16 10:07:32.360,1.33536,1.33537,2.71,1.50
2013.09.16 10:07:35.212,1.33536,1.33538,1.49,1.50
2013.09.16 10:07:43.610,1.33536,1.33538,1.49,3.57
2013.09.16 10:07:48.100,1.33536,1.33538,1.59,7.69
2013.09.16 10:07:57.442,1.33536,1.33538,1.96,8.82
2013.09.16 10:07:59.644,1.33536,1.33538,2.34,9.19
2013.09.16 10:08:01.872,1.33536,1.33537,2.34,1.00
2013.09.16 10:08:02.410,1.33536,1.33538,2.71,8.44
2013.09.16 10:08:09.341,1.33536,1.33538,3.39,3.38
2013.09.16 10:08:13.841,1.33536,1.33537,2.34,1.00
2013.09.16 10:08:25.095,1.33535,1.33537,1.59,3.00
2013.09.16 10:08:33.220,1.33535,1.33537,1.59,1.00
2013.09.16 10:08:37.070,1.33535,1.33537,1.59,2.25
2013.09.16 10:08:37.620,1.33536,1.33537,1.11,3.00
2013.09.16 10:08:51.280,1.33536,1.33538,1.39,2.25
2013.09.16 10:08:54.100,1.33534,1.33537,3.00,4.38
2013.09.16 10:09:00.363,1.33535,1.33536,1.29,1.00
2013.09.16 10:09:01.834,1.33534,1.33535,1.00,1.13
2013.09.16 10:09:02.370,1.33533,1.33535,1.13,3.00
2013.09.16 10:09:06.640,1.33533,1.33534,1.00,1.00
2013.09.16 10:09:15.382,1.33532,1.33534,1.89,2.63
2013.09.16 10:09:16.781,1.33532,1.33533,1.01,4.88
2013.09.16 10:09:17.321,1.33533,1.33534,1.13,1.00
2013.09.16 10:09:17.380,1.33533,1.33536,3.64,5.63
2013.09.16 10:09:18.590,1.33534,1.33535,1.01,3.00
2013.09.16 10:09:23.161,1.33533,1.33535,1.88,1.50
2013.09.16 10:09:26.360,1.33534,1.33535,1.51,2.25
2013.09.16 10:09:27.769,1.33533,1.33535,1.13,2.50
2013.09.16 10:09:28.800,1.33534,1.33535,3.01,2.25
2013.09.16 10:09:29.646,1.33534,1.33535,2.64,2.25
2013.09.16 10:09:31.370,1.33533,1.33535,1.01,2.50
2013.09.16 10:09:31.431,1.33532,1.33534,5.26,4.13
2013.09.16 10:09:34.131,1.33533,1.33534,1.13,3.38
2013.09.16 10:09:35.490,1.33532,1.33534,1.51,1.73
2013.09.16 10:09:35.850,1.33533,1.33535,2.63,2.63
2013.09.16 10:09:35.970,1.33532,1.33535,1.51,3.00
2013.09.16 10:09:38.091,1.33533,1.33535,1.00,5.63
2013.09.16 10:09:43.080,1.33533,1.33535,1.50,4.13
2013.09.16 10:09:51.611,1.33532,1.33535,1.51,2.25
2013.09.16 10:09:54.440,1.33532,1.33533,3.01,1.13
2013.09.16 10:09:54.680,1.33532,1.33534,5.26,1.50
2013.09.16 10:09:54.741,1.33533,1.33535,1.50,3.38
2013.09.16 10:09:55.280,1.33533,1.33534,1.50,2.63
2013.09.16 10:09:59.540,1.33533,1.33535,2.50,1.50
2013.09.16 10:10:00.083,1.33534,1.33536,1.51,6.00
2013.09.16 10:10:01.510,1.33535,1.33536,2.26,1.69
2013.09.16 10:10:02.050,1.33534,1.33536,2.25,3.19
2013.09.16 10:10:06.389,1.33535,1.33536,3.75,2.82
2013.09.16 10:10:08.460,1.33536,1.33537,1.00,1.32
2013.09.16 10:10:09.120,1.33535,1.33537,3.75,1.69
2013.09.16 10:10:11.670,1.33534,1.33536,4.50,4.13
2013.09.16 10:10:13.160,1.33535,1.33538,4.00,8.82
2013.09.16 10:10:14.370,1.33535,1.33538,2.25,11.29
2013.09.16 10:10:16.060,1.33535,1.33537,1.50,3.04
2013.09.16 10:10:22.111,1.33535,1.33537,3.25,1.54
2013.09.16 10:10:22.422,1.33536,1.3354,7.00,4.35
2013.09.16 10:10:22.902,1.33536,1.33539,12.00,1.88
2013.09.16 10:10:23.441,1.33538,1.3354,1.50,5.63
2013.09.16 10:10:23.621,1.33538,1.33541,3.25,2.48
2013.09.16 10:10:23.681,1.33539,1.33541,1.00,1.88
2013.09.16 10:10:23.860,1.33537,1.3354,4.88,4.50
2013.09.16 10:10:23.980,1.33538,1.33541,4.00,2.48
2013.09.16 10:10:24.781,1.33538,1.33539,2.25,1.00
2013.09.16 10:10:24.841,1.33538,1.33539,1.00,1.00
2013.09.16 10:10:25.354,1.33538,1.3354,6.00,3.38
2013.09.16 10:10:25.870,1.33537,1.33539,3.00,1.00
2013.09.16 10:10:26.590,1.33537,1.33538,3.00,1.00
2013.09.16 10:10:27.130,1.33536,1.33539,3.75,5.25
2013.09.16 10:10:30.592,1.33536,1.33538,3.00,1.50
2013.09.16 10:10:31.140,1.33537,1.33539,3.00,3.38
2013.09.16 10:10:31.700,1.33537,1.33539,3.25,3.00
2013.09.16 10:10:34.320,1.33537,1.33539,3.00,2.63
2013.09.16 10:10:34.800,1.33537,1.33539,3.00,4.50
2013.09.16 10:10:34.860,1.33535,1.33539,11.85,4.13
2013.09.16 10:10:35.399,1.33537,1.33539,3.00,3.00
2013.09.16 10:10:38.440,1.33536,1.33537,1.00,1.00
2013.09.16 10:10:42.531,1.33536,1.33538,3.00,1.38
2013.09.16 10:10:42.770,1.33536,1.33539,3.25,4.13
2013.09.16 10:10:42.830,1.33536,1.33539,2.25,4.13
2013.09.16 10:10:46.560,1.33536,1.33538,3.25,1.00
2013.09.16 10:10:46.620,1.33536,1.33538,3.00,1.00
2013.09.16 10:10:47.160,1.33536,1.33539,3.75,3.38
2013.09.16 10:10:50.652,1.33536,1.33538,1.00,2.10
2013.09.16 10:10:51.266,1.33537,1.33539,2.25,3.75
2013.09.16 10:10:53.690,1.33536,1.33539,1.00,4.13
2013.09.16 10:10:54.612,1.33536,1.33538,2.25,2.85
2013.09.16 10:10:55.151,1.33537,1.33539,3.00,3.75
2013.09.16 10:10:56.600,1.33535,1.33538,9.75,1.50
2013.09.16 10:10:57.171,1.33536,1.33539,6.75,3.00
2013.09.16 10:11:00.471,1.33537,1.33539,1.00,2.63
2013.09.16 10:11:01.014,1.33537,1.3354,1.50,6.75
2013.09.16 10:11:01.811,1.33536,1.33538,1.00,1.00
2013.09.16 10:11:02.052,1.33536,1.33539,6.00,5.63
2013.09.16 10:11:02.840,1.33536,1.33539,4.50,4.13
2013.09.16 10:11:03.041,1.33536,1.33539,6.75,3.75
2013.09.16 10:11:05.520,1.33536,1.33538,1.00,1.00
2013.09.16 10:11:05.580,1.33536,1.33538,1.00,1.13
2013.09.16 10:11:05.640,1.33536,1.33538,1.50,1.13
2013.09.16 10:11:06.180,1.33536,1.33539,2.25,3.75
2013.09.16 10:11:07.372,1.33536,1.33538,2.50,1.13
2013.09.16 10:11:07.433,1.33536,1.33538,1.50,1.13
2013.09.16 10:11:07.560,1.33534,1.33537,3.38,1.38
2013.09.16 10:11:12.511,1.33534,1.33537,1.88,1.38
2013.09.16 10:11:20.000,1.33535,1.33537,1.88,2.82
2013.09.16 10:11:21.681,1.33532,1.33536,1.73,2.88
2013.09.16 10:11:21.800,1.33531,1.33533,6.00,3.00
2013.09.16 10:11:21.981,1.33529,1.33531,8.63,3.63
2013.09.16 10:11:22.100,1.33528,1.3353,6.38,3.75
2013.09.16 10:11:22.640,1.33528,1.33531,5.13,3.38
2013.09.16 10:11:22.820,1.33528,1.33531,5.13,4.13
2013.09.16 10:11:24.870,1.33528,1.33531,4.88,6.75
2013.09.16 10:11:25.410,1.33529,1.33531,1.00,4.13
2013.09.16 10:11:29.783,1.3353,1.33532,1.00,6.75
2013.09.16 10:11:29.900,1.3353,1.33532,3.00,9.00
2013.09.16 10:11:30.691,1.33529,1.33532,1.00,7.13
2013.09.16 10:11:30.758,1.33529,1.33531,1.00,1.13
2013.09.16 10:11:36.600,1.33529,1.33531,1.00,1.50
2013.09.16 10:11:37.120,1.33528,1.33531,3.38,2.25
2013.09.16 10:11:45.130,1.33527,1.3353,1.13,3.75
2013.09.16 10:11:55.831,1.33525,1.33528,2.85,1.88
2013.09.16 10:11:55.951,1.33525,1.33527,3.75,2.63
2013.09.16 10:11:56.250,1.33521,1.33525,1.13,10.76
2013.09.16 10:11:56.492,1.3352,1.33522,5.03,1.88
2013.09.16 10:11:57.031,1.3352,1.33523,10.13,4.13
2013.09.16 10:11:57.960,1.3352,1.33523,6.15,3.38
2013.09.16 10:11:58.382,1.33519,1.3352,3.75,6.98
2013.09.16 10:11:58.740,1.33516,1.33518,1.13,6.60
2013.09.16 10:11:59.282,1.33516,1.33518,1.41,3.60
2013.09.16 10:11:59.640,1.33515,1.33518,1.91,3.60
2013.09.16 10:12:00.122,1.33514,1.33516,1.88,1.38
2013.09.16 10:12:00.480,1.33514,1.33516,1.50,1.13
2013.09.16 10:12:01.020,1.33513,1.33516,5.25,1.13
2013.09.16 10:12:02.090,1.33513,1.33515,2.93,1.00
2013.09.16 10:12:02.631,1.33513,1.33515,1.50,1.38
2013.09.16 10:12:03.171,1.33513,1.33515,1.00,2.63
2013.09.16 10:12:03.951,1.3351,1.33513,1.00,4.50
2013.09.16 10:12:04.614,1.33508,1.3351,1.00,1.00
2013.09.16 10:12:05.146,1.33502,1.33512,2.63,2.25
2013.09.16 10:12:05.511,1.33506,1.33508,3.00,1.38
2013.09.16 10:12:05.931,1.33505,1.33508,1.00,2.48
2013.09.16 10:12:08.080,1.33506,1.33508,2.50,2.67
2013.09.16 10:12:09.740,1.33506,1.33507,1.50,1.00
2013.09.16 10:12:10.328,1.33506,1.33507,1.00,1.00
2013.09.16 10:12:11.970,1.33505,1.33507,3.23,1.00
2013.09.16 10:12:13.304,1.33505,1.33506,2.48,1.00
2013.09.16 10:12:13.851,1.33506,1.33508,1.00,2.10
2013.09.16 10:12:15.451,1.33506,1.33508,2.50,1.35
2013.09.16 10:12:18.580,1.33506,1.33509,2.25,9.04
2013.09.16 10:12:20.511,1.33503,1.33506,4.13,5.25
2013.09.16 10:12:20.870,1.33495,1.33501,1.00,3.00
2013.09.16 10:12:20.931,1.33496,1.33499,2.14,1.88
2013.09.16 10:12:21.051,1.33497,1.33499,1.00,1.50
2013.09.16 10:12:21.111,1.33498,1.335,1.30,5.25
2013.09.16 10:12:21.653,1.33499,1.33501,2.25,2.63
2013.09.16 10:12:22.190,1.33497,1.33499,1.50,1.00
2013.09.16 10:12:22.251,1.33497,1.33498,1.00,1.50
2013.09.16 10:12:22.431,1.33495,1.33498,1.00,3.75
2013.09.16 10:12:23.033,1.33497,1.33498,1.00,1.50
2013.09.16 10:12:23.391,1.33498,1.335,1.00,2.63
2013.09.16 10:12:23.573,1.33497,1.335,3.60,3.38
2013.09.16 10:12:24.110,1.33498,1.33501,1.50,2.25
2013.09.16 10:12:24.351,1.33497,1.335,3.42,1.88
2013.09.16 10:12:24.591,1.33496,1.33497,1.50,2.63
2013.09.16 10:12:24.651,1.33496,1.33497,1.00,3.00
2013.09.16 10:12:25.010,1.33494,1.33495,1.00,1.00
2013.09.16 10:12:25.550,1.33492,1.33496,1.35,6.75
2013.09.16 10:12:26.121,1.33493,1.33495,2.63,1.38
2013.09.16 10:12:27.860,1.33492,1.33495,3.75,1.38
2013.09.16 10:12:29.210,1.33493,1.33496,1.00,4.13
2013.09.16 10:12:30.692,1.33492,1.33494,2.85,2.50
2013.09.16 10:12:31.230,1.33492,1.33493,1.00,1.00
2013.09.16 10:12:32.103,1.33491,1.33493,2.50,1.00
2013.09.16 10:12:33.770,1.33492,1.33494,1.00,4.88
2013.09.16 10:12:35.890,1.33492,1.33493,1.00,1.00
2013.09.16 10:12:36.511,1.33491,1.33493,2.85,6.25
2013.09.16 10:12:36.630,1.33488,1.33492,1.50,9.63
2013.09.16 10:12:36.990,1.33486,1.33488,2.25,3.70
2013.09.16 10:12:37.233,1.33487,1.3349,4.35,2.25
2013.09.16 10:12:37.771,1.33487,1.33491,7.58,3.68
2013.09.16 10:12:38.342,1.33489,1.33491,8.17,3.00
2013.09.16 10:12:39.350,1.33489,1.33491,2.82,3.00
2013.09.16 10:12:39.410,1.33489,1.3349,2.82,1.50
2013.09.16 10:12:39.650,1.33488,1.3349,6.60,3.75
2013.09.16 10:12:40.070,1.33489,1.33491,4.13,3.75
2013.09.16 10:12:40.130,1.33489,1.33494,6.38,1.73
2013.09.16 10:12:40.490,1.33492,1.33494,3.25,2.25
2013.09.16 10:12:40.552,1.33493,1.33494,1.00,1.50
2013.09.16 10:12:40.730,1.33493,1.33495,6.00,1.50
2013.09.16 10:12:41.270,1.33495,1.33497,1.00,3.75
2013.09.16 10:12:41.390,1.33495,1.33497,1.00,5.25
2013.09.16 10:12:44.140,1.33494,1.33497,1.35,4.88
2013.09.16 10:12:46.870,1.33493,1.33495,6.75,2.13
2013.09.16 10:12:47.450,1.33492,1.33494,4.32,1.43
2013.09.16 10:12:47.750,1.3349,1.33492,4.88,1.50
2013.09.16 10:12:48.301,1.3349,1.33492,5.63,1.00
2013.09.16 10:12:48.862,1.33489,1.33491,1.35,2.13
2013.09.16 10:12:49.400,1.33489,1.3349,1.00,1.13
2013.09.16 10:12:51.410,1.33488,1.33491,2.44,2.40
2013.09.16 10:12:51.952,1.33489,1.33492,1.50,4.13
2013.09.16 10:12:52.490,1.33488,1.33491,2.25,1.38
2013.09.16 10:12:53.340,1.33489,1.3349,1.00,1.88
2013.09.16 10:12:53.581,1.33487,1.33488,2.25,1.00
2013.09.16 10:12:54.000,1.33485,1.33488,3.75,4.73
2013.09.16 10:12:54.060,1.33484,1.33488,3.19,5.10
2013.09.16 10:12:54.240,1.33485,1.33487,3.00,1.00
2013.09.16 10:12:54.780,1.33486,1.33488,1.50,2.48
2013.09.16 10:12:56.010,1.33485,1.33488,3.00,2.63
2013.09.16 10:12:56.550,1.33486,1.33488,2.25,2.63
2013.09.16 10:12:58.820,1.33486,1.33488,2.50,1.88
2013.09.16 10:12:59.782,1.33488,1.33492,2.50,5.63
2013.09.16 10:13:00.372,1.33492,1.33495,4.13,1.38
2013.09.16 10:13:00.431,1.33492,1.33495,4.50,2.63
2013.09.16 10:13:01.330,1.33492,1.33495,1.50,2.25
2013.09.16 10:13:04.523,1.33493,1.33495,1.00,2.25
2013.09.16 10:13:05.060,1.33493,1.33495,1.13,1.13
2013.09.16 10:13:07.061,1.33493,1.33495,1.13,1.50
2013.09.16 10:13:10.180,1.33493,1.33495,1.38,1.50
2013.09.16 10:13:20.220,1.33493,1.33496,1.88,4.13
2013.09.16 10:13:20.400,1.33492,1.33496,5.48,2.63
2013.09.16 10:13:20.640,1.33496,1.33499,6.38,3.75
2013.09.16 10:13:20.760,1.33498,1.33501,1.00,1.00
2013.09.16 10:13:21.240,1.335,1.33502,2.25,1.38
2013.09.16 10:13:21.482,1.33499,1.335,4.84,1.00
2013.09.16 10:13:22.680,1.33499,1.335,1.13,1.00
2013.09.16 10:13:23.220,1.33499,1.335,1.50,1.13
2013.09.16 10:13:23.760,1.335,1.33502,1.13,4.88
2013.09.16 10:13:25.000,1.33501,1.33502,1.00,1.88
2013.09.16 10:13:25.540,1.33502,1.33504,1.00,5.63
2013.09.16 10:13:25.900,1.335,1.33502,1.88,5.10
2013.09.16 10:13:26.440,1.33498,1.33501,1.00,3.38
2013.09.16 10:13:31.065,1.33499,1.33502,2.63,2.82
2013.09.16 10:13:31.852,1.335,1.33503,15.63,1.50
2013.09.16 10:13:32.711,1.33501,1.33504,5.50,3.00
2013.09.16 10:13:33.263,1.33503,1.33504,1.13,1.00
2013.09.16 10:13:33.621,1.33505,1.3351,4.73,4.13
2013.09.16 10:13:33.981,1.33509,1.33511,3.25,9.38
2013.09.16 10:13:34.042,1.33509,1.33511,3.60,4.38
2013.09.16 10:13:34.583,1.33509,1.3351,1.13,1.00
2013.09.16 10:13:35.120,1.3351,1.33512,2.63,5.63
2013.09.16 10:13:35.660,1.33509,1.3351,1.88,1.00
2013.09.16 10:13:36.941,1.33509,1.33511,1.13,1.50
2013.09.16 10:13:37.621,1.3351,1.33512,1.00,8.85
2013.09.16 10:13:37.800,1.33509,1.33512,4.73,1.50
2013.09.16 10:13:39.122,1.33507,1.3351,1.13,3.38
2013.09.16 10:13:39.660,1.33507,1.3351,1.13,5.25
2013.09.16 10:13:48.940,1.33508,1.3351,1.00,3.75
2013.09.16 10:13:58.430,1.33506,1.33509,2.25,1.13
2013.09.16 10:13:58.731,1.33505,1.33507,1.95,4.75
2013.09.16 10:13:58.851,1.33504,1.33506,2.63,1.00
2013.09.16 10:14:00.180,1.33504,1.33505,1.00,1.13
2013.09.16 10:14:00.732,1.33503,1.33505,2.25,2.63
2013.09.16 10:14:01.290,1.33503,1.33504,1.50,1.13
2013.09.16 10:14:01.840,1.33502,1.33504,1.73,2.13
2013.09.16 10:14:02.440,1.33504,1.33506,1.00,4.50
2013.09.16 10:14:03.564,1.33503,1.33504,2.25,1.88
2013.09.16 10:14:07.731,1.33503,1.33505,1.88,1.88
2013.09.16 10:14:08.275,1.33505,1.33508,1.00,7.13
2013.09.16 10:14:09.060,1.33504,1.33507,1.50,2.10
2013.09.16 10:14:10.193,1.33503,1.33506,4.13,1.38
2013.09.16 10:14:10.771,1.33503,1.33507,4.88,3.38
2013.09.16 10:14:11.300,1.33504,1.33507,1.00,2.63
2013.09.16 10:14:11.840,1.33503,1.33506,4.13,1.38
2013.09.16 10:14:25.020,1.33502,1.33504,2.25,1.38
2013.09.16 10:14:25.622,1.33503,1.33506,2.63,6.38
2013.09.16 10:14:29.280,1.33504,1.33506,1.00,1.50
2013.09.16 10:14:29.820,1.33504,1.33506,1.00,1.88
2013.09.16 10:14:30.340,1.33503,1.33506,3.38,2.63
2013.09.16 10:14:33.380,1.33504,1.33506,1.00,7.13
2013.09.16 10:14:37.980,1.33503,1.33506,5.85,1.88
2013.09.16 10:14:38.536,1.33503,1.33505,1.00,3.38
2013.09.16 10:14:38.851,1.33502,1.33503,1.00,1.35
2013.09.16 10:14:39.390,1.33501,1.33504,1.88,3.08
2013.09.16 10:14:41.970,1.33502,1.33503,1.50,1.00
2013.09.16 10:14:42.511,1.33502,1.33505,5.13,1.00
2013.09.16 10:14:42.691,1.33504,1.33506,3.25,1.00
2013.09.16 10:14:42.810,1.33504,1.33505,1.00,1.00
2013.09.16 10:14:43.170,1.33504,1.33505,1.00,1.13
2013.09.16 10:14:44.940,1.33502,1.33505,2.63,4.88
2013.09.16 10:14:45.060,1.33502,1.33505,1.50,6.38
2013.09.16 10:14:45.600,1.33502,1.33503,1.00,1.50
2013.09.16 10:14:45.661,1.33503,1.33504,1.50,1.13
2013.09.16 10:14:46.201,1.33502,1.33504,5.25,1.38
2013.09.16 10:14:47.060,1.33503,1.33505,1.50,3.00
2013.09.16 10:14:47.600,1.33504,1.33506,2.25,1.88
2013.09.16 10:14:48.261,1.33504,1.33506,1.00,7.20
2013.09.16 10:14:48.621,1.33503,1.33504,2.25,1.00
2013.09.16 10:14:51.010,1.33503,1.33505,1.50,1.13
2013.09.16 10:14:51.691,1.33503,1.33504,2.10,1.00
2013.09.16 10:14:52.607,1.33503,1.33505,1.00,1.13
2013.09.16 10:14:55.017,1.33503,1.33506,6.75,2.25
2013.09.16 10:14:55.573,1.33503,1.33505,5.50,2.25
2013.09.16 10:14:56.122,1.33504,1.33506,3.15,1.00
2013.09.16 10:14:56.541,1.33504,1.33505,1.50,1.50
2013.09.16 10:14:56.661,1.33504,1.33505,1.50,1.88
2013.09.16 10:14:58.251,1.33502,1.33505,3.38,1.88
2013.09.16 10:14:58.941,1.33502,1.33505,3.38,2.63
2013.09.16 10:15:03.090,1.33503,1.33505,1.00,1.50
2013.09.16 10:15:05.040,1.33502,1.33505,3.38,1.50
2013.09.16 10:15:05.760,1.33503,1.33505,1.50,3.59
2013.09.16 10:15:06.870,1.33501,1.33504,4.50,1.50
2013.09.16 10:15:07.110,1.33503,1.33505,1.50,1.80
2013.09.16 10:15:07.650,1.33504,1.33506,1.50,1.50
2013.09.16 10:15:10.970,1.33504,1.33506,2.50,1.13
2013.09.16 10:15:11.602,1.33504,1.33506,2.25,1.50
2013.09.16 10:15:17.346,1.33504,1.33506,1.13,1.50
2013.09.16 10:15:20.301,1.33504,1.33506,1.00,3.00
2013.09.16 10:15:24.131,1.33503,1.33504,1.13,1.13
2013.09.16 10:15:26.130,1.33502,1.33504,1.00,4.50
2013.09.16 10:15:30.531,1.33502,1.33505,4.69,4.50
2013.09.16 10:15:30.591,1.33504,1.33505,2.25,1.50
2013.09.16 10:15:31.314,1.33505,1.33506,1.50,1.00
2013.09.16 10:15:31.870,1.33505,1.33507,1.50,3.75
2013.09.16 10:15:32.350,1.33503,1.33506,3.75,1.88
2013.09.16 10:15:34.140,1.33504,1.33506,1.00,4.20
2013.09.16 10:15:35.201,1.33503,1.33506,2.25,4.20
2013.09.16 10:15:35.323,1.33503,1.33505,1.13,1.50
2013.09.16 10:15:37.550,1.33502,1.33504,1.50,2.25
2013.09.16 10:15:38.091,1.33502,1.33505,2.63,5.63
2013.09.16 10:15:39.761,1.33502,1.33505,1.88,11.25
2013.09.16 10:15:40.303,1.33501,1.33503,2.10,1.00
2013.09.16 10:15:40.432,1.33503,1.33504,1.50,1.13
2013.09.16 10:15:40.971,1.33503,1.33505,1.00,5.25
2013.09.16 10:15:44.111,1.33501,1.33503,1.35,1.00
2013.09.16 10:15:44.470,1.33496,1.335,2.63,6.61
2013.09.16 10:15:44.531,1.33496,1.33499,2.88,4.13
2013.09.16 10:15:44.652,1.33496,1.33497,1.50,3.23
2013.09.16 10:15:44.831,1.33493,1.33497,8.55,3.23
2013.09.16 10:15:45.430,1.33493,1.33495,3.38,1.00
2013.09.16 10:15:45.937,1.33493,1.33496,3.38,2.85
2013.09.16 10:15:46.261,1.33493,1.33496,2.25,3.98
2013.09.16 10:15:46.380,1.33492,1.33496,6.00,3.98
2013.09.16 10:15:49.661,1.33493,1.33495,1.13,1.00
2013.09.16 10:15:50.200,1.33494,1.33495,1.00,1.00
2013.09.16 10:15:50.741,1.33494,1.33496,1.00,1.50
2013.09.16 10:15:50.921,1.33495,1.33498,4.75,1.20
2013.09.16 10:15:51.100,1.33495,1.33496,1.00,1.00
2013.09.16 10:15:51.630,1.33494,1.33497,1.00,1.88
2013.09.16 10:15:51.871,1.33496,1.33498,1.13,1.50
2013.09.16 10:15:52.411,1.33497,1.33499,1.00,2.63
2013.09.16 10:15:52.921,1.33496,1.33499,1.88,3.00
2013.09.16 10:15:54.891,1.33496,1.33497,1.13,1.50
2013.09.16 10:15:55.634,1.33496,1.33498,1.13,3.75
2013.09.16 10:15:56.704,1.33497,1.33499,5.48,1.50
2013.09.16 10:15:57.012,1.335,1.33503,7.73,1.00
2013.09.16 10:15:57.191,1.33502,1.33504,2.10,1.00
2013.09.16 10:15:58.151,1.33503,1.33506,3.00,6.08
2013.09.16 10:15:58.700,1.33503,1.33505,1.38,1.00
2013.09.16 10:15:59.249,1.33502,1.33506,4.88,3.00
2013.09.16 10:16:00.250,1.33503,1.33506,1.50,3.00
2013.09.16 10:16:00.610,1.33503,1.33505,1.50,1.50
2013.09.16 10:16:02.051,1.33503,1.33505,1.00,1.50
2013.09.16 10:16:02.691,1.33503,1.33505,2.25,1.00
2013.09.16 10:16:03.240,1.33504,1.33505,1.00,1.00
2013.09.16 10:16:04.171,1.33504,1.33506,1.50,1.13
2013.09.16 10:16:08.160,1.33505,1.33508,2.50,3.30
2013.09.16 10:16:08.701,1.33506,1.33507,1.00,2.25
2013.09.16 10:16:08.940,1.33504,1.33506,1.13,1.13
2013.09.16 10:16:10.301,1.33503,1.33505,3.38,1.88
2013.09.16 10:16:10.840,1.33503,1.33505,1.88,1.88
2013.09.16 10:16:13.200,1.33501,1.33503,7.50,1.00
2013.09.16 10:16:13.261,1.335,1.33503,7.88,1.38
2013.09.16 10:16:13.800,1.33498,1.335,2.25,2.63
2013.09.16 10:16:18.536,1.33499,1.33501,5.63,1.13
2013.09.16 10:16:18.661,1.335,1.33502,5.63,2.25
2013.09.16 10:16:18.721,1.33501,1.33503,1.00,6.53
2013.09.16 10:16:19.260,1.33501,1.33502,1.88,1.00
2013.09.16 10:16:20.510,1.33501,1.33504,1.88,2.63
2013.09.16 10:16:20.694,1.335,1.33502,2.25,4.23
2013.09.16 10:16:21.170,1.33498,1.335,1.09,3.00
2013.09.16 10:16:21.711,1.33498,1.33499,1.09,1.50
2013.09.16 10:16:22.250,1.33498,1.335,1.13,4.13
2013.09.16 10:16:23.412,1.33497,1.33498,2.03,2.25
2013.09.16 10:16:24.131,1.33496,1.33499,3.16,1.50
2013.09.16 10:16:24.671,1.33497,1.335,1.66,8.25
2013.09.16 10:16:26.333,1.33498,1.33499,1.13,1.00
2013.09.16 10:16:29.290,1.33498,1.335,1.29,1.88
2013.09.16 10:16:31.691,1.33497,1.33499,1.13,1.00
2013.09.16 10:16:32.264,1.33498,1.33499,1.67,1.50
2013.09.16 10:16:33.420,1.33498,1.335,3.74,3.38
2013.09.16 10:16:34.032,1.33498,1.335,4.11,1.50
2013.09.16 10:16:34.567,1.33498,1.33501,5.61,4.95
2013.09.16 10:16:43.552,1.33498,1.335,4.49,1.00
2013.09.16 10:16:43.910,1.33496,1.33499,4.50,4.38
2013.09.16 10:16:45.811,1.33496,1.33498,6.75,3.00
2013.09.16 10:16:46.351,1.33495,1.33497,3.38,1.50
2013.09.16 10:16:47.210,1.33495,1.33498,6.30,2.25
2013.09.16 10:16:51.651,1.33495,1.33497,2.25,1.00
2013.09.16 10:16:52.190,1.33495,1.33498,2.63,3.38
2013.09.16 10:16:53.071,1.33495,1.33497,2.63,1.00
2013.09.16 10:16:53.644,1.33495,1.33496,1.88,1.50
2013.09.16 10:16:55.120,1.33495,1.33497,2.25,3.00
2013.09.16 10:16:55.501,1.33494,1.33496,3.38,1.00
2013.09.16 10:16:55.804,1.33489,1.33493,3.75,12.61
2013.09.16 10:16:55.923,1.33489,1.33491,1.50,7.73
2013.09.16 10:16:56.401,1.33488,1.3349,1.13,1.88
2013.09.16 10:17:00.762,1.33489,1.33491,2.50,1.13
2013.09.16 10:17:01.062,1.33488,1.33492,3.38,7.13
2013.09.16 10:17:01.600,1.33489,1.33492,1.00,5.25
2013.09.16 10:17:02.140,1.33489,1.33492,1.88,5.25
2013.09.16 10:17:03.651,1.33489,1.33492,1.50,3.75
2013.09.16 10:17:04.192,1.33487,1.3349,1.50,4.35
2013.09.16 10:17:04.251,1.33486,1.33489,2.25,1.13
2013.09.16 10:17:04.791,1.33486,1.33488,1.00,1.13
2013.09.16 10:17:05.340,1.3348,1.33487,1.88,1.00
2013.09.16 10:17:06.131,1.33484,1.33486,1.30,1.00
2013.09.16 10:17:06.671,1.3348,1.33487,1.80,1.50
2013.09.16 10:17:13.271,1.33486,1.33487,1.00,1.50
2013.09.16 10:17:13.693,1.33487,1.33489,2.50,1.10
2013.09.16 10:17:14.052,1.3349,1.33494,14.25,3.00
2013.09.16 10:17:14.592,1.33492,1.33494,1.88,4.88
2013.09.16 10:17:15.151,1.33492,1.33494,1.88,2.25
2013.09.16 10:17:15.450,1.3349,1.33493,8.44,1.50
2013.09.16 10:17:15.990,1.3349,1.33493,6.30,2.63
2013.09.16 10:17:16.540,1.33492,1.33493,1.50,1.00
2013.09.16 10:17:18.611,1.3349,1.33493,14.25,1.60
2013.09.16 10:17:18.731,1.3349,1.33492,6.75,5.67
2013.09.16 10:17:18.971,1.33489,1.3349,1.00,1.88
2013.09.16 10:17:19.211,1.33486,1.33489,3.75,1.88
2013.09.16 10:17:19.811,1.33488,1.33489,1.00,1.00
2013.09.16 10:17:20.351,1.33488,1.3349,1.00,3.27
2013.09.16 10:17:20.880,1.33487,1.3349,2.63,4.02
2013.09.16 10:17:22.413,1.33487,1.33489,1.88,1.00
2013.09.16 10:17:27.492,1.33487,1.33488,1.13,1.00
2013.09.16 10:17:27.733,1.33485,1.33487,5.48,1.00
2013.09.16 10:17:28.241,1.33484,1.33486,2.25,1.00
2013.09.16 10:17:33.160,1.33483,1.33486,2.25,1.00
2013.09.16 10:17:40.354,1.33482,1.33485,8.07,1.00
2013.09.16 10:17:40.950,1.33482,1.33486,8.63,2.10
2013.09.16 10:17:41.971,1.33483,1.33486,1.50,2.25
2013.09.16 10:17:46.780,1.33483,1.33487,1.38,2.63
2013.09.16 10:17:48.183,1.33483,1.33486,1.38,1.00
2013.09.16 10:17:53.995,1.33484,1.33487,1.38,2.25
2013.09.16 10:17:54.777,1.33484,1.33487,1.38,6.38
2013.09.16 10:17:58.761,1.33483,1.33487,1.13,5.63
2013.09.16 10:18:00.071,1.33483,1.33487,1.50,6.75
2013.09.16 10:18:02.081,1.33483,1.33485,1.88,1.00
2013.09.16 10:18:02.203,1.33483,1.33485,1.88,1.00
2013.09.16 10:18:02.741,1.33483,1.33485,2.08,2.25
2013.09.16 10:18:03.562,1.33483,1.33485,1.88,2.50
2013.09.16 10:18:05.500,1.33484,1.33485,1.27,2.25
2013.09.16 10:18:09.651,1.33485,1.33487,1.00,2.63
2013.09.16 10:18:10.190,1.33485,1.33486,1.00,1.13
2013.09.16 10:18:10.849,1.33484,1.33486,1.70,1.13
2013.09.16 10:18:11.451,1.33484,1.33485,1.70,1.00
2013.09.16 10:18:17.230,1.33483,1.33485,1.00,1.00
2013.09.16 10:18:17.771,1.33484,1.33486,1.00,1.88
2013.09.16 10:18:18.321,1.33485,1.33486,1.00,1.88
2013.09.16 10:18:21.702,1.33485,1.33487,2.25,1.00
2013.09.16 10:18:22.211,1.33485,1.33487,2.25,1.38
2013.09.16 10:18:23.334,1.33486,1.33487,1.50,1.00
2013.09.16 10:18:23.513,1.33486,1.33489,7.00,3.38
2013.09.16 10:18:23.871,1.33489,1.3349,3.38,6.38
2013.09.16 10:18:23.931,1.3349,1.33494,6.25,3.98
2013.09.16 10:18:24.172,1.3349,1.33493,1.88,2.55
2013.09.16 10:18:24.350,1.33491,1.33494,1.00,1.13
2013.09.16 10:18:24.591,1.33492,1.33494,4.13,3.75
2013.09.16 10:18:25.104,1.33495,1.33497,2.88,3.38
2013.09.16 10:18:25.762,1.33495,1.33497,2.63,1.88
2013.09.16 10:18:26.301,1.33495,1.33497,1.00,1.53
2013.09.16 10:18:26.841,1.33494,1.33497,1.50,3.75
2013.09.16 10:18:27.431,1.33495,1.33497,1.00,3.75
2013.09.16 10:18:28.101,1.33494,1.33497,1.13,5.25
2013.09.16 10:18:28.672,1.33494,1.33497,1.00,6.00
2013.09.16 10:18:29.514,1.33494,1.33496,1.00,2.82
2013.09.16 10:18:30.043,1.33493,1.33496,2.63,3.19
2013.09.16 10:18:30.402,1.33493,1.33496,3.00,3.19
2013.09.16 10:18:31.243,1.33494,1.33496,1.00,2.82
2013.09.16 10:18:33.798,1.33494,1.33496,1.13,6.00
2013.09.16 10:18:34.771,1.33494,1.33496,1.13,3.38
2013.09.16 10:18:37.633,1.33494,1.33496,2.13,3.00
2013.09.16 10:18:41.934,1.33494,1.33496,1.88,3.38
2013.09.16 10:18:43.822,1.33495,1.33496,1.00,1.50
2013.09.16 10:18:44.951,1.33495,1.33496,1.00,5.40
2013.09.16 10:18:45.793,1.33494,1.33497,3.75,1.90
2013.09.16 10:18:46.333,1.33494,1.33497,2.25,1.15
2013.09.16 10:18:46.991,1.33494,1.33496,1.00,1.28
2013.09.16 10:18:48.342,1.33495,1.33497,2.50,1.00
2013.09.16 10:18:48.881,1.33494,1.33497,1.50,3.15
2013.09.16 10:18:50.511,1.33495,1.33497,1.00,4.62
2013.09.16 10:18:52.631,1.33493,1.33496,5.63,1.13
2013.09.16 10:19:01.481,1.33493,1.33495,3.00,1.00
2013.09.16 10:19:01.994,1.33493,1.33495,1.50,1.38
2013.09.16 10:19:12.821,1.33493,1.33495,1.87,1.50
2013.09.16 10:19:14.041,1.33493,1.33494,1.00,1.13
2013.09.16 10:19:14.161,1.33491,1.33493,1.88,1.50
2013.09.16 10:19:14.281,1.3349,1.33492,6.38,1.15
2013.09.16 10:19:14.941,1.33491,1.33492,1.00,1.50
2013.09.16 10:19:16.804,1.3349,1.33492,1.88,2.25
2013.09.16 10:19:17.163,1.33485,1.33488,4.13,2.48
2013.09.16 10:19:17.703,1.33485,1.33488,1.38,2.10
2013.09.16 10:19:18.085,1.33484,1.33487,3.00,1.68
2013.09.16 10:19:18.634,1.33483,1.33486,6.75,1.88
2013.09.16 10:19:19.171,1.33484,1.33486,1.00,1.13
2013.09.16 10:19:21.581,1.33483,1.33486,6.75,1.88
2013.09.16 10:19:22.151,1.33483,1.33485,6.68,1.00
2013.09.16 10:19:22.701,1.33483,1.33486,5.93,2.63
2013.09.16 10:19:24.831,1.33483,1.33485,5.25,1.00
2013.09.16 10:19:25.371,1.33483,1.33486,5.25,2.63
2013.09.16 10:19:27.501,1.33483,1.33485,5.25,1.00
2013.09.16 10:19:28.052,1.33483,1.33484,1.50,1.50
2013.09.16 10:19:31.151,1.33482,1.33484,8.67,1.00
2013.09.16 10:19:31.891,1.33482,1.33484,9.04,1.00
2013.09.16 10:19:32.572,1.33482,1.33485,10.55,1.88
2013.09.16 10:19:33.112,1.33482,1.33486,10.69,2.63
2013.09.16 10:19:36.271,1.33483,1.33485,3.38,1.00
2013.09.16 10:19:36.931,1.33483,1.33486,3.38,1.65
2013.09.16 10:19:37.172,1.33485,1.33488,2.25,1.13
2013.09.16 10:19:37.291,1.33487,1.3349,9.79,7.13
2013.09.16 10:19:37.651,1.33486,1.33488,1.50,3.38
2013.09.16 10:19:37.892,1.33486,1.33488,1.88,1.38
2013.09.16 10:19:38.431,1.33487,1.33488,1.50,1.88
2013.09.16 10:19:39.241,1.33488,1.3349,1.50,1.50
2013.09.16 10:19:39.891,1.33489,1.33492,4.13,1.13
2013.09.16 10:19:40.202,1.33484,1.33487,2.50,1.00
2013.09.16 10:19:40.751,1.33483,1.33486,4.13,1.88
2013.09.16 10:19:41.271,1.33483,1.33486,5.63,1.88
2013.09.16 10:19:42.081,1.33483,1.33486,6.38,1.50
2013.09.16 10:19:44.731,1.33484,1.33487,1.88,1.00
2013.09.16 10:19:51.931,1.33485,1.33488,3.00,1.00
2013.09.16 10:19:52.451,1.33484,1.33487,5.25,1.00
2013.09.16 10:19:54.591,1.33484,1.33486,4.88,1.00
2013.09.16 10:19:56.724,1.33484,1.33486,6.38,1.00
2013.09.16 10:20:00.041,1.33483,1.33485,2.25,1.00
2013.09.16 10:20:07.561,1.33482,1.33484,7.35,1.00
2013.09.16 10:20:13.571,1.33483,1.33484,1.00,1.00
2013.09.16 10:20:19.602,1.33482,1.33484,3.75,1.00
2013.09.16 10:20:20.171,1.33482,1.33484,4.13,1.00
2013.09.16 10:20:28.067,1.33483,1.33484,1.13,1.00
2013.09.16 10:20:34.591,1.33481,1.33484,6.38,1.50
2013.09.16 10:20:34.831,1.3348,1.33482,10.05,1.25
2013.09.16 10:20:35.132,1.33474,1.33481,7.13,3.94
2013.09.16 10:20:35.252,1.33477,1.33481,12.01,1.00
2013.09.16 10:20:35.372,1.33475,1.33476,1.00,1.00
2013.09.16 10:20:35.613,1.33472,1.33474,1.38,1.50
2013.09.16 10:20:36.152,1.33466,1.33473,6.38,1.00
2013.09.16 10:20:36.691,1.33472,1.33474,1.88,1.00
2013.09.16 10:20:37.231,1.33472,1.33475,1.88,3.94
2013.09.16 10:20:37.771,1.33472,1.33474,1.50,1.00
2013.09.16 10:20:38.523,1.33471,1.33473,4.50,1.00
2013.09.16 10:20:39.061,1.33471,1.33473,4.20,1.50
2013.09.16 10:20:40.203,1.33471,1.33474,6.23,1.69
2013.09.16 10:20:41.762,1.33473,1.33474,1.00,1.69
2013.09.16 10:20:42.311,1.33471,1.33474,5.85,1.69
2013.09.16 10:20:43.174,1.33471,1.33474,2.55,2.69
2013.09.16 10:20:43.282,1.33464,1.33471,16.50,3.63
2013.09.16 10:20:43.423,1.33463,1.33467,3.30,12.11
2013.09.16 10:20:43.662,1.33456,1.33464,4.88,5.50
2013.09.16 10:20:43.843,1.33461,1.33464,1.05,5.63
2013.09.16 10:20:44.383,1.3346,1.33464,4.43,6.00
2013.09.16 10:20:44.922,1.3346,1.33464,4.80,5.07
2013.09.16 10:20:45.222,1.3346,1.33464,4.88,9.19
2013.09.16 10:20:45.912,1.3346,1.33463,6.38,4.88
2013.09.16 10:20:46.452,1.33463,1.33465,1.00,2.25
2013.09.16 10:20:47.411,1.33462,1.33465,2.10,4.13
2013.09.16 10:20:47.953,1.33462,1.33465,1.68,3.48
2013.09.16 10:20:48.491,1.33462,1.33465,2.10,3.48
2013.09.16 10:20:49.751,1.33462,1.33465,2.10,3.73
2013.09.16 10:20:50.552,1.33462,1.33465,2.85,2.25
2013.09.16 10:20:53.051,1.33461,1.33464,5.25,1.00
2013.09.16 10:20:53.591,1.33462,1.33465,4.35,4.61
2013.09.16 10:20:56.038,1.33462,1.33464,4.35,3.75
2013.09.16 10:20:56.353,1.3345,1.33458,3.98,1.50
2013.09.16 10:20:56.861,1.33452,1.33456,1.38,1.50
2013.09.16 10:20:57.401,1.33452,1.33455,4.38,7.50
2013.09.16 10:20:57.921,1.33452,1.33455,3.57,7.51
2013.09.16 10:20:58.281,1.3345,1.33453,3.38,3.26
2013.09.16 10:20:58.582,1.3345,1.33453,7.92,2.25
2013.09.16 10:20:58.641,1.33451,1.33453,2.88,1.00
2013.09.16 10:20:59.181,1.33451,1.33454,2.25,2.63
2013.09.16 10:20:59.731,1.33451,1.33454,3.00,1.50
2013.09.16 10:21:00.182,1.33444,1.33454,4.35,8.50
2013.09.16 10:21:00.301,1.33449,1.33452,7.43,9.38
2013.09.16 10:21:00.484,1.33452,1.33454,2.42,4.13
2013.09.16 10:21:01.021,1.33452,1.33453,2.79,1.88
2013.09.16 10:21:01.561,1.33453,1.33454,2.48,1.88
2013.09.16 10:21:01.741,1.33451,1.33453,1.00,2.25
2013.09.16 10:21:02.281,1.33452,1.33453,1.00,3.75
2013.09.16 10:21:02.951,1.3345,1.33453,8.10,3.75
2013.09.16 10:21:03.672,1.33449,1.33451,5.63,3.25
2013.09.16 10:21:03.793,1.33447,1.3345,3.38,3.00
2013.09.16 10:21:04.397,1.33446,1.33449,3.19,9.38
2013.09.16 10:21:04.703,1.33449,1.33451,1.09,6.75
2013.09.16 10:21:05.122,1.3345,1.33453,2.13,4.50
2013.09.16 10:21:05.361,1.33452,1.33453,1.00,3.75
2013.09.16 10:21:08.581,1.33452,1.33454,2.63,2.25
2013.09.16 10:21:09.312,1.33453,1.33454,2.63,1.50
2013.09.16 10:21:09.862,1.33452,1.33454,1.88,1.38
2013.09.16 10:21:10.411,1.33453,1.33454,1.00,1.13
2013.09.16 10:21:11.463,1.33453,1.33454,1.00,1.13
2013.09.16 10:21:11.704,1.33454,1.33456,1.13,1.73
2013.09.16 10:21:11.764,1.33453,1.33456,1.00,2.73
2013.09.16 10:21:12.301,1.33454,1.33455,1.00,1.30
2013.09.16 10:21:13.471,1.33453,1.33455,1.50,2.25
2013.09.16 10:21:14.312,1.33453,1.33455,1.50,2.63
2013.09.16 10:21:17.711,1.33451,1.33455,3.75,2.63
2013.09.16 10:21:21.950,1.33452,1.33455,1.50,2.63
2013.09.16 10:21:22.582,1.33452,1.33455,3.38,3.38
2013.09.16 10:21:23.972,1.33453,1.33454,1.95,1.88
2013.09.16 10:21:24.153,1.33454,1.33458,4.51,1.88
2013.09.16 10:21:24.272,1.33454,1.3346,2.85,6.57
2013.09.16 10:21:24.812,1.33454,1.3346,14.11,1.00
2013.09.16 10:21:24.872,1.33454,1.33464,24.83,3.00
2013.09.16 10:21:24.933,1.33462,1.33464,5.25,3.00
2013.09.16 10:21:25.472,1.33462,1.33464,3.38,3.00
2013.09.16 10:21:25.594,1.33462,1.33464,3.00,1.00
2013.09.16 10:21:25.952,1.33468,1.33471,7.98,1.00
2013.09.16 10:21:26.014,1.33469,1.3347,3.23,1.00
2013.09.16 10:21:26.074,1.3347,1.33471,1.88,3.00
2013.09.16 10:21:26.611,1.33471,1.33472,2.25,1.00
2013.09.16 10:21:27.234,1.33471,1.33473,1.50,2.25
2013.09.16 10:21:29.303,1.33471,1.33472,3.00,1.00
2013.09.16 10:21:30.702,1.33471,1.33473,1.50,2.40
2013.09.16 10:21:31.262,1.3347,1.33472,11.63,1.00
2013.09.16 10:21:33.351,1.3347,1.33471,5.55,1.00
2013.09.16 10:21:33.471,1.3347,1.33474,11.05,2.03
2013.09.16 10:21:34.011,1.3347,1.33472,2.50,1.88
2013.09.16 10:21:35.331,1.3347,1.33471,1.00,1.00
2013.09.16 10:21:35.847,1.3347,1.33472,1.38,1.50
2013.09.16 10:21:37.351,1.3347,1.33471,1.05,1.00
2013.09.16 10:21:37.871,1.33469,1.33471,16.95,1.00
2013.09.16 10:21:38.313,1.33469,1.33472,17.25,1.50
2013.09.16 10:21:40.394,1.33469,1.33471,17.25,1.00
2013.09.16 10:21:42.092,1.33469,1.33472,16.50,2.63
2013.09.16 10:21:42.461,1.3347,1.33472,2.50,2.63
2013.09.16 10:21:43.014,1.3347,1.33472,2.25,3.38
2013.09.16 10:21:44.542,1.3347,1.33472,1.00,3.00
2013.09.16 10:21:45.462,1.3347,1.33472,1.00,3.38
2013.09.16 10:21:50.281,1.33471,1.33472,1.00,3.00
2013.09.16 10:21:50.931,1.3347,1.33472,2.63,3.00
2013.09.16 10:21:56.631,1.33471,1.33472,1.00,3.00
2013.09.16 10:22:00.141,1.33471,1.33473,1.38,1.50
2013.09.16 10:22:03.251,1.33469,1.33472,16.95,3.00
2013.09.16 10:22:03.551,1.33469,1.33472,16.95,2.63
2013.09.16 10:22:06.081,1.33469,1.33471,14.70,1.00
2013.09.16 10:22:06.572,1.33471,1.33473,1.00,4.73
2013.09.16 10:22:14.752,1.33471,1.33474,2.63,3.38
2013.09.16 10:22:25.131,1.33471,1.33473,2.82,1.88
2013.09.16 10:22:25.700,1.33471,1.33473,1.70,3.00
2013.09.16 10:22:27.453,1.33471,1.33472,1.70,1.50
2013.09.16 10:22:31.092,1.3347,1.33473,3.20,6.75
2013.09.16 10:22:31.641,1.3347,1.33472,1.50,3.00
2013.09.16 10:22:32.571,1.33469,1.33472,4.50,2.50
2013.09.16 10:22:33.591,1.3347,1.33472,1.50,3.75
2013.09.16 10:22:34.711,1.33471,1.33472,2.45,1.50
2013.09.16 10:22:36.201,1.3347,1.33472,1.88,1.00
2013.09.16 10:22:37.402,1.33471,1.33473,2.45,3.75
2013.09.16 10:22:37.461,1.33471,1.33474,2.82,11.25
2013.09.16 10:22:46.172,1.33471,1.33473,1.70,3.00
2013.09.16 10:22:46.689,1.33471,1.33473,1.70,3.00
2013.09.16 10:22:52.692,1.33471,1.33473,1.17,3.00
2013.09.16 10:22:53.232,1.33471,1.33473,1.17,3.00
2013.09.16 10:22:53.411,1.33471,1.33472,1.02,2.25
2013.09.16 10:22:53.971,1.3347,1.33472,2.85,3.00
2013.09.16 10:22:54.212,1.33467,1.33471,1.88,4.00
2013.09.16 10:22:54.514,1.33463,1.33466,6.38,7.88
2013.09.16 10:22:55.052,1.33462,1.33463,1.35,2.25
2013.09.16 10:22:55.591,1.3346,1.33462,2.10,2.50
2013.09.16 10:22:55.832,1.3346,1.33461,2.25,1.00
2013.09.16 10:22:56.012,1.33459,1.33461,10.28,1.00
2013.09.16 10:22:59.401,1.33459,1.33463,11.40,3.98
2013.09.16 10:23:09.491,1.3346,1.33462,2.25,1.88
2013.09.16 10:23:10.041,1.3346,1.33462,1.88,2.25
2013.09.16 10:23:13.541,1.3346,1.33463,2.63,2.10
2013.09.16 10:23:17.521,1.3346,1.33462,2.25,3.25
2013.09.16 10:23:18.051,1.3346,1.33463,2.63,2.10
2013.09.16 10:23:18.611,1.3346,1.33461,1.00,1.00
2013.09.16 10:23:19.121,1.33459,1.33461,6.98,1.50
2013.09.16 10:23:28.232,1.3346,1.33461,1.00,1.50
2013.09.16 10:23:28.772,1.3346,1.33462,1.00,2.25
2013.09.16 10:23:34.891,1.3346,1.33462,1.38,1.50
2013.09.16 10:23:35.469,1.33459,1.33463,10.73,5.67
2013.09.16 10:23:45.751,1.33461,1.33462,1.50,1.50
2013.09.16 10:23:46.450,1.33461,1.33464,1.88,3.00
2013.09.16 10:23:46.992,1.33462,1.33463,1.50,1.50
2013.09.16 10:23:47.570,1.33462,1.33464,1.88,1.50
2013.09.16 10:23:47.931,1.33461,1.33463,3.15,1.50
2013.09.16 10:23:49.101,1.3346,1.33463,6.45,1.88
2013.09.16 10:23:50.033,1.33461,1.33463,1.20,1.88
2013.09.16 10:23:50.274,1.3346,1.33462,1.58,3.00
2013.09.16 10:23:50.811,1.3346,1.33461,2.25,1.88
2013.09.16 10:23:52.842,1.33459,1.33462,9.83,2.25
2013.09.16 10:23:53.381,1.3346,1.33461,3.00,1.13
2013.09.16 10:23:53.741,1.33461,1.33463,1.50,2.63
2013.09.16 10:23:55.353,1.33462,1.33463,1.00,2.63
2013.09.16 10:23:55.473,1.33463,1.33465,2.10,4.88
2013.09.16 10:23:56.032,1.33464,1.33465,3.60,1.88
2013.09.16 10:23:56.552,1.33463,1.33465,2.52,1.88
2013.09.16 10:23:57.125,1.33463,1.33465,1.39,4.88
2013.09.16 10:24:04.192,1.33462,1.33465,6.42,3.38
2013.09.16 10:24:06.602,1.33463,1.33465,1.00,1.13
2013.09.16 10:24:09.122,1.33464,1.33466,1.00,3.38
2013.09.16 10:24:10.442,1.33465,1.33466,1.13,1.00
2013.09.16 10:24:10.981,1.33466,1.33468,1.00,2.63
2013.09.16 10:24:11.555,1.33466,1.33468,1.50,2.25
2013.09.16 10:24:13.391,1.33466,1.33468,1.50,2.63
2013.09.16 10:24:13.841,1.33466,1.33468,1.50,1.88
2013.09.16 10:24:14.082,1.33469,1.33475,4.50,6.90
2013.09.16 10:24:14.264,1.33471,1.33474,1.00,3.00
2013.09.16 10:24:14.567,1.33472,1.33473,1.50,2.25
2013.09.16 10:24:15.092,1.33471,1.33473,1.50,1.00
2013.09.16 10:24:15.632,1.33472,1.33474,1.50,5.25
2013.09.16 10:24:16.142,1.33469,1.33473,8.85,1.00
2013.09.16 10:24:16.262,1.33468,1.3347,3.38,3.00
2013.09.16 10:24:16.441,1.33467,1.33469,1.13,2.48
2013.09.16 10:24:17.485,1.33467,1.3347,2.50,3.75
2013.09.16 10:24:18.153,1.33468,1.3347,1.38,1.50
2013.09.16 10:24:18.212,1.33468,1.3347,3.60,1.00
2013.09.16 10:24:18.751,1.3347,1.33471,1.13,1.00
2013.09.16 10:24:26.472,1.33469,1.33471,7.73,3.00
2013.09.16 10:24:27.012,1.33469,1.33471,2.25,1.00
2013.09.16 10:24:27.551,1.33469,1.33471,4.88,1.00
2013.09.16 10:24:28.942,1.33469,1.3347,2.48,1.00
2013.09.16 10:24:29.481,1.33469,1.33471,3.98,2.25
2013.09.16 10:24:30.984,1.33468,1.3347,6.00,1.88
2013.09.16 10:24:31.291,1.33462,1.33465,1.50,1.72
2013.09.16 10:24:31.531,1.33463,1.33465,2.88,1.88
2013.09.16 10:24:33.662,1.33465,1.33466,1.00,1.88
2013.09.16 10:24:34.201,1.33464,1.33465,1.13,1.50
2013.09.16 10:24:35.934,1.33463,1.33465,4.88,1.50
2013.09.16 10:24:36.352,1.33462,1.33464,2.63,2.63
2013.09.16 10:24:36.713,1.33459,1.33462,7.73,1.50
2013.09.16 10:24:36.773,1.33454,1.3346,3.38,4.00
2013.09.16 10:24:37.314,1.33453,1.33456,3.38,4.88
2013.09.16 10:24:37.851,1.33454,1.33455,1.50,1.88
2013.09.16 10:24:39.751,1.33453,1.33455,3.38,1.88
2013.09.16 10:24:40.801,1.33454,1.33455,1.00,1.88
2013.09.16 10:24:43.011,1.33453,1.33455,3.38,1.88
2013.09.16 10:24:44.133,1.33454,1.33455,1.50,1.50
2013.09.16 10:24:44.942,1.33454,1.33456,1.50,2.63
2013.09.16 10:24:46.253,1.33454,1.33456,1.50,2.63
2013.09.16 10:24:49.861,1.33453,1.33455,2.63,1.88
2013.09.16 10:24:50.952,1.33454,1.33455,1.00,1.88
2013.09.16 10:24:55.522,1.33453,1.33455,1.88,1.88
2013.09.16 10:24:57.514,1.33454,1.33455,1.00,1.88
2013.09.16 10:25:00.437,1.33453,1.33455,1.50,1.88
2013.09.16 10:25:00.982,1.33454,1.33455,1.00,1.88
2013.09.16 10:25:04.575,1.33453,1.33454,1.00,1.00
2013.09.16 10:25:05.916,1.33453,1.33454,1.00,1.88
2013.09.16 10:25:06.608,1.33453,1.33454,1.00,1.50
2013.09.16 10:25:07.841,1.33452,1.33454,3.75,1.86
2013.09.16 10:25:09.012,1.33453,1.33454,1.32,1.50
2013.09.16 10:25:13.091,1.33453,1.33455,3.07,1.13
2013.09.16 10:25:13.212,1.33454,1.33458,2.20,8.10
2013.09.16 10:25:13.272,1.33456,1.33458,1.00,8.10
2013.09.16 10:25:13.392,1.33456,1.33457,4.50,3.23
2013.09.16 10:25:13.452,1.33455,1.33456,5.63,1.00
2013.09.16 10:25:13.991,1.33454,1.33457,1.38,1.50
2013.09.16 10:25:14.502,1.33453,1.33455,5.44,2.25
2013.09.16 10:25:15.042,1.33453,1.33455,3.38,2.25
2013.09.16 10:25:15.571,1.33454,1.33455,1.00,2.25
2013.09.16 10:25:19.547,1.33453,1.33455,1.50,2.25
2013.09.16 10:25:24.313,1.33452,1.33454,2.63,1.50
2013.09.16 10:25:24.852,1.33452,1.33454,1.13,2.25
2013.09.16 10:25:25.483,1.33452,1.33453,1.13,1.00
2013.09.16 10:25:25.784,1.33448,1.33452,1.88,13.92
2013.09.16 10:25:26.143,1.33445,1.33448,2.25,5.48
2013.09.16 10:25:26.204,1.33444,1.33445,2.25,2.25
2013.09.16 10:25:26.325,1.33442,1.33445,6.00,1.50
2013.09.16 10:25:26.394,1.33444,1.33446,4.79,2.63
2013.09.16 10:25:27.027,1.33446,1.3345,7.51,3.00
2013.09.16 10:25:27.582,1.33446,1.33448,3.38,2.25
2013.09.16 10:25:28.121,1.33447,1.33449,1.38,1.00
2013.09.16 10:25:28.632,1.33445,1.33448,4.58,3.00
2013.09.16 10:25:29.541,1.33446,1.33448,1.00,2.25
2013.09.16 10:25:30.081,1.33445,1.33448,1.95,3.00
2013.09.16 10:25:30.623,1.33444,1.33447,2.63,2.93
2013.09.16 10:25:30.982,1.33443,1.33444,3.00,1.50
2013.09.16 10:25:31.496,1.33442,1.33444,2.25,1.38
2013.09.16 10:25:33.952,1.33442,1.33444,1.38,3.38
2013.09.16 10:25:35.496,1.33441,1.33444,3.38,4.38
2013.09.16 10:25:36.685,1.33442,1.33443,1.00,1.50
2013.09.16 10:25:37.562,1.33442,1.33444,1.00,4.13
2013.09.16 10:25:37.982,1.33441,1.33442,1.50,1.00
2013.09.16 10:25:38.531,1.33441,1.33443,1.88,1.00
2013.09.16 10:25:39.073,1.33442,1.33444,1.35,2.63
2013.09.16 10:25:41.274,1.33442,1.33445,1.13,1.38
2013.09.16 10:25:41.831,1.33442,1.33445,4.50,1.88
2013.09.16 10:25:42.372,1.33443,1.33445,1.88,1.88
2013.09.16 10:25:43.009,1.33443,1.33445,2.25,1.50
2013.09.16 10:25:43.562,1.33443,1.33445,1.00,2.63
2013.09.16 10:25:46.766,1.33443,1.33445,1.50,2.63
2013.09.16 10:25:49.944,1.33443,1.33445,2.13,1.88
2013.09.16 10:25:53.191,1.33443,1.33446,1.13,3.00
2013.09.16 10:25:53.937,1.33443,1.33445,2.50,1.88
2013.09.16 10:25:56.975,1.33443,1.33445,1.50,2.25
2013.09.16 10:26:00.692,1.33442,1.33444,1.50,2.63
2013.09.16 10:26:00.994,1.33434,1.33439,3.75,2.25
2013.09.16 10:26:01.473,1.33439,1.33441,4.39,6.00
2013.09.16 10:26:02.012,1.33439,1.33441,2.85,1.88
2013.09.16 10:26:04.335,1.3344,1.33441,1.00,1.50
2013.09.16 10:26:04.523,1.33441,1.33443,3.38,1.13
2013.09.16 10:26:04.643,1.33442,1.33444,1.50,2.25
2013.09.16 10:26:05.263,1.33442,1.33444,1.50,1.00
2013.09.16 10:26:06.042,1.33443,1.33444,1.00,1.00
2013.09.16 10:26:07.982,1.33443,1.33445,1.00,3.00
2013.09.16 10:26:08.532,1.33443,1.33445,1.00,1.50
2013.09.16 10:26:09.412,1.33443,1.33445,1.00,1.88
2013.09.16 10:26:12.721,1.33443,1.33445,1.00,1.13
2013.09.16 10:26:15.331,1.33444,1.33446,1.00,2.44
2013.09.16 10:26:15.761,1.33444,1.33446,1.00,3.57
2013.09.16 10:26:16.725,1.33444,1.33446,1.00,3.38
2013.09.16 10:26:17.553,1.33444,1.33446,1.50,3.38
2013.09.16 10:26:18.451,1.33443,1.33445,1.50,1.88
2013.09.16 10:26:19.092,1.33443,1.33445,1.00,1.50
2013.09.16 10:26:19.671,1.33443,1.33445,1.50,1.88
2013.09.16 10:26:21.932,1.33441,1.33443,2.25,2.88
2013.09.16 10:26:22.112,1.3344,1.33441,4.95,1.13
2013.09.16 10:26:22.651,1.3344,1.33442,2.63,1.20
2013.09.16 10:26:23.794,1.3344,1.33442,2.25,1.00
2013.09.16 10:26:24.402,1.33441,1.33442,1.00,1.00
2013.09.16 10:26:25.722,1.33441,1.33443,1.13,1.00
2013.09.16 10:26:27.942,1.33442,1.33443,2.25,1.00
2013.09.16 10:26:29.943,1.33442,1.33444,7.13,1.13
2013.09.16 10:26:38.862,1.33443,1.33445,1.00,1.88
2013.09.16 10:26:41.462,1.33442,1.33445,5.25,1.38
2013.09.16 10:26:42.144,1.33443,1.33445,1.00,1.88
2013.09.16 10:26:43.712,1.33442,1.33445,7.13,4.50
2013.09.16 10:26:45.932,1.33443,1.33445,1.00,3.75
2013.09.16 10:26:48.001,1.33442,1.33445,4.88,4.50
2013.09.16 10:26:52.252,1.33443,1.33444,1.00,1.13
2013.09.16 10:27:00.643,1.33443,1.33445,1.00,2.25
2013.09.16 10:27:01.215,1.33443,1.33445,3.75,1.88
2013.09.16 10:27:02.391,1.33443,1.33445,4.75,1.50
2013.09.16 10:27:06.038,1.33444,1.33446,1.00,2.63
2013.09.16 10:27:08.793,1.33444,1.33447,11.50,1.00
2013.09.16 10:27:08.914,1.33446,1.33449,1.00,1.88
2013.09.16 10:27:08.973,1.33447,1.33449,1.88,2.25
2013.09.16 10:27:09.033,1.33449,1.33451,6.76,2.25
2013.09.16 10:27:09.394,1.3345,1.33454,10.73,1.13
2013.09.16 10:27:10.107,1.33453,1.33456,6.38,1.50
2013.09.16 10:27:10.181,1.33454,1.33456,2.25,2.25
2013.09.16 10:27:10.722,1.33453,1.33457,2.88,8.63
2013.09.16 10:27:11.282,1.33453,1.33454,1.88,1.13
2013.09.16 10:27:15.857,1.33454,1.33456,1.00,1.13
2013.09.16 10:27:18.852,1.33453,1.33454,2.25,1.13
2013.09.16 10:27:22.704,1.33454,1.33456,1.00,1.13
2013.09.16 10:27:23.402,1.33454,1.33456,1.00,2.25
2013.09.16 10:27:26.403,1.33453,1.33455,1.65,1.38
2013.09.16 10:27:27.348,1.33453,1.33455,2.25,1.38
2013.09.16 10:27:27.911,1.33454,1.33455,1.00,1.13
2013.09.16 10:27:29.512,1.33455,1.33456,1.50,1.13
2013.09.16 10:27:29.813,1.33456,1.33458,1.00,4.69
2013.09.16 10:27:32.332,1.33456,1.33458,2.25,1.13
2013.09.16 10:27:33.053,1.33457,1.33459,2.10,2.44
2013.09.16 10:27:33.353,1.33462,1.33464,1.00,3.00
2013.09.16 10:27:33.713,1.33464,1.33466,1.00,7.88
2013.09.16 10:27:34.192,1.33463,1.33466,4.73,4.13
2013.09.16 10:27:34.312,1.33463,1.33467,1.88,5.29
2013.09.16 10:27:34.872,1.33463,1.33464,1.50,1.13
2013.09.16 10:27:35.293,1.33461,1.33464,2.25,2.25
2013.09.16 10:27:35.653,1.33457,1.33458,1.50,1.88
2013.09.16 10:27:35.773,1.33454,1.33457,6.00,1.50
2013.09.16 10:27:35.833,1.33454,1.33456,3.75,1.50
2013.09.16 10:27:35.895,1.33456,1.33458,2.13,3.75
2013.09.16 10:27:36.192,1.33459,1.3346,9.98,1.50
2013.09.16 10:27:36.732,1.3346,1.33461,1.88,1.13
2013.09.16 10:27:37.241,1.3346,1.33461,1.88,1.13
2013.09.16 10:27:44.632,1.3346,1.33463,5.13,5.25
2013.09.16 10:27:45.196,1.33461,1.33462,1.00,1.13
2013.09.16 10:27:46.462,1.33461,1.33462,1.00,1.50
2013.09.16 10:27:47.002,1.3346,1.33462,7.50,1.50
2013.09.16 10:27:47.552,1.33461,1.33462,1.00,1.13
2013.09.16 10:27:49.490,1.33461,1.33464,2.50,11.85
2013.09.16 10:27:50.053,1.33461,1.33464,3.25,11.48
2013.09.16 10:27:50.532,1.33463,1.33465,4.00,6.38
2013.09.16 10:27:51.042,1.33464,1.33465,1.00,1.00
2013.09.16 10:27:52.222,1.33464,1.33466,1.13,3.00
2013.09.16 10:27:52.584,1.33465,1.33466,7.73,1.50
2013.09.16 10:27:52.763,1.33467,1.33468,2.25,1.13
2013.09.16 10:27:52.942,1.33467,1.33468,1.50,1.50
2013.09.16 10:27:53.124,1.33465,1.33468,9.38,6.60
2013.09.16 10:27:53.184,1.33465,1.33467,2.63,1.00
2013.09.16 10:27:53.722,1.33463,1.33466,2.25,4.50
2013.09.16 10:27:53.782,1.33463,1.33465,1.88,1.00
2013.09.16 10:27:54.322,1.33463,1.33465,6.00,1.38
2013.09.16 10:27:55.026,1.33463,1.33465,6.00,1.00
2013.09.16 10:27:55.392,1.33464,1.33465,1.00,1.00
2013.09.16 10:27:57.912,1.33463,1.33465,7.13,1.00
2013.09.16 10:27:59.193,1.33464,1.33465,1.00,1.00
2013.09.16 10:28:02.514,1.33464,1.33466,1.00,1.13
2013.09.16 10:28:04.352,1.33464,1.33465,1.50,1.00
2013.09.16 10:28:04.892,1.33463,1.33465,1.00,2.25
2013.09.16 10:28:12.262,1.33463,1.33465,1.00,1.13
2013.09.16 10:28:14.523,1.33463,1.33465,2.50,3.75
2013.09.16 10:28:17.495,1.33464,1.33466,1.00,1.50
2013.09.16 10:28:18.091,1.33464,1.33465,1.00,2.25
2013.09.16 10:28:19.261,1.33463,1.33465,1.50,1.50
2013.09.16 10:28:19.829,1.33463,1.33465,3.25,2.25
2013.09.16 10:28:21.352,1.33464,1.33466,1.00,1.50
2013.09.16 10:28:21.412,1.33464,1.33466,1.50,1.35
2013.09.16 10:28:22.562,1.33463,1.33465,4.88,2.50
2013.09.16 10:28:22.683,1.33465,1.33467,1.00,3.98
2013.09.16 10:28:22.984,1.33467,1.33475,25.61,1.88
2013.09.16 10:28:23.285,1.3347,1.33472,8.25,3.38
2013.09.16 10:28:23.822,1.3347,1.33472,4.13,2.48
2013.09.16 10:28:24.362,1.3347,1.33473,7.00,2.85
2013.09.16 10:28:24.928,1.33469,1.33473,6.75,5.48
2013.09.16 10:28:25.841,1.3347,1.33472,5.25,1.73
2013.09.16 10:28:26.392,1.3347,1.33472,2.63,1.35
2013.09.16 10:28:26.922,1.3347,1.33472,5.63,1.35
2013.09.16 10:28:28.422,1.3347,1.33471,1.13,2.25
2013.09.16 10:28:29.105,1.33469,1.33471,3.00,1.00
2013.09.16 10:28:29.355,1.33467,1.33469,3.38,3.76
2013.09.16 10:28:29.414,1.33466,1.33467,1.88,3.00
2013.09.16 10:28:29.655,1.33465,1.33467,5.25,1.88
2013.09.16 10:28:30.202,1.33465,1.33466,1.13,1.50
2013.09.16 10:28:35.052,1.33465,1.33467,1.00,4.13
2013.09.16 10:28:35.578,1.33465,1.33466,1.50,7.50
2013.09.16 10:28:36.132,1.33465,1.33467,2.50,4.13
2013.09.16 10:28:38.285,1.33465,1.3347,14.64,4.13
2013.09.16 10:28:38.353,1.33466,1.33468,1.88,5.71
2013.09.16 10:28:38.534,1.33468,1.3347,1.38,3.75
2013.09.16 10:28:38.772,1.3347,1.33471,2.25,3.38
2013.09.16 10:28:39.432,1.3347,1.33472,2.50,1.88
2013.09.16 10:28:39.939,1.3347,1.33471,2.25,1.00
2013.09.16 10:28:40.483,1.3347,1.33472,2.50,2.33
2013.09.16 10:28:43.162,1.33469,1.33471,4.50,1.38
2013.09.16 10:28:43.702,1.3347,1.33472,6.63,6.45
2013.09.16 10:28:48.850,1.3347,1.33471,2.25,1.00
2013.09.16 10:28:50.634,1.3347,1.33472,1.00,2.63
2013.09.16 10:28:51.173,1.3347,1.33471,1.50,1.00
2013.09.16 10:28:52.392,1.33469,1.33471,3.75,1.88
2013.09.16 10:28:53.076,1.33469,1.33471,4.88,1.00
2013.09.16 10:28:53.972,1.33469,1.3347,3.00,1.95
2013.09.16 10:28:55.282,1.33468,1.33469,1.88,1.50
2013.09.16 10:28:55.822,1.33468,1.33469,1.13,3.00
2013.09.16 10:29:01.972,1.33467,1.33468,1.13,1.00
2013.09.16 10:29:02.529,1.33462,1.33464,5.25,6.38
2013.09.16 10:29:03.072,1.33462,1.33464,1.88,6.38
2013.09.16 10:29:09.752,1.33461,1.33464,1.50,2.63
2013.09.16 10:29:09.996,1.33461,1.33463,1.00,1.88
2013.09.16 10:29:13.522,1.3346,1.33463,4.35,1.88
2013.09.16 10:29:46.582,1.33459,1.33461,7.13,1.00
2013.09.16 10:29:46.883,1.3346,1.33462,1.73,1.13
2013.09.16 10:29:47.422,1.3346,1.33463,3.23,1.88
2013.09.16 10:29:51.612,1.33461,1.33463,1.00,1.50
2013.09.16 10:29:52.353,1.33461,1.33464,1.88,1.88
2013.09.16 10:29:59.192,1.3346,1.33464,5.25,1.88
2013.09.16 10:30:01.142,1.33461,1.33464,1.13,2.63
2013.09.16 10:30:01.682,1.33461,1.33463,1.00,1.50
2013.09.16 10:30:19.172,1.33462,1.33463,4.13,2.25
2013.09.16 10:30:19.692,1.33461,1.33463,5.25,2.25
2013.09.16 10:30:25.013,1.33462,1.33463,1.00,1.88
2013.09.16 10:30:28.884,1.33461,1.33463,1.50,2.63
2013.09.16 10:30:32.484,1.33461,1.33463,1.13,2.25
2013.09.16 10:30:34.382,1.33461,1.33463,1.13,1.88
2013.09.16 10:30:35.572,1.3346,1.33463,2.63,3.38
2013.09.16 10:30:36.819,1.33461,1.33463,1.00,3.38
2013.09.16 10:30:42.632,1.3346,1.33463,3.38,2.63
2013.09.16 10:30:44.366,1.33461,1.33463,1.35,1.88
2013.09.16 10:30:44.993,1.33462,1.33463,1.00,1.88
2013.09.16 10:30:46.902,1.33461,1.33463,3.98,1.88
2013.09.16 10:30:50.302,1.33462,1.33463,1.00,1.88
2013.09.16 10:30:50.832,1.33461,1.33463,3.98,1.88
2013.09.16 10:30:53.172,1.3346,1.33462,5.25,3.00
2013.09.16 10:30:53.673,1.3346,1.33462,1.13,4.88
2013.09.16 10:31:01.112,1.33459,1.33462,9.75,4.13
2013.09.16 10:31:01.403,1.33459,1.33462,9.38,4.13
2013.09.16 10:31:01.942,1.33459,1.33462,9.00,4.13
2013.09.16 10:31:08.262,1.3346,1.33462,1.00,3.38
2013.09.16 10:31:08.323,1.3346,1.33462,1.00,3.00
2013.09.16 10:31:08.682,1.33466,1.33468,3.38,1.88
2013.09.16 10:31:08.743,1.33465,1.33468,4.13,3.00
2013.09.16 10:31:09.283,1.33465,1.33467,1.88,1.50
2013.09.16 10:31:09.822,1.33464,1.33466,1.13,1.88
2013.09.16 10:31:13.351,1.33464,1.33466,1.13,1.88
2013.09.16 10:31:13.859,1.33465,1.33466,1.00,1.50
2013.09.16 10:31:15.763,1.33464,1.33465,2.63,1.13
2013.09.16 10:31:22.433,1.33463,1.33466,3.00,1.88
2013.09.16 10:31:24.782,1.33463,1.33466,1.38,3.75
2013.09.16 10:31:44.322,1.33464,1.33466,1.88,8.63
2013.09.16 10:31:44.502,1.33463,1.33464,1.50,2.25
2013.09.16 10:31:45.163,1.3346,1.33463,2.63,4.13
2013.09.16 10:31:45.404,1.3346,1.33462,3.01,2.63
2013.09.16 10:31:45.463,1.33458,1.33461,7.13,2.50
2013.09.16 10:31:45.582,1.33454,1.33459,3.75,8.74
2013.09.16 10:31:45.823,1.33453,1.33457,1.50,5.25
2013.09.16 10:31:45.942,1.33453,1.33455,2.25,3.38
2013.09.16 10:31:46.492,1.33453,1.33455,3.38,1.88
2013.09.16 10:31:47.032,1.33453,1.33455,4.13,2.63
2013.09.16 10:31:49.053,1.33455,1.33456,1.88,1.13
2013.09.16 10:31:49.572,1.33455,1.33457,3.38,1.00
2013.09.16 10:31:51.423,1.33455,1.33458,5.63,3.38
2013.09.16 10:31:51.972,1.33454,1.33456,1.13,1.38
2013.09.16 10:31:52.512,1.33453,1.33455,3.00,3.38
2013.09.16 10:31:53.052,1.33453,1.33455,2.63,1.88
2013.09.16 10:31:54.612,1.33453,1.33455,2.25,1.88
2013.09.16 10:31:58.142,1.33453,1.33454,2.25,1.50
2013.09.16 10:32:00.514,1.33452,1.33454,2.25,2.88
2013.09.16 10:32:01.052,1.33452,1.33453,2.25,2.25
2013.09.16 10:32:02.575,1.3345,1.33453,4.80,3.25
2013.09.16 10:32:02.934,1.3345,1.33452,3.38,3.00
2013.09.16 10:32:02.993,1.33447,1.33451,1.50,3.98
2013.09.16 10:32:03.053,1.33445,1.3345,9.04,7.23
2013.09.16 10:32:03.115,1.33445,1.33447,5.67,3.60
2013.09.16 10:32:03.294,1.33444,1.33445,2.63,2.25
2013.09.16 10:32:03.833,1.33443,1.33445,1.50,1.50
2013.09.16 10:32:04.372,1.33443,1.33444,3.00,1.50
2013.09.16 10:32:04.923,1.33443,1.33445,3.00,2.63
2013.09.16 10:32:06.007,1.33441,1.33443,3.38,1.50
2013.09.16 10:32:06.554,1.33441,1.33443,1.88,2.85
2013.09.16 10:32:07.832,1.33442,1.33443,1.00,1.88
2013.09.16 10:32:09.362,1.33442,1.33444,1.00,6.75
2013.09.16 10:32:12.092,1.33443,1.33444,1.00,1.88
2013.09.16 10:32:13.122,1.33443,1.33445,1.00,1.50
2013.09.16 10:32:14.973,1.33443,1.33446,2.13,1.50
2013.09.16 10:32:15.532,1.33443,1.33444,2.63,1.50
2013.09.16 10:32:16.149,1.33443,1.33446,3.63,1.50
2013.09.16 10:32:16.892,1.33443,1.33444,2.63,1.50
2013.09.16 10:32:17.548,1.33443,1.33446,3.63,1.50
2013.09.16 10:32:24.343,1.33443,1.33446,1.13,4.88
2013.09.16 10:32:29.776,1.33442,1.33444,3.38,1.88
2013.09.16 10:32:32.757,1.33442,1.33444,3.00,1.88
2013.09.16 10:32:32.994,1.33441,1.33443,3.38,1.88
2013.09.16 10:32:33.532,1.3344,1.33443,6.25,2.25
2013.09.16 10:32:34.062,1.3344,1.33442,5.63,3.25
2013.09.16 10:32:34.602,1.3344,1.33442,4.38,2.25
2013.09.16 10:32:36.786,1.33441,1.33442,1.00,2.25
2013.09.16 10:32:37.389,1.33441,1.33443,2.25,2.25
2013.09.16 10:32:50.572,1.33442,1.33444,2.13,1.13
2013.09.16 10:32:50.632,1.33443,1.33444,1.00,1.13
2013.09.16 10:32:51.112,1.33443,1.33446,1.00,1.13
2013.09.16 10:32:51.773,1.33444,1.33446,1.00,2.63
2013.09.16 10:32:52.405,1.33444,1.33446,1.00,1.50
2013.09.16 10:32:52.922,1.33444,1.33446,1.00,1.50
2013.09.16 10:32:53.129,1.33445,1.33449,12.25,6.60
2013.09.16 10:32:53.206,1.33446,1.33449,2.25,5.10
2013.09.16 10:32:53.269,1.33447,1.33451,4.01,7.50
2013.09.16 10:32:53.524,1.33451,1.33454,8.83,6.00
2013.09.16 10:32:53.643,1.33453,1.33455,2.13,2.63
2013.09.16 10:32:53.764,1.33454,1.33456,1.00,5.25
2013.09.16 10:32:54.302,1.33453,1.33455,1.00,1.00
2013.09.16 10:32:54.423,1.33452,1.33455,2.82,1.38
2013.09.16 10:32:54.783,1.33453,1.33456,1.00,5.25
2013.09.16 10:32:55.204,1.33452,1.33455,6.19,1.00
2013.09.16 10:33:07.184,1.33452,1.33454,6.42,1.88
2013.09.16 10:33:08.123,1.33452,1.33454,3.79,2.63
2013.09.16 10:33:08.672,1.33452,1.33454,3.79,2.63
2013.09.16 10:33:10.293,1.33453,1.33455,4.23,1.50
2013.09.16 10:33:10.832,1.33454,1.33457,3.25,4.50
2013.09.16 10:33:11.422,1.33454,1.33455,1.50,1.00
2013.09.16 10:33:11.553,1.33454,1.33457,4.00,4.50
2013.09.16 10:33:14.178,1.33456,1.33458,2.50,1.13
2013.09.16 10:33:14.730,1.33462,1.33466,4.36,6.38
2013.09.16 10:33:14.805,1.33465,1.33467,3.19,1.38
2013.09.16 10:33:17.812,1.33465,1.33467,2.69,2.63
2013.09.16 10:33:21.016,1.33466,1.33468,3.25,2.25
2013.09.16 10:33:22.522,1.33466,1.33468,2.25,2.25
2013.09.16 10:33:23.124,1.33466,1.33468,2.65,1.13
2013.09.16 10:33:23.962,1.33466,1.33467,3.00,1.13
2013.09.16 10:33:29.632,1.33465,1.33466,2.63,1.13
2013.09.16 10:33:30.494,1.33464,1.33465,2.25,1.13
2013.09.16 10:33:30.733,1.33462,1.33464,3.38,2.63
2013.09.16 10:33:32.452,1.33461,1.33463,2.63,2.50
2013.09.16 10:33:33.812,1.33462,1.33464,1.70,3.00
2013.09.16 10:33:34.352,1.33462,1.33463,1.70,1.00
2013.09.16 10:33:36.083,1.33461,1.33463,2.63,1.00
2013.09.16 10:33:36.622,1.33462,1.33463,1.70,1.00
2013.09.16 10:33:41.342,1.33463,1.33465,2.10,4.49
2013.09.16 10:33:41.703,1.33464,1.33466,3.04,2.25
2013.09.16 10:33:42.232,1.33463,1.33466,1.13,3.75
2013.09.16 10:33:42.772,1.33463,1.33465,2.10,1.13
2013.09.16 10:33:47.046,1.33462,1.33464,4.51,1.00
2013.09.16 10:33:47.593,1.33461,1.33463,3.61,1.88
2013.09.16 10:33:48.133,1.33461,1.33462,1.32,1.88
2013.09.16 10:33:48.613,1.33461,1.33463,1.88,3.75
2013.09.16 10:33:48.913,1.33456,1.33458,2.50,1.00
2013.09.16 10:33:49.453,1.33456,1.33459,3.38,3.38
2013.09.16 10:33:50.472,1.33456,1.33457,2.63,1.13
2013.09.16 10:33:51.036,1.33455,1.33459,4.13,4.50
2013.09.16 10:33:53.673,1.33457,1.33459,1.00,2.63
2013.09.16 10:33:53.973,1.33455,1.33457,1.88,1.13
2013.09.16 10:33:54.512,1.33454,1.33455,4.35,2.63
2013.09.16 10:33:55.023,1.33454,1.33455,2.85,1.13
2013.09.16 10:33:56.512,1.33454,1.33455,3.23,1.13
2013.09.16 10:33:57.292,1.33454,1.33456,3.23,3.38
2013.09.16 10:34:02.955,1.33455,1.33456,1.13,1.13
2013.09.16 10:34:07.904,1.33456,1.33459,2.10,4.50
2013.09.16 10:34:08.025,1.33458,1.3346,5.10,1.00
2013.09.16 10:34:08.154,1.3346,1.33461,1.88,2.63
2013.09.16 10:34:08.334,1.33461,1.33464,6.12,4.05
2013.09.16 10:34:08.894,1.33461,1.33463,4.13,4.50
2013.09.16 10:34:09.646,1.33462,1.33465,5.67,1.88
2013.09.16 10:34:10.182,1.33462,1.33465,5.29,2.63
2013.09.16 10:34:14.077,1.33462,1.33464,4.54,1.13
2013.09.16 10:34:19.322,1.33462,1.33464,4.35,1.13
2013.09.16 10:34:19.623,1.33467,1.33468,2.10,1.50
2013.09.16 10:34:19.683,1.33466,1.33467,3.38,1.00
2013.09.16 10:34:19.866,1.33466,1.33469,4.35,2.25
2013.09.16 10:34:19.983,1.33466,1.33468,3.42,4.50
2013.09.16 10:34:20.043,1.33465,1.33467,1.88,1.38
2013.09.16 10:34:20.283,1.33464,1.33467,3.42,1.50
2013.09.16 10:34:21.432,1.33465,1.33467,1.00,1.50
2013.09.16 10:34:37.596,1.33465,1.33467,1.00,1.50
2013.09.16 10:34:39.323,1.33465,1.33467,2.25,4.13
2013.09.16 10:34:39.873,1.33464,1.33466,1.00,1.38
2013.09.16 10:34:43.121,1.33463,1.33466,3.00,1.38
2013.09.16 10:34:43.663,1.33464,1.33466,1.00,1.38
2013.09.16 10:34:44.705,1.33463,1.33465,2.63,1.38
2013.09.16 10:34:46.024,1.33464,1.33466,1.00,2.25
2013.09.16 10:34:46.532,1.33463,1.33466,4.13,2.63
2013.09.16 10:34:47.073,1.33462,1.33466,3.00,3.38
2013.09.16 10:34:47.313,1.3346,1.33462,6.38,1.13
2013.09.16 10:34:47.908,1.3346,1.33462,4.13,1.13
2013.09.16 10:34:51.313,1.3346,1.33464,2.85,3.38
2013.09.16 10:34:51.852,1.33461,1.33464,2.63,4.13
2013.09.16 10:34:55.913,1.3346,1.33463,3.94,1.88
2013.09.16 10:34:56.473,1.3346,1.33463,3.94,1.88
2013.09.16 10:34:58.853,1.3346,1.33464,4.17,3.38
2013.09.16 10:34:59.853,1.3346,1.33464,3.79,3.38
2013.09.16 10:35:00.453,1.33461,1.33464,1.50,1.38
2013.09.16 10:35:00.992,1.33463,1.33466,1.50,7.13
2013.09.16 10:35:04.282,1.33462,1.33465,6.23,3.00
2013.09.16 10:35:04.832,1.33462,1.33464,4.35,1.00
2013.09.16 10:35:17.105,1.3346,1.33462,4.13,1.00
2013.09.16 10:35:17.165,1.33459,1.33461,9.98,1.88
2013.09.16 10:35:17.225,1.33459,1.3346,9.60,6.38
2013.09.16 10:35:17.287,1.33457,1.3346,1.50,13.38
2013.09.16 10:35:17.474,1.33455,1.33458,2.63,3.76
2013.09.16 10:35:17.715,1.33452,1.33455,5.85,8.25
2013.09.16 10:35:17.774,1.33453,1.33455,1.00,8.25
2013.09.16 10:35:18.315,1.33452,1.33454,2.25,4.88
2013.09.16 10:35:18.795,1.33451,1.33452,1.13,1.50
2013.09.16 10:35:18.974,1.33448,1.33449,1.13,4.32
2013.09.16 10:35:19.034,1.33445,1.33447,2.63,1.50
2013.09.16 10:35:19.333,1.33445,1.33446,1.13,1.50
2013.09.16 10:35:19.753,1.33442,1.33445,2.25,3.75
2013.09.16 10:35:20.266,1.3344,1.33444,3.00,1.00
2013.09.16 10:35:20.802,1.3344,1.33444,3.38,1.38
2013.09.16 10:35:23.976,1.3344,1.33442,2.25,1.00
2013.09.16 10:35:24.283,1.33439,1.33442,4.50,1.38
2013.09.16 10:35:24.822,1.3344,1.33442,1.13,1.00
2013.09.16 10:35:25.862,1.3344,1.33444,2.63,5.67
2013.09.16 10:35:26.162,1.3344,1.33443,1.13,2.92
2013.09.16 10:35:26.663,1.3344,1.33443,1.38,1.54
2013.09.16 10:35:27.613,1.33442,1.33444,1.00,4.13
2013.09.16 10:35:28.032,1.33443,1.33446,2.88,2.25
2013.09.16 10:35:28.543,1.33444,1.33446,1.00,7.51
2013.09.16 10:35:31.473,1.33444,1.33446,1.00,1.00
2013.09.16 10:35:34.534,1.33443,1.33444,1.00,1.00
2013.09.16 10:35:35.076,1.33444,1.33445,1.00,1.00
2013.09.16 10:35:37.903,1.33444,1.33447,5.85,3.94
2013.09.16 10:35:38.453,1.33445,1.33447,1.50,3.00
2013.09.16 10:35:39.137,1.33452,1.33456,10.98,2.63
2013.09.16 10:35:39.383,1.33454,1.33455,1.88,1.00
2013.09.16 10:35:39.925,1.33454,1.33456,1.88,1.00
2013.09.16 10:35:44.693,1.33454,1.33455,1.13,1.00
2013.09.16 10:35:47.393,1.33454,1.33457,1.00,5.63
2013.09.16 10:35:47.954,1.33454,1.33455,1.50,1.13
2013.09.16 10:35:49.834,1.33454,1.33456,1.00,1.00
2013.09.16 10:35:50.443,1.33454,1.33455,1.50,1.13
2013.09.16 10:35:52.913,1.33453,1.33455,1.13,1.00
2013.09.16 10:35:53.458,1.33454,1.33455,1.00,1.00
2013.09.16 10:35:54.003,1.33452,1.33454,1.13,2.50
2013.09.16 10:35:54.124,1.33451,1.33453,1.88,2.25
2013.09.16 10:35:54.183,1.3345,1.33452,1.50,1.00
2013.09.16 10:35:54.603,1.33449,1.33451,1.13,1.00
2013.09.16 10:35:54.843,1.33448,1.33449,3.38,1.00
2013.09.16 10:35:55.376,1.33446,1.33449,3.08,2.13
2013.09.16 10:35:55.703,1.33445,1.33448,1.00,8.63
2013.09.16 10:35:56.362,1.33444,1.33448,1.50,11.25
2013.09.16 10:35:59.182,1.33444,1.33447,2.50,7.13
2013.09.16 10:36:00.493,1.33444,1.33445,1.50,1.13
2013.09.16 10:36:02.893,1.33444,1.33447,2.50,6.38
2013.09.16 10:36:03.833,1.33444,1.33447,7.00,4.50
2013.09.16 10:36:04.715,1.33445,1.33447,1.50,4.51
2013.09.16 10:36:04.964,1.33444,1.33447,2.25,7.88
2013.09.16 10:36:05.513,1.33444,1.33447,2.50,7.51
2013.09.16 10:36:07.443,1.33444,1.33447,1.50,7.88
2013.09.16 10:36:09.875,1.33444,1.33447,2.25,6.38
2013.09.16 10:36:10.426,1.33444,1.33447,2.50,6.01
2013.09.16 10:36:11.832,1.33444,1.33446,1.00,1.38
2013.09.16 10:36:14.103,1.33444,1.33446,2.25,1.38
2013.09.16 10:36:19.894,1.33443,1.33445,2.63,1.13
2013.09.16 10:36:20.434,1.33442,1.33445,3.00,1.13
2013.09.16 10:36:22.253,1.33443,1.33445,1.00,4.35
2013.09.16 10:36:22.792,1.33444,1.33446,1.50,2.63
2013.09.16 10:36:23.783,1.33443,1.33446,2.25,1.50
2013.09.16 10:36:24.082,1.33443,1.33446,2.70,1.50
2013.09.16 10:36:25.354,1.33444,1.33446,1.10,1.00
2013.09.16 10:36:26.713,1.33445,1.33447,1.00,6.00
2013.09.16 10:36:28.133,1.33443,1.33447,3.45,7.88
2013.09.16 10:36:30.814,1.33446,1.33447,1.50,1.00
2013.09.16 10:36:31.173,1.33451,1.33453,8.73,1.13
2013.09.16 10:36:31.353,1.33453,1.33455,2.33,1.00
2013.09.16 10:36:31.899,1.33454,1.33455,1.10,1.00
2013.09.16 10:36:32.143,1.33455,1.33458,5.73,4.35
2013.09.16 10:36:33.043,1.33456,1.33457,1.00,1.13
2013.09.16 10:36:33.583,1.33457,1.33459,3.33,1.00
2013.09.16 10:36:34.123,1.33457,1.33459,2.33,1.00
2013.09.16 10:36:37.913,1.33455,1.33457,6.15,2.07
2013.09.16 10:36:38.215,1.33453,1.33456,3.75,5.67
2013.09.16 10:36:38.283,1.33453,1.33455,3.75,2.07
2013.09.16 10:36:39.046,1.33454,1.33456,1.65,1.50
2013.09.16 10:36:39.347,1.33457,1.33459,4.88,1.50
2013.09.16 10:36:39.594,1.33456,1.33458,1.50,2.69
2013.09.16 10:36:40.033,1.33455,1.33457,3.75,3.57
2013.09.16 10:36:41.283,1.33454,1.33456,1.00,2.44
2013.09.16 10:36:41.836,1.33454,1.33456,1.50,2.44
2013.09.16 10:36:45.513,1.33454,1.33456,2.63,1.32
2013.09.16 10:36:46.233,1.33454,1.33456,4.13,1.32
2013.09.16 10:36:46.773,1.33455,1.33456,2.25,1.32
2013.09.16 10:36:47.314,1.33455,1.33458,1.00,6.57
2013.09.16 10:36:48.115,1.33455,1.33456,1.00,2.07
2013.09.16 10:36:48.294,1.33453,1.33455,4.20,1.00
2013.09.16 10:36:52.045,1.33453,1.33454,1.50,1.50
2013.09.16 10:36:55.997,1.33453,1.33455,1.00,2.78
2013.09.16 10:36:56.553,1.33452,1.33455,4.50,2.63
2013.09.16 10:36:57.134,1.33452,1.33454,3.38,1.00
2013.09.16 10:36:57.687,1.33452,1.33454,3.38,1.00
2013.09.16 10:36:58.273,1.33452,1.33454,2.63,1.50
2013.09.16 10:36:59.233,1.33453,1.33454,1.00,1.00
2013.09.16 10:36:59.652,1.33454,1.33456,1.00,2.07
2013.09.16 10:37:00.013,1.33456,1.33458,1.00,1.88
2013.09.16 10:37:00.073,1.33455,1.33456,1.50,1.00
2013.09.16 10:37:00.584,1.33454,1.33455,1.00,1.13
2013.09.16 10:37:01.115,1.33454,1.33456,1.00,1.88
2013.09.16 10:37:01.673,1.33454,1.33456,1.00,1.88
2013.09.16 10:37:02.476,1.33454,1.33456,1.00,1.13
2013.09.16 10:37:03.160,1.33453,1.33456,2.63,1.13
2013.09.16 10:37:05.133,1.33453,1.33455,1.88,1.00
2013.09.16 10:37:05.664,1.33453,1.33456,1.88,3.00
2013.09.16 10:37:06.533,1.33453,1.33455,1.50,1.00
2013.09.16 10:37:11.044,1.33453,1.33456,3.00,1.50
2013.09.16 10:37:15.093,1.33455,1.33457,1.00,4.50
2013.09.16 10:37:15.644,1.33455,1.33456,1.00,1.00
2013.09.16 10:37:22.783,1.33454,1.33457,1.88,5.25
2013.09.16 10:37:23.145,1.3345,1.33453,1.00,10.38
2013.09.16 10:37:23.326,1.33446,1.3345,4.13,15.57
2013.09.16 10:37:23.454,1.33447,1.33448,1.95,1.88
2013.09.16 10:37:23.997,1.33446,1.33448,1.00,4.58
2013.09.16 10:37:25.883,1.33446,1.33448,2.18,1.00
2013.09.16 10:37:25.944,1.33446,1.33448,2.93,1.69
2013.09.16 10:37:26.244,1.33453,1.33455,2.88,3.38
2013.09.16 10:37:26.783,1.33454,1.33455,1.00,3.75
2013.09.16 10:37:27.323,1.33453,1.33455,1.13,2.50
2013.09.16 10:37:29.284,1.33452,1.33455,6.53,3.33
2013.09.16 10:37:30.405,1.33451,1.33453,1.50,5.50
2013.09.16 10:37:30.468,1.3345,1.33452,5.85,1.00
2013.09.16 10:37:31.313,1.33448,1.3345,3.00,2.25
2013.09.16 10:37:31.390,1.33448,1.33449,2.25,1.88
2013.09.16 10:37:31.455,1.33447,1.33449,2.25,1.88
2013.09.16 10:37:31.695,1.33445,1.33447,3.08,1.50
2013.09.16 10:37:36.423,1.33445,1.33448,2.33,4.69
2013.09.16 10:37:39.563,1.33446,1.33448,1.00,1.88
2013.09.16 10:37:39.926,1.33447,1.33449,3.25,1.88
2013.09.16 10:37:40.284,1.33454,1.33456,3.45,4.13
2013.09.16 10:37:40.344,1.33454,1.33456,3.45,4.13
2013.09.16 10:37:41.005,1.33455,1.33457,2.58,2.25
2013.09.16 10:37:42.023,1.33455,1.33457,1.58,5.73
2013.09.16 10:37:44.123,1.33455,1.33457,3.30,3.25
2013.09.16 10:37:46.473,1.33456,1.33458,3.25,1.13
2013.09.16 10:37:47.086,1.33457,1.33459,3.25,2.25
2013.09.16 10:37:47.156,1.33458,1.33462,5.71,12.38
2013.09.16 10:37:47.224,1.3346,1.33463,3.48,3.00
2013.09.16 10:37:47.404,1.33462,1.33465,4.60,3.75
2013.09.16 10:37:47.945,1.33464,1.33466,3.30,1.50
2013.09.16 10:37:48.304,1.33465,1.33466,1.43,1.13
2013.09.16 10:37:53.753,1.33465,1.33467,2.70,6.23
2013.09.16 10:37:55.614,1.33465,1.33466,3.45,1.13
2013.09.16 10:37:56.633,1.33465,1.33467,4.45,4.88
2013.09.16 10:37:57.355,1.33466,1.33469,4.83,2.48
2013.09.16 10:37:57.857,1.33467,1.33468,1.80,1.00
2013.09.16 10:37:58.166,1.33465,1.33467,3.60,1.00
2013.09.16 10:37:58.677,1.33465,1.33467,1.35,2.25
2013.09.16 10:37:59.893,1.33464,1.33467,3.00,3.00
2013.09.16 10:38:01.725,1.33465,1.33466,1.00,1.88
2013.09.16 10:38:02.773,1.33464,1.33466,1.00,1.88
2013.09.16 10:38:03.313,1.33465,1.33466,1.00,1.50
2013.09.16 10:38:06.048,1.33465,1.33467,1.00,1.13
2013.09.16 10:38:07.952,1.33464,1.33467,1.88,2.63
2013.09.16 10:38:10.060,1.33465,1.33468,1.00,5.85
2013.09.16 10:38:10.836,1.33468,1.33472,1.88,4.50
2013.09.16 10:38:10.955,1.33472,1.33473,2.25,1.13
2013.09.16 10:38:11.495,1.33473,1.33474,1.13,1.73
2013.09.16 10:38:12.333,1.33472,1.33475,1.13,6.75
2013.09.16 10:38:13.763,1.33472,1.33474,1.38,1.13
2013.09.16 10:38:13.883,1.33472,1.33474,1.38,1.13
2013.09.16 10:38:14.123,1.3347,1.33471,1.00,1.50
2013.09.16 10:38:14.485,1.33468,1.3347,1.88,1.13
2013.09.16 10:38:16.014,1.33467,1.3347,4.95,2.63
2013.09.16 10:38:20.190,1.33468,1.33471,1.00,6.38
2013.09.16 10:38:21.173,1.33467,1.33471,4.95,6.38
2013.09.16 10:38:21.973,1.33467,1.33471,2.70,6.38
2013.09.16 10:38:32.717,1.33468,1.33469,1.65,1.00
2013.09.16 10:38:33.263,1.33468,1.33469,1.13,1.00
2013.09.16 10:38:34.813,1.33468,1.33471,1.95,4.88
2013.09.16 10:38:38.177,1.33469,1.33471,2.50,5.63
2013.09.16 10:38:38.674,1.33471,1.33473,6.48,3.00
2013.09.16 10:38:38.733,1.33472,1.3348,2.50,2.25
2013.09.16 10:38:38.855,1.33473,1.33476,5.88,1.13
2013.09.16 10:38:38.914,1.33474,1.33476,1.00,1.13
2013.09.16 10:38:42.124,1.33475,1.33477,1.00,3.38
2013.09.16 10:38:50.003,1.33474,1.33476,1.00,1.38
2013.09.16 10:38:50.543,1.33475,1.33476,1.50,1.13
2013.09.16 10:38:54.084,1.33474,1.33476,1.00,1.00
2013.09.16 10:38:56.303,1.33475,1.33476,3.00,1.13
2013.09.16 10:38:56.544,1.33474,1.33476,1.50,1.50
2013.09.16 10:38:56.605,1.33472,1.33475,6.00,14.50
2013.09.16 10:38:56.725,1.3347,1.33472,5.25,6.04
2013.09.16 10:38:57.263,1.33469,1.33471,1.00,1.13
2013.09.16 10:38:57.623,1.33467,1.3347,1.13,1.38
2013.09.16 10:38:58.166,1.33468,1.3347,3.38,1.13
2013.09.16 10:38:58.725,1.33468,1.3347,3.38,1.13
2013.09.16 10:38:59.264,1.33469,1.3347,1.50,1.13
2013.09.16 10:38:59.863,1.33468,1.3347,1.13,2.38
2013.09.16 10:38:59.923,1.33466,1.3347,1.00,5.32
2013.09.16 10:39:00.463,1.33466,1.33468,3.38,5.45
2013.09.16 10:39:02.533,1.33465,1.33467,1.58,5.88
2013.09.16 10:39:02.894,1.3346,1.33462,1.10,7.35
2013.09.16 10:39:03.014,1.33459,1.33461,3.75,5.63
2013.09.16 10:39:03.193,1.33457,1.3346,1.95,6.25
2013.09.16 10:39:03.733,1.33456,1.33458,1.95,1.13
2013.09.16 10:39:07.053,1.33456,1.33458,1.20,2.07
2013.09.16 10:39:07.534,1.33454,1.33457,1.50,1.38
2013.09.16 10:39:07.654,1.33454,1.33456,2.03,1.00
2013.09.16 10:39:14.465,1.33454,1.33456,1.28,1.00
2013.09.16 10:39:24.643,1.33455,1.33457,2.65,1.00
2013.09.16 10:39:38.265,1.33455,1.33458,4.75,2.85
2013.09.16 10:39:44.063,1.33455,1.33459,12.25,1.00
2013.09.16 10:39:44.304,1.33457,1.33459,1.00,3.94
2013.09.16 10:39:44.423,1.33459,1.33463,8.88,8.25
2013.09.16 10:39:44.605,1.33463,1.33468,10.13,1.38
2013.09.16 10:39:45.143,1.33466,1.33468,4.88,1.13
2013.09.16 10:39:45.263,1.33466,1.33468,4.50,1.13
2013.09.16 10:39:45.383,1.33467,1.33469,2.13,2.25
2013.09.16 10:39:46.533,1.33467,1.33468,1.88,1.88
2013.09.16 10:39:47.633,1.33466,1.33469,1.09,4.13
2013.09.16 10:39:50.023,1.33466,1.33468,1.09,1.88
2013.09.16 10:39:50.613,1.33466,1.33468,1.38,1.00
2013.09.16 10:39:51.174,1.33465,1.33468,5.78,1.88
2013.09.16 10:39:56.024,1.33465,1.33468,1.95,6.61
2013.09.16 10:39:56.563,1.33464,1.33466,1.95,1.50
2013.09.16 10:39:59.973,1.33464,1.33468,1.58,1.50
2013.09.16 10:40:00.598,1.33466,1.33472,10.55,6.75
2013.09.16 10:40:00.844,1.33472,1.33475,8.22,3.38
2013.09.16 10:40:01.023,1.33474,1.33475,1.05,1.00
2013.09.16 10:40:01.325,1.33473,1.33476,6.53,4.88
2013.09.16 10:40:01.874,1.33474,1.33475,1.05,1.00
2013.09.16 10:40:02.460,1.33474,1.33476,1.13,5.25
2013.09.16 10:40:03.004,1.33474,1.33475,1.13,1.50
2013.09.16 10:40:03.664,1.33473,1.33474,1.13,1.00
2013.09.16 10:40:03.844,1.33473,1.33474,1.00,3.23
2013.09.16 10:40:03.904,1.3347,1.33473,3.00,2.25
2013.09.16 10:40:04.023,1.33468,1.33471,2.63,7.38
2013.09.16 10:40:04.564,1.33467,1.33469,1.50,1.13
2013.09.16 10:40:06.363,1.33467,1.33469,1.50,2.63
2013.09.16 10:40:10.463,1.33466,1.33468,3.00,1.88
2013.09.16 10:40:17.117,1.33465,1.33467,1.50,4.50
2013.09.16 10:40:17.428,1.33465,1.33468,2.25,5.63
2013.09.16 10:40:31.813,1.33466,1.33469,1.50,4.88
2013.09.16 10:40:33.193,1.33465,1.33469,2.63,2.63
2013.09.16 10:40:38.886,1.33465,1.33467,1.13,1.00
2013.09.16 10:40:39.723,1.33464,1.33467,1.88,6.00
2013.09.16 10:40:42.194,1.33465,1.33467,1.00,5.25
2013.09.16 10:40:43.573,1.33465,1.33466,1.50,3.75
2013.09.16 10:40:46.833,1.33464,1.33466,1.13,5.25
2013.09.16 10:40:49.424,1.33464,1.33467,1.05,5.25
2013.09.16 10:40:54.813,1.33463,1.33466,3.38,1.00
2013.09.16 10:41:05.003,1.33465,1.33466,1.50,1.00
2013.09.16 10:41:06.813,1.33465,1.33467,1.50,2.63
2013.09.16 10:41:10.033,1.33464,1.33467,1.88,2.63
2013.09.16 10:41:10.573,1.33464,1.33466,1.88,1.50
2013.09.16 10:41:12.304,1.33464,1.33467,1.88,4.50
2013.09.16 10:41:13.194,1.33465,1.33467,1.50,4.50
2013.09.16 10:41:13.743,1.33463,1.33467,4.50,4.50
2013.09.16 10:41:17.473,1.33464,1.33467,2.63,7.88
2013.09.16 10:41:18.014,1.33464,1.33466,1.88,1.00
2013.09.16 10:41:20.933,1.33464,1.33467,1.38,1.50
2013.09.16 10:41:22.313,1.33463,1.33466,2.63,1.00
2013.09.16 10:41:22.844,1.33463,1.33466,1.88,1.50
2013.09.16 10:41:23.385,1.33463,1.33465,2.63,1.00
2013.09.16 10:41:24.454,1.33463,1.33466,2.63,1.00
2013.09.16 10:41:25.275,1.33463,1.33466,2.63,2.85
2013.09.16 10:41:25.859,1.33463,1.33464,1.13,1.50
2013.09.16 10:41:26.364,1.33463,1.33466,1.13,1.88
2013.09.16 10:41:27.523,1.33463,1.33465,1.13,1.00
2013.09.16 10:41:30.893,1.33462,1.33465,4.50,1.88
2013.09.16 10:41:31.433,1.33462,1.33464,3.75,1.00
2013.09.16 10:41:31.973,1.33462,1.33465,4.50,1.88
2013.09.16 10:41:42.263,1.33462,1.33464,3.38,1.00
2013.09.16 10:41:43.034,1.33462,1.33465,1.50,2.63
2013.09.16 10:41:44.465,1.33463,1.33466,1.00,4.13
2013.09.16 10:41:47.603,1.33462,1.33466,8.63,3.38
2013.09.16 10:41:48.203,1.33462,1.33466,4.88,3.38
2013.09.16 10:41:55.396,1.33462,1.33465,4.50,1.13
2013.09.16 10:41:55.933,1.33462,1.33464,3.38,1.00
2013.09.16 10:41:56.954,1.33463,1.33465,1.00,1.13
2013.09.16 10:41:57.135,1.33462,1.33465,3.00,1.38
2013.09.16 10:42:00.543,1.33463,1.33465,1.00,1.13
2013.09.16 10:42:02.090,1.33462,1.33465,3.00,1.13
2013.09.16 10:42:02.393,1.33462,1.33464,2.63,1.38
2013.09.16 10:42:02.945,1.33463,1.33465,1.00,1.00
2013.09.16 10:42:04.033,1.33463,1.33465,1.00,1.00
2013.09.16 10:42:04.584,1.33462,1.33465,1.88,3.38
2013.09.16 10:42:04.704,1.33462,1.33465,2.25,3.38
2013.09.16 10:42:05.064,1.33462,1.33466,1.62,8.07
2013.09.16 10:42:05.365,1.33459,1.33463,15.00,2.50
2013.09.16 10:42:05.544,1.33452,1.33459,1.13,6.79
2013.09.16 10:42:05.664,1.33454,1.33455,1.00,1.13
2013.09.16 10:42:05.964,1.33453,1.33455,2.63,1.88
2013.09.16 10:42:06.023,1.33452,1.33455,2.25,1.88
2013.09.16 10:42:06.324,1.33453,1.33455,2.63,1.88
2013.09.16 10:42:06.864,1.33454,1.33455,1.00,1.88
2013.09.16 10:42:10.604,1.33452,1.33455,3.38,1.88
2013.09.16 10:42:11.083,1.33452,1.33455,3.00,1.88
2013.09.16 10:42:11.876,1.33453,1.33455,1.00,1.50
2013.09.16 10:42:12.495,1.33453,1.33454,1.00,1.00
2013.09.16 10:42:12.793,1.33451,1.33454,1.88,1.88
2013.09.16 10:42:12.973,1.3345,1.33451,2.63,1.50
2013.09.16 10:42:13.274,1.33444,1.33448,1.13,2.63
2013.09.16 10:42:13.754,1.33445,1.33448,1.50,5.25
2013.09.16 10:42:14.293,1.33445,1.33448,1.50,5.25
2013.09.16 10:42:14.953,1.33444,1.33448,2.25,5.25
2013.09.16 10:42:15.504,1.33438,1.33446,4.13,1.88
2013.09.16 10:42:16.764,1.33444,1.33446,1.00,1.88
2013.09.16 10:42:18.056,1.33443,1.33446,4.13,1.88
2013.09.16 10:42:18.594,1.33444,1.33446,1.00,1.20
2013.09.16 10:42:19.713,1.33443,1.33446,3.38,1.20
2013.09.16 10:42:21.744,1.33444,1.33446,1.00,1.13
2013.09.16 10:42:22.284,1.33444,1.33446,1.50,1.13
2013.09.16 10:42:25.093,1.33444,1.33446,1.00,1.28
2013.09.16 10:42:25.955,1.33445,1.33446,1.00,1.28
2013.09.16 10:42:26.494,1.33444,1.33446,1.50,2.03
2013.09.16 10:42:28.696,1.33444,1.33445,1.50,1.00
2013.09.16 10:42:29.238,1.33444,1.33446,1.50,2.25
2013.09.16 10:42:31.203,1.33444,1.33446,1.50,1.50
2013.09.16 10:42:33.063,1.33443,1.33446,9.00,3.26
2013.09.16 10:42:35.194,1.33444,1.33445,1.50,1.00
2013.09.16 10:42:37.521,1.33444,1.33445,1.43,1.00
2013.09.16 10:42:38.043,1.33443,1.33445,6.75,1.00
2013.09.16 10:42:39.374,1.33443,1.33445,2.88,1.00
2013.09.16 10:42:41.655,1.33443,1.33445,1.00,1.50
2013.09.16 10:42:42.188,1.33443,1.33445,1.00,1.00
2013.09.16 10:42:44.233,1.33443,1.33445,1.00,1.88
2013.09.16 10:42:47.674,1.33441,1.33444,3.00,2.10
2013.09.16 10:42:47.975,1.33435,1.33439,1.88,4.98
2013.09.16 10:42:48.034,1.33435,1.33437,1.13,3.38
2013.09.16 10:42:48.274,1.33434,1.33437,1.00,6.79
2013.09.16 10:42:48.813,1.33433,1.33437,3.60,5.07
2013.09.16 10:42:49.353,1.33434,1.33437,1.00,4.32
2013.09.16 10:42:49.895,1.33433,1.33437,3.98,4.32
2013.09.16 10:42:50.435,1.33432,1.33436,3.75,6.42
2013.09.16 10:42:52.984,1.33432,1.33435,4.43,3.63
2013.09.16 10:42:53.845,1.33432,1.33435,6.75,1.00
2013.09.16 10:42:55.635,1.33432,1.33435,1.30,6.01
2013.09.16 10:42:55.816,1.33425,1.33434,8.25,7.75
2013.09.16 10:42:56.325,1.3343,1.33433,7.43,1.50
2013.09.16 10:42:56.887,1.3343,1.33433,7.43,1.00
2013.09.16 10:42:58.064,1.3343,1.33433,6.75,1.88
2013.09.16 10:42:58.125,1.33424,1.33433,4.88,3.75
2013.09.16 10:42:58.426,1.3342,1.33427,1.00,5.13
2013.09.16 10:42:58.485,1.33424,1.33427,1.80,6.63
2013.09.16 10:42:59.024,1.33423,1.33426,1.30,3.25
2013.09.16 10:42:59.623,1.33423,1.33426,1.00,1.00
2013.09.16 10:43:00.164,1.33422,1.33426,4.13,1.00
2013.09.16 10:43:00.463,1.33424,1.33426,1.50,2.50
2013.09.16 10:43:01.003,1.33422,1.33426,3.75,1.50
2013.09.16 10:43:01.064,1.33422,1.33426,3.38,1.50
2013.09.16 10:43:01.603,1.33423,1.33425,1.00,1.00
2013.09.16 10:43:02.240,1.33422,1.33425,3.00,1.50
2013.09.16 10:43:02.944,1.33423,1.33425,1.00,1.50
2013.09.16 10:43:03.494,1.33422,1.33425,3.75,1.50
2013.09.16 10:43:04.470,1.33423,1.33425,1.00,1.50
2013.09.16 10:43:05.843,1.33424,1.33425,1.00,1.00
2013.09.16 10:43:07.003,1.33424,1.33426,2.88,1.00
2013.09.16 10:43:09.353,1.33425,1.33426,1.50,1.00
2013.09.16 10:43:10.072,1.33422,1.33426,4.88,1.00
2013.09.16 10:43:10.715,1.33425,1.33426,1.50,1.00
2013.09.16 10:43:15.074,1.33425,1.33427,1.50,1.88
2013.09.16 10:43:18.313,1.33425,1.33426,1.88,1.00
2013.09.16 10:43:19.633,1.33425,1.33427,1.88,1.50
2013.09.16 10:43:20.333,1.33426,1.33427,2.63,1.13
2013.09.16 10:43:20.408,1.33428,1.3343,1.00,4.50
2013.09.16 10:43:20.773,1.33426,1.3343,6.30,6.25
2013.09.16 10:43:21.314,1.33426,1.3343,6.30,6.75
2013.09.16 10:43:21.855,1.33426,1.3343,2.63,6.75
2013.09.16 10:43:22.214,1.33428,1.3343,12.19,1.00
2013.09.16 10:43:22.335,1.33431,1.33433,1.00,1.00
2013.09.16 10:43:22.394,1.3343,1.33433,17.18,1.00
2013.09.16 10:43:22.454,1.33432,1.33434,4.73,1.88
2013.09.16 10:43:22.756,1.33435,1.33436,3.75,1.50
2013.09.16 10:43:23.294,1.33434,1.33436,5.25,1.13
2013.09.16 10:43:23.834,1.33434,1.33436,5.25,1.38
2013.09.16 10:43:24.074,1.33433,1.33435,3.75,1.13
2013.09.16 10:43:25.205,1.33432,1.33434,3.75,1.00
2013.09.16 10:43:25.744,1.33431,1.33433,1.88,1.50
2013.09.16 10:43:26.283,1.33431,1.33433,1.13,1.50
2013.09.16 10:43:26.823,1.3343,1.33432,1.00,2.88
2013.09.16 10:43:27.363,1.33428,1.33431,1.38,7.13
2013.09.16 10:43:28.446,1.3343,1.33433,2.25,5.14
2013.09.16 10:43:29.003,1.3343,1.33433,4.50,3.82
2013.09.16 10:43:29.543,1.33431,1.33433,1.00,3.82
2013.09.16 10:43:29.844,1.33431,1.33435,5.50,4.50
2013.09.16 10:43:30.145,1.33436,1.33438,4.13,3.00
2013.09.16 10:43:30.326,1.33438,1.33439,2.63,1.00
2013.09.16 10:43:30.864,1.33438,1.3344,1.50,1.24
2013.09.16 10:43:31.226,1.33437,1.3344,1.50,1.99
2013.09.16 10:43:32.069,1.33438,1.3344,1.00,1.62
2013.09.16 10:43:32.144,1.33438,1.3344,1.50,1.15
2013.09.16 10:43:33.613,1.33438,1.33439,1.00,1.00
2013.09.16 10:43:34.434,1.33437,1.33439,3.00,1.00
2013.09.16 10:43:35.975,1.33437,1.33438,3.00,1.00
2013.09.16 10:43:36.518,1.33436,1.33438,2.25,2.50
2013.09.16 10:43:37.063,1.33436,1.33438,3.00,1.88
2013.09.16 10:43:37.604,1.33436,1.33438,5.25,2.88
2013.09.16 10:43:38.106,1.33436,1.33438,2.25,4.38
2013.09.16 10:43:38.704,1.33436,1.33438,2.25,4.13
2013.09.16 10:43:39.253,1.33436,1.33437,2.25,1.13
2013.09.16 10:43:40.514,1.33435,1.33437,3.00,1.00
2013.09.16 10:43:41.054,1.33435,1.33436,1.88,1.00
2013.09.16 10:43:41.904,1.33435,1.33437,3.38,1.88
2013.09.16 10:43:44.836,1.33436,1.33437,1.88,1.13
2013.09.16 10:43:49.465,1.33434,1.33436,1.00,2.63
2013.09.16 10:43:50.004,1.33435,1.33438,2.63,4.32
2013.09.16 10:43:51.093,1.33436,1.33438,1.88,7.69
2013.09.16 10:43:52.983,1.33436,1.33437,1.13,1.00
2013.09.16 10:43:56.953,1.33436,1.33438,1.88,3.38
2013.09.16 10:43:58.473,1.33436,1.33438,1.88,2.50
2013.09.16 10:44:04.544,1.33436,1.33439,2.50,1.88
2013.09.16 10:44:06.083,1.33436,1.33439,2.25,4.13
2013.09.16 10:44:06.611,1.33435,1.33437,1.88,3.94
2013.09.16 10:44:10.585,1.33434,1.33436,1.00,2.07
2013.09.16 10:44:10.824,1.33436,1.33437,1.50,2.98
2013.09.16 10:44:11.945,1.33437,1.33438,1.00,1.73
2013.09.16 10:44:12.185,1.33437,1.3344,7.88,3.87
2013.09.16 10:44:12.724,1.33439,1.3344,1.88,1.62
2013.09.16 10:44:13.263,1.33439,1.33441,4.13,3.94
2013.09.16 10:44:14.404,1.33439,1.33441,2.63,2.37
2013.09.16 10:44:16.094,1.33438,1.3344,1.50,3.49
2013.09.16 10:44:17.610,1.33439,1.3344,1.13,2.52
2013.09.16 10:44:22.265,1.33438,1.3344,1.48,1.77
2013.09.16 10:44:23.774,1.3344,1.33442,8.03,3.75
2013.09.16 10:44:24.257,1.33441,1.33446,5.88,3.60
2013.09.16 10:44:24.564,1.33446,1.33449,5.26,1.50
2013.09.16 10:44:24.683,1.33447,1.33449,3.75,1.00
2013.09.16 10:44:25.225,1.33448,1.3345,1.88,4.13
2013.09.16 10:44:25.784,1.33448,1.33449,1.50,1.00
2013.09.16 10:44:26.323,1.33448,1.3345,2.13,3.00
2013.09.16 10:44:28.394,1.33448,1.3345,3.00,4.13
2013.09.16 10:44:28.754,1.33449,1.33452,3.00,4.13
2013.09.16 10:44:29.055,1.33452,1.33456,13.35,2.25
2013.09.16 10:44:29.175,1.33455,1.33457,6.38,1.13
2013.09.16 10:44:29.535,1.33457,1.33459,1.50,2.63
2013.09.16 10:44:31.554,1.33458,1.3346,1.00,5.25
2013.09.16 10:44:32.093,1.33458,1.3346,3.15,1.13
2013.09.16 10:44:37.184,1.33454,1.33459,9.12,5.85
2013.09.16 10:44:37.247,1.33454,1.33455,1.13,2.25
2013.09.16 10:44:37.364,1.33455,1.33458,4.53,4.35
2013.09.16 10:44:37.921,1.33456,1.33457,1.88,3.00
2013.09.16 10:44:38.464,1.33455,1.33457,6.00,3.00
2013.09.16 10:44:41.764,1.33455,1.33457,1.00,2.48
2013.09.16 10:44:47.244,1.33456,1.33458,2.25,1.88
2013.09.16 10:44:48.360,1.33456,1.33457,1.50,1.00
2013.09.16 10:44:50.334,1.33455,1.33457,2.25,1.00
2013.09.16 10:44:52.754,1.33454,1.33457,5.63,2.03
2013.09.16 10:44:53.569,1.33455,1.33457,1.00,3.15
2013.09.16 10:44:54.104,1.33455,1.33457,3.00,2.03
2013.09.16 10:44:55.133,1.33455,1.33457,2.25,2.03
2013.09.16 10:44:55.675,1.33455,1.33457,3.00,2.03
2013.09.16 10:45:01.314,1.33455,1.33457,3.00,2.82
2013.09.16 10:45:01.854,1.33455,1.33456,1.50,1.00
2013.09.16 10:45:02.394,1.33455,1.33457,1.50,4.69
2013.09.16 10:45:02.994,1.33455,1.33456,1.50,1.00
2013.09.16 10:45:09.314,1.33455,1.33457,1.50,2.82
2013.09.16 10:45:10.864,1.33456,1.33457,1.50,1.25
2013.09.16 10:45:11.644,1.33455,1.33458,1.50,3.19
2013.09.16 10:45:17.064,1.33456,1.33457,1.50,1.32
2013.09.16 10:45:17.606,1.33457,1.33459,2.25,1.38
2013.09.16 10:45:17.964,1.33458,1.3346,7.32,4.13
2013.09.16 10:45:18.536,1.33459,1.3346,2.48,1.00
2013.09.16 10:45:18.895,1.33464,1.33467,7.05,6.38
2013.09.16 10:45:19.434,1.33465,1.33466,1.88,1.50
2013.09.16 10:45:24.363,1.33464,1.33467,1.38,1.50
2013.09.16 10:45:28.624,1.33465,1.33468,1.13,6.00
2013.09.16 10:45:32.173,1.33465,1.33466,3.38,1.00
2013.09.16 10:45:36.438,1.33465,1.33467,1.50,4.73
2013.09.16 10:45:40.474,1.33465,1.33467,1.88,3.00
2013.09.16 10:45:52.741,1.33465,1.33468,3.00,1.88
2013.09.16 10:45:53.420,1.33465,1.33467,4.13,1.00
2013.09.16 10:45:59.564,1.33465,1.33467,1.38,2.63
2013.09.16 10:45:59.686,1.33463,1.33465,2.25,5.63
2013.09.16 10:45:59.923,1.33463,1.33465,1.50,5.10
2013.09.16 10:46:00.407,1.33462,1.33464,3.00,2.50
2013.09.16 10:46:00.584,1.33462,1.33464,1.50,3.00
2013.09.16 10:46:01.126,1.33462,1.33464,1.50,2.25
2013.09.16 10:46:01.731,1.33462,1.33464,1.50,1.50
2013.09.16 10:46:02.354,1.33461,1.33463,1.13,3.38
2013.09.16 10:46:02.535,1.33456,1.33458,2.25,6.23
2013.09.16 10:46:02.716,1.33454,1.33456,3.75,4.88
2013.09.16 10:46:03.254,1.33453,1.33456,1.13,6.38
2013.09.16 10:46:03.795,1.33452,1.33455,1.00,4.13
2013.09.16 10:46:04.524,1.33454,1.33457,5.25,3.23
2013.09.16 10:46:04.944,1.33453,1.33456,2.25,3.63
2013.09.16 10:46:05.484,1.33452,1.33456,2.25,2.63
2013.09.16 10:46:05.934,1.33451,1.33455,1.00,3.76
2013.09.16 10:46:06.235,1.33447,1.3345,2.63,8.85
2013.09.16 10:46:06.295,1.33445,1.33448,1.88,3.38
2013.09.16 10:46:06.775,1.33444,1.33446,2.25,4.00
2013.09.16 10:46:06.894,1.33444,1.33446,1.00,4.50
2013.09.16 10:46:08.724,1.33444,1.33445,1.88,1.50
2013.09.16 10:46:11.792,1.33444,1.33445,1.88,2.25
2013.09.16 10:46:12.864,1.33444,1.33446,1.88,1.00
2013.09.16 10:46:13.734,1.33444,1.33447,1.88,3.38
2013.09.16 10:46:14.262,1.33444,1.33446,1.50,1.50
2013.09.16 10:46:15.164,1.33444,1.33446,1.50,2.50
2013.09.16 10:46:15.703,1.33443,1.33446,3.75,3.00
2013.09.16 10:46:20.385,1.33445,1.33446,1.50,2.10
2013.09.16 10:46:31.285,1.33444,1.33446,1.88,2.10
2013.09.16 10:46:31.527,1.33441,1.33445,5.70,7.00
2013.09.16 10:46:31.885,1.33436,1.33437,1.50,3.00
2013.09.16 10:46:32.185,1.33435,1.33437,1.50,4.88
2013.09.16 10:46:32.244,1.33434,1.33437,1.50,4.88
2013.09.16 10:46:32.785,1.33434,1.33437,1.50,2.88
2013.09.16 10:46:32.965,1.33434,1.33437,1.50,3.23
2013.09.16 10:46:33.814,1.33434,1.33437,1.50,3.23
2013.09.16 10:46:35.767,1.3343,1.33434,9.83,1.50
2013.09.16 10:46:35.836,1.33431,1.33433,3.83,5.85
2013.09.16 10:46:35.898,1.33431,1.33433,1.88,5.10
2013.09.16 10:46:36.089,1.33431,1.33432,1.00,3.60
2013.09.16 10:46:36.216,1.3343,1.33433,1.45,1.50
2013.09.16 10:46:36.455,1.3343,1.33431,6.38,3.38
2013.09.16 10:46:36.514,1.33431,1.33433,1.08,4.88
2013.09.16 10:46:37.090,1.33432,1.33435,1.20,1.75
2013.09.16 10:46:37.634,1.33432,1.33435,1.50,3.00
2013.09.16 10:46:38.174,1.33431,1.33435,3.60,4.70
2013.09.16 10:46:39.534,1.33432,1.33435,3.60,4.76
2013.09.16 10:46:39.894,1.33434,1.33435,1.50,3.00
2013.09.16 10:46:40.434,1.33431,1.33435,7.35,2.88
2013.09.16 10:46:40.977,1.33431,1.33435,4.50,18.48
2013.09.16 10:46:41.274,1.33427,1.3343,3.00,10.13
2013.09.16 10:46:41.815,1.33427,1.33429,1.50,2.63
2013.09.16 10:46:42.294,1.33425,1.33429,4.13,4.51
2013.09.16 10:46:44.714,1.33425,1.33428,4.13,4.50
