2014.05.30 14:00:00.136,1.36192,1.36193,1.50,3.94
2014.05.30 14:00:00.202,1.36192,1.36195,7.88,1.88
2014.05.30 14:00:00.508,1.36195,1.36197,5.05,1.50
2014.05.30 14:00:00.663,1.36196,1.36198,1.50,3.19
2014.05.30 14:00:00.764,1.36196,1.36198,2.25,1.69
2014.05.30 14:00:01.498,1.36197,1.362,2.13,1.13
2014.05.30 14:00:01.550,1.36198,1.362,1.00,1.88
2014.05.30 14:00:01.905,1.362,1.36202,1.00,3.19
2014.05.30 14:00:06.280,1.36201,1.36206,2.25,6.00
2014.05.30 14:00:06.787,1.36205,1.36206,5.82,1.00
2014.05.30 14:00:07.091,1.36204,1.36205,1.00,6.00
2014.05.30 14:00:07.293,1.36202,1.36204,2.25,2.50
2014.05.30 14:00:07.608,1.36198,1.36201,6.38,8.82
2014.05.30 14:00:07.659,1.36198,1.36199,4.13,1.00
2014.05.30 14:00:08.164,1.36197,1.362,5.25,8.44
2014.05.30 14:00:09.074,1.36199,1.362,1.00,4.88
2014.05.30 14:00:09.798,1.36198,1.362,3.19,3.00
2014.05.30 14:00:10.229,1.36199,1.36201,1.50,1.88
2014.05.30 14:00:10.636,1.36201,1.36203,1.00,3.42
2014.05.30 14:00:10.956,1.36202,1.36205,13.50,3.75
2014.05.30 14:00:11.260,1.36206,1.36207,1.88,1.50
2014.05.30 14:00:11.311,1.36206,1.36209,1.88,6.23
2014.05.30 14:00:11.412,1.36205,1.36207,5.63,1.50
2014.05.30 14:00:11.919,1.36205,1.36206,2.25,3.94
2014.05.30 14:00:12.430,1.36205,1.36207,3.75,1.50
2014.05.30 14:00:12.936,1.36206,1.36207,1.00,1.00
2014.05.30 14:00:13.695,1.36205,1.36207,4.50,1.13
2014.05.30 14:00:14.258,1.36205,1.36207,3.75,1.38
2014.05.30 14:00:14.780,1.36205,1.36208,3.00,2.82
2014.05.30 14:00:15.315,1.36205,1.36208,4.50,3.57
2014.05.30 14:00:16.852,1.36207,1.36208,1.00,2.63
2014.05.30 14:00:19.867,1.36206,1.36207,1.00,1.00
2014.05.30 14:00:20.862,1.36207,1.36209,1.00,10.17
2014.05.30 14:00:21.119,1.36205,1.36207,7.50,2.13
2014.05.30 14:00:21.725,1.36204,1.36206,2.25,5.48
2014.05.30 14:00:21.927,1.36202,1.36205,6.00,10.17
2014.05.30 14:00:22.448,1.36202,1.36205,5.88,16.54
2014.05.30 14:00:22.864,1.36201,1.36203,6.00,1.50
2014.05.30 14:00:23.921,1.36201,1.36202,3.38,1.00
2014.05.30 14:00:24.426,1.36203,1.36204,1.00,2.82
2014.05.30 14:00:24.931,1.36204,1.36205,1.00,2.25
2014.05.30 14:00:25.449,1.36203,1.36204,1.50,1.00
2014.05.30 14:00:26.123,1.36203,1.36205,2.25,3.00
2014.05.30 14:00:26.427,1.36203,1.36206,7.13,3.19
2014.05.30 14:00:26.528,1.36203,1.36205,7.88,1.50
2014.05.30 14:00:27.033,1.36203,1.36205,3.00,1.00
2014.05.30 14:00:27.539,1.36204,1.36206,1.00,2.63
2014.05.30 14:00:27.777,1.36203,1.36205,4.13,1.00
2014.05.30 14:00:28.283,1.36202,1.36203,3.75,1.00
2014.05.30 14:00:28.384,1.36201,1.36203,5.40,1.00
2014.05.30 14:00:31.215,1.36201,1.36202,2.25,1.00
2014.05.30 14:00:31.367,1.36201,1.36202,1.00,2.25
2014.05.30 14:00:31.520,1.362,1.36202,6.57,1.50
2014.05.30 14:00:32.047,1.36202,1.36203,1.00,2.63
2014.05.30 14:00:34.336,1.36201,1.36203,1.50,3.38
2014.05.30 14:00:34.438,1.362,1.36202,6.75,3.38
2014.05.30 14:00:34.997,1.36199,1.36202,1.50,6.95
2014.05.30 14:00:35.431,1.36197,1.362,4.88,4.57
2014.05.30 14:00:35.836,1.36196,1.36199,1.00,6.95
2014.05.30 14:00:37.466,1.36195,1.36198,8.63,1.69
2014.05.30 14:00:37.618,1.36195,1.36196,3.00,1.50
2014.05.30 14:00:37.922,1.36193,1.36194,1.50,2.25
2014.05.30 14:00:38.442,1.36192,1.36195,1.88,13.69
2014.05.30 14:00:41.592,1.36192,1.36194,1.50,1.00
2014.05.30 14:00:42.097,1.36192,1.36195,2.25,11.82
2014.05.30 14:00:42.710,1.36192,1.36195,2.25,15.19
2014.05.30 14:00:44.704,1.36191,1.36194,8.25,2.44
2014.05.30 14:00:45.801,1.36191,1.36193,4.13,1.00
2014.05.30 14:00:47.966,1.36192,1.36193,1.00,1.25
2014.05.30 14:00:48.780,1.36192,1.36194,1.00,2.44
2014.05.30 14:00:50.285,1.36191,1.36194,9.38,2.44
2014.05.30 14:00:51.989,1.36189,1.36193,4.13,75.00
2014.05.30 14:00:52.545,1.3619,1.36194,3.00,4.95
2014.05.30 14:00:52.697,1.36191,1.36193,2.25,6.44
2014.05.30 14:00:52.848,1.36191,1.36193,1.50,2.69
2014.05.30 14:00:53.354,1.36191,1.36193,1.50,2.74
2014.05.30 14:00:53.929,1.36193,1.36195,3.25,10.58
2014.05.30 14:00:54.087,1.36194,1.36195,1.50,3.12
2014.05.30 14:00:54.594,1.36191,1.36195,7.54,9.72
2014.05.30 14:00:54.948,1.3619,1.36193,3.00,6.57
2014.05.30 14:00:56.223,1.3619,1.36193,8.63,2.44
2014.05.30 14:00:56.527,1.36194,1.36195,9.75,1.00
2014.05.30 14:00:56.830,1.36197,1.36199,4.24,1.00
2014.05.30 14:00:57.334,1.36197,1.36199,1.50,1.73
2014.05.30 14:00:57.385,1.36197,1.36199,1.50,1.73
2014.05.30 14:00:57.890,1.36196,1.36199,4.50,7.17
2014.05.30 14:00:58.042,1.36195,1.36199,2.63,6.04
2014.05.30 14:00:58.346,1.36194,1.36196,1.38,3.04
2014.05.30 14:00:58.499,1.36192,1.36193,2.25,1.50
2014.05.30 14:00:58.550,1.36192,1.36193,1.50,1.00
2014.05.30 14:00:58.702,1.36191,1.36192,2.25,1.00
2014.05.30 14:00:59.056,1.3619,1.36191,1.13,1.50
2014.05.30 14:00:59.511,1.36188,1.3619,1.20,2.25
2014.05.30 14:01:00.026,1.36187,1.3619,5.33,6.00
2014.05.30 14:01:00.127,1.36186,1.36188,5.25,4.50
2014.05.30 14:01:00.332,1.36184,1.36186,4.13,3.00
2014.05.30 14:01:00.687,1.36182,1.36185,3.00,7.69
2014.05.30 14:01:00.789,1.36182,1.36184,3.45,1.00
2014.05.30 14:01:01.144,1.36182,1.36184,3.45,1.00
2014.05.30 14:01:01.347,1.36182,1.36184,5.33,1.00
2014.05.30 14:01:01.752,1.36182,1.36185,4.13,7.69
2014.05.30 14:01:01.853,1.36182,1.36185,4.58,6.57
2014.05.30 14:01:01.955,1.36182,1.36185,4.58,6.94
2014.05.30 14:01:02.265,1.36182,1.36185,4.58,6.57
2014.05.30 14:01:02.569,1.36182,1.36183,3.00,1.00
2014.05.30 14:01:02.721,1.36179,1.36182,3.00,3.60
2014.05.30 14:01:03.127,1.36176,1.36179,5.48,6.79
2014.05.30 14:01:03.481,1.36176,1.36179,5.59,3.94
2014.05.30 14:01:03.532,1.36176,1.36179,5.33,4.54
2014.05.30 14:01:03.583,1.36177,1.36179,1.00,3.94
2014.05.30 14:01:06.052,1.36178,1.36179,2.63,1.69
2014.05.30 14:01:06.369,1.36184,1.36186,3.76,1.50
2014.05.30 14:01:06.523,1.36185,1.36187,3.38,1.50
2014.05.30 14:01:06.726,1.36187,1.36189,1.13,1.00
2014.05.30 14:01:06.779,1.36187,1.3619,1.58,3.00
2014.05.30 14:01:06.830,1.36187,1.36191,1.95,3.38
2014.05.30 14:01:06.932,1.36187,1.3619,1.58,3.00
2014.05.30 14:01:07.034,1.36187,1.36191,5.33,4.32
2014.05.30 14:01:07.236,1.36186,1.36189,2.33,3.60
2014.05.30 14:01:08.175,1.36186,1.36189,3.45,7.54
2014.05.30 14:01:08.427,1.36187,1.36191,5.33,3.38
2014.05.30 14:01:08.529,1.36187,1.3619,5.33,7.32
2014.05.30 14:01:08.631,1.36188,1.36191,1.38,3.00
2014.05.30 14:01:08.732,1.36188,1.3619,1.20,5.82
2014.05.30 14:01:08.934,1.36188,1.36191,1.58,4.13
2014.05.30 14:01:09.035,1.36188,1.3619,1.20,5.82
2014.05.30 14:01:09.137,1.36188,1.36191,1.58,3.38
2014.05.30 14:01:09.238,1.36188,1.3619,1.20,5.82
2014.05.30 14:01:09.339,1.36188,1.36191,1.58,5.25
2014.05.30 14:01:09.441,1.36188,1.3619,1.20,3.57
2014.05.30 14:01:09.542,1.36188,1.36191,1.58,6.38
2014.05.30 14:01:09.644,1.36188,1.3619,1.20,3.57
2014.05.30 14:01:09.745,1.36187,1.36191,6.45,8.63
2014.05.30 14:01:09.847,1.36187,1.3619,6.08,3.57
2014.05.30 14:01:09.998,1.36188,1.36191,1.38,8.63
2014.05.30 14:01:10.100,1.36188,1.3619,1.00,4.32
2014.05.30 14:01:10.201,1.36188,1.36191,1.38,7.88
2014.05.30 14:01:10.302,1.36188,1.3619,1.00,6.57
2014.05.30 14:01:10.403,1.36188,1.36191,1.38,5.63
2014.05.30 14:01:10.505,1.36188,1.3619,1.00,6.57
2014.05.30 14:01:10.609,1.36188,1.36191,1.38,4.88
2014.05.30 14:01:10.710,1.36188,1.3619,1.00,6.19
2014.05.30 14:01:10.812,1.36188,1.36191,1.38,3.38
2014.05.30 14:01:10.913,1.36188,1.3619,1.00,6.19
2014.05.30 14:01:11.179,1.36187,1.36189,4.24,6.04
2014.05.30 14:01:11.539,1.36186,1.36188,1.26,1.68
2014.05.30 14:01:12.048,1.36185,1.36187,3.75,2.48
2014.05.30 14:01:12.352,1.36187,1.36188,1.50,1.88
2014.05.30 14:01:12.757,1.36188,1.3619,1.00,5.82
2014.05.30 14:01:14.494,1.36188,1.3619,1.00,3.75
2014.05.30 14:01:15.023,1.36188,1.3619,1.00,3.38
2014.05.30 14:01:23.835,1.36187,1.3619,5.63,4.69
2014.05.30 14:01:24.139,1.36187,1.36188,1.00,2.25
2014.05.30 14:01:24.240,1.36184,1.36186,4.88,2.25
2014.05.30 14:01:24.761,1.36183,1.36185,1.88,6.38
2014.05.30 14:01:25.120,1.36184,1.36187,1.38,12.75
2014.05.30 14:01:25.424,1.36185,1.36187,3.75,1.50
2014.05.30 14:01:27.553,1.36185,1.36188,7.69,1.50
2014.05.30 14:01:28.095,1.36186,1.36189,4.13,6.94
2014.05.30 14:01:34.500,1.36186,1.36188,1.50,1.50
2014.05.30 14:01:34.904,1.36185,1.36186,3.57,1.50
2014.05.30 14:01:35.156,1.36183,1.36185,2.82,1.50
2014.05.30 14:01:35.441,1.36182,1.36183,2.25,1.00
2014.05.30 14:01:38.380,1.36182,1.36184,2.63,3.19
2014.05.30 14:01:38.482,1.36184,1.36185,7.88,1.50
2014.05.30 14:01:38.684,1.36185,1.36187,3.38,1.00
2014.05.30 14:01:38.937,1.36187,1.36189,1.00,1.25
2014.05.30 14:01:39.486,1.36186,1.3619,3.75,15.23
2014.05.30 14:01:39.537,1.36186,1.3619,3.75,17.48
2014.05.30 14:01:39.740,1.36185,1.36186,1.50,1.13
2014.05.30 14:01:39.843,1.36184,1.36185,1.00,1.50
2014.05.30 14:01:40.349,1.36182,1.36185,2.63,2.44
2014.05.30 14:01:42.337,1.36182,1.36185,1.88,1.32
2014.05.30 14:01:42.438,1.36184,1.36187,7.88,1.13
2014.05.30 14:01:42.985,1.36187,1.36188,1.00,1.00
2014.05.30 14:01:43.038,1.36187,1.36188,1.00,1.00
2014.05.30 14:01:43.362,1.36185,1.36187,1.25,7.09
2014.05.30 14:01:43.666,1.36182,1.36186,1.50,16.04
2014.05.30 14:01:44.124,1.36181,1.36184,5.63,2.07
2014.05.30 14:01:45.943,1.36183,1.36184,1.00,1.88
2014.05.30 14:01:46.045,1.36184,1.36186,4.88,3.00
2014.05.30 14:01:46.551,1.36185,1.36187,3.00,1.50
2014.05.30 14:01:46.906,1.36184,1.36185,4.13,2.25
2014.05.30 14:01:46.957,1.36183,1.36185,4.77,3.00
2014.05.30 14:01:47.008,1.36182,1.36184,1.13,1.00
2014.05.30 14:01:47.539,1.36181,1.36183,3.38,1.00
2014.05.30 14:01:48.564,1.36181,1.36184,3.38,5.44
2014.05.30 14:01:48.948,1.3618,1.36182,2.82,1.00
2014.05.30 14:01:49.100,1.36181,1.36183,1.00,4.50
2014.05.30 14:01:49.622,1.36181,1.36183,1.50,6.57
2014.05.30 14:01:50.139,1.36181,1.36183,1.50,2.63
2014.05.30 14:01:56.213,1.36181,1.36183,6.38,1.50
2014.05.30 14:01:56.518,1.36183,1.36185,3.75,1.13
2014.05.30 14:01:56.599,1.36184,1.36185,1.00,6.00
2014.05.30 14:01:56.904,1.36181,1.36183,4.50,2.25
2014.05.30 14:01:57.409,1.36183,1.36185,1.00,7.32
2014.05.30 14:01:57.914,1.36183,1.36184,1.88,1.32
2014.05.30 14:01:59.652,1.36182,1.36183,1.88,1.00
2014.05.30 14:02:02.466,1.36181,1.36183,1.50,3.19
2014.05.30 14:02:03.587,1.3618,1.36182,3.38,1.00
2014.05.30 14:02:03.740,1.36181,1.36183,2.63,2.25
2014.05.30 14:02:04.245,1.36182,1.36183,2.63,1.50
2014.05.30 14:02:05.035,1.36182,1.36184,2.63,2.82
2014.05.30 14:02:05.829,1.36182,1.36183,1.00,1.00
2014.05.30 14:02:06.354,1.36182,1.36184,1.88,3.57
2014.05.30 14:02:06.875,1.36183,1.36184,1.00,3.57
2014.05.30 14:02:07.556,1.36182,1.36184,1.88,3.38
2014.05.30 14:02:10.385,1.36181,1.36183,2.07,1.00
2014.05.30 14:02:10.904,1.36183,1.36184,1.00,4.13
2014.05.30 14:02:11.431,1.36183,1.36184,1.00,1.88
2014.05.30 14:02:11.798,1.3618,1.36184,10.50,4.54
2014.05.30 14:02:11.903,1.36179,1.36181,9.00,5.48
2014.05.30 14:02:12.007,1.36176,1.36179,4.13,7.92
2014.05.30 14:02:12.364,1.36177,1.36179,1.00,5.29
2014.05.30 14:02:12.416,1.36176,1.36179,2.63,7.54
2014.05.30 14:02:12.921,1.36176,1.36179,2.63,7.54
2014.05.30 14:02:13.577,1.36176,1.36178,1.50,1.00
2014.05.30 14:02:13.680,1.36173,1.36176,2.25,4.50
2014.05.30 14:02:13.783,1.36173,1.36175,1.50,3.75
2014.05.30 14:02:14.035,1.36173,1.36174,1.50,2.25
2014.05.30 14:02:17.960,1.36173,1.36174,1.00,1.50
2014.05.30 14:02:18.011,1.36175,1.36176,1.00,3.75
2014.05.30 14:02:18.062,1.36175,1.36176,2.25,2.25
2014.05.30 14:02:18.112,1.36177,1.36178,1.13,1.88
2014.05.30 14:02:18.623,1.36177,1.36179,3.38,4.88
2014.05.30 14:02:21.112,1.36177,1.3618,7.32,2.48
2014.05.30 14:02:22.076,1.36177,1.3618,8.44,2.48
2014.05.30 14:02:23.394,1.36177,1.36179,4.50,1.25
2014.05.30 14:02:26.679,1.36178,1.36179,1.00,1.50
2014.05.30 14:02:27.456,1.36178,1.3618,1.00,3.94
2014.05.30 14:02:28.064,1.36178,1.3618,1.00,4.32
2014.05.30 14:02:28.267,1.36179,1.36185,2.13,20.25
2014.05.30 14:02:28.573,1.36182,1.36183,4.88,1.00
2014.05.30 14:02:29.029,1.36181,1.36182,1.50,2.25
2014.05.30 14:02:29.080,1.36182,1.36183,1.00,2.25
2014.05.30 14:02:30.799,1.36182,1.36184,3.00,1.13
2014.05.30 14:02:32.748,1.36182,1.36185,3.00,7.69
2014.05.30 14:02:34.655,1.36183,1.36185,1.00,4.13
2014.05.30 14:02:34.757,1.36185,1.36188,5.13,4.69
2014.05.30 14:02:35.070,1.36186,1.36188,4.88,2.13
2014.05.30 14:02:35.123,1.36186,1.36187,4.13,1.13
2014.05.30 14:02:35.479,1.36187,1.36189,2.50,3.94
2014.05.30 14:02:35.934,1.36188,1.36191,9.94,1.50
2014.05.30 14:02:36.499,1.3619,1.36191,1.50,1.50
2014.05.30 14:02:37.011,1.3619,1.36192,1.50,1.69
2014.05.30 14:02:38.113,1.36191,1.36192,1.00,1.00
2014.05.30 14:02:38.214,1.36192,1.36194,1.00,7.69
2014.05.30 14:02:38.517,1.36194,1.36195,1.00,1.00
2014.05.30 14:02:38.619,1.36195,1.36196,4.13,3.75
2014.05.30 14:02:39.128,1.36195,1.36196,1.50,2.25
2014.05.30 14:02:39.485,1.36194,1.36195,3.00,1.00
2014.05.30 14:02:39.992,1.36195,1.36196,2.25,1.50
2014.05.30 14:02:40.246,1.36196,1.36198,1.50,1.50
2014.05.30 14:02:41.711,1.36196,1.36198,1.00,3.38
2014.05.30 14:02:42.053,1.36195,1.36196,1.50,4.50
2014.05.30 14:02:42.307,1.36192,1.36194,3.00,3.63
2014.05.30 14:02:42.834,1.36193,1.36194,1.00,2.63
2014.05.30 14:02:43.339,1.36193,1.36194,1.00,1.47
2014.05.30 14:02:45.301,1.36192,1.36194,7.13,1.73
2014.05.30 14:02:45.402,1.3619,1.36192,1.13,4.38
2014.05.30 14:02:45.908,1.36189,1.36191,1.50,5.17
2014.05.30 14:02:45.959,1.36188,1.36191,2.25,5.92
2014.05.30 14:02:46.161,1.36188,1.3619,1.50,5.50
2014.05.30 14:02:46.313,1.36189,1.3619,1.50,2.25
2014.05.30 14:02:54.251,1.36189,1.36191,1.00,5.63
2014.05.30 14:02:54.554,1.36187,1.36191,7.69,3.98
2014.05.30 14:02:54.858,1.36188,1.36191,4.38,5.67
2014.05.30 14:02:55.369,1.36188,1.36191,5.13,4.32
2014.05.30 14:02:58.369,1.36189,1.36191,3.00,3.38
2014.05.30 14:02:58.875,1.36188,1.3619,1.88,1.00
2014.05.30 14:02:58.927,1.36186,1.36189,4.13,1.35
2014.05.30 14:02:59.231,1.36183,1.36186,5.25,8.25
2014.05.30 14:02:59.485,1.36181,1.36186,5.63,16.50
2014.05.30 14:02:59.990,1.36181,1.36186,3.00,14.82
2014.05.30 14:03:01.387,1.36181,1.36186,3.19,14.82
2014.05.30 14:03:02.408,1.36183,1.36186,1.00,14.07
2014.05.30 14:03:02.914,1.36182,1.36186,2.44,10.32
2014.05.30 14:03:04.235,1.36182,1.36185,3.94,4.88
2014.05.30 14:03:07.150,1.36182,1.36185,2.63,3.00
2014.05.30 14:03:07.353,1.36186,1.36188,3.38,1.88
2014.05.30 14:03:07.859,1.36186,1.36189,10.70,1.00
2014.05.30 14:03:08.364,1.36187,1.3619,7.51,3.19
2014.05.30 14:03:09.520,1.36188,1.36189,1.13,1.00
2014.05.30 14:03:09.723,1.36186,1.36188,1.50,2.85
2014.05.30 14:03:10.179,1.36187,1.36189,1.00,3.94
2014.05.30 14:03:10.698,1.36188,1.36189,1.00,2.44
2014.05.30 14:03:11.211,1.36187,1.36189,2.63,2.44
2014.05.30 14:03:14.048,1.36187,1.36189,1.88,3.04
2014.05.30 14:03:14.351,1.36184,1.36186,1.13,3.19
2014.05.30 14:03:14.869,1.36184,1.36186,1.13,2.44
2014.05.30 14:03:16.852,1.36184,1.36185,1.00,1.00
2014.05.30 14:03:17.391,1.36184,1.36185,1.13,1.00
2014.05.30 14:03:17.932,1.36185,1.36186,1.13,3.00
2014.05.30 14:03:18.034,1.36185,1.36188,8.25,5.07
2014.05.30 14:03:18.187,1.36187,1.36189,1.38,3.79
2014.05.30 14:03:18.692,1.36187,1.36189,1.38,4.50
2014.05.30 14:03:19.451,1.36187,1.36189,1.00,3.94
2014.05.30 14:03:19.981,1.36187,1.36189,2.63,2.44
2014.05.30 14:03:20.889,1.36187,1.36189,2.25,2.44
2014.05.30 14:03:21.706,1.36186,1.36188,1.50,3.19
2014.05.30 14:03:22.014,1.36184,1.36186,1.13,1.50
2014.05.30 14:03:23.131,1.36184,1.36185,1.13,2.25
2014.05.30 14:03:23.545,1.36185,1.36187,1.00,6.00
2014.05.30 14:03:23.597,1.36186,1.36187,2.25,1.00
2014.05.30 14:03:23.699,1.36187,1.36189,1.00,4.69
2014.05.30 14:03:23.952,1.36188,1.3619,1.38,3.57
2014.05.30 14:03:25.486,1.36188,1.3619,3.38,1.50
2014.05.30 14:03:28.534,1.36189,1.36191,1.00,3.19
2014.05.30 14:03:29.043,1.36189,1.3619,1.50,1.69
2014.05.30 14:03:29.957,1.36188,1.3619,1.13,5.82
2014.05.30 14:03:34.436,1.36188,1.3619,2.63,1.50
2014.05.30 14:03:36.841,1.36188,1.3619,2.63,1.50
2014.05.30 14:03:37.346,1.36189,1.3619,1.88,2.07
2014.05.30 14:03:39.275,1.3619,1.36191,1.00,3.19
2014.05.30 14:03:39.611,1.36192,1.36193,2.25,1.50
2014.05.30 14:03:39.815,1.36193,1.36195,2.48,1.13
2014.05.30 14:03:39.867,1.36195,1.36197,2.50,3.75
2014.05.30 14:03:39.971,1.36197,1.36198,1.50,5.63
2014.05.30 14:03:40.123,1.36198,1.36199,1.50,3.38
2014.05.30 14:03:40.628,1.36198,1.362,1.50,5.82
2014.05.30 14:03:46.879,1.36198,1.362,2.63,1.00
2014.05.30 14:03:47.385,1.36199,1.36201,1.13,1.50
2014.05.30 14:03:47.894,1.36199,1.362,1.00,1.50
2014.05.30 14:03:48.409,1.36198,1.362,1.00,1.50
2014.05.30 14:03:49.906,1.36198,1.36199,1.50,1.00
2014.05.30 14:03:51.801,1.36197,1.36199,2.07,1.00
2014.05.30 14:03:58.043,1.36198,1.362,2.88,4.96
2014.05.30 14:03:58.299,1.36198,1.362,2.63,4.58
2014.05.30 14:03:59.318,1.36198,1.36199,3.38,1.00
2014.05.30 14:04:02.832,1.36198,1.362,3.00,3.57
2014.05.30 14:04:03.445,1.36199,1.36201,1.00,5.89
2014.05.30 14:04:04.404,1.36199,1.36201,1.50,4.69
2014.05.30 14:04:04.909,1.36198,1.362,3.75,1.88
2014.05.30 14:04:08.586,1.36198,1.362,8.29,1.50
2014.05.30 14:04:08.637,1.362,1.36205,4.88,19.88
2014.05.30 14:04:08.690,1.36203,1.36206,8.97,3.00
2014.05.30 14:04:08.898,1.36205,1.36207,10.88,4.10
2014.05.30 14:04:09.052,1.36206,1.36207,2.63,0.10
2014.05.30 14:04:09.153,1.36208,1.3621,1.00,1.00
2014.05.30 14:04:09.305,1.36209,1.36211,1.50,3.38
2014.05.30 14:04:09.811,1.36208,1.3621,3.94,1.50
2014.05.30 14:04:10.982,1.36207,1.3621,3.38,4.32
2014.05.30 14:04:11.234,1.36206,1.36208,4.88,1.00
2014.05.30 14:04:11.619,1.36205,1.36206,1.00,3.00
2014.05.30 14:04:11.822,1.36204,1.36206,2.25,3.75
2014.05.30 14:04:12.327,1.36203,1.36205,1.00,5.44
2014.05.30 14:04:12.834,1.36202,1.36204,1.00,3.75
2014.05.30 14:04:13.490,1.36202,1.36204,2.07,1.50
2014.05.30 14:04:13.592,1.36205,1.36208,3.38,7.32
2014.05.30 14:04:13.694,1.36207,1.36209,1.50,3.00
2014.05.30 14:04:14.199,1.36208,1.3621,1.00,6.19
2014.05.30 14:04:15.217,1.36208,1.3621,1.00,6.19
2014.05.30 14:04:16.433,1.36209,1.36211,1.00,3.38
2014.05.30 14:04:17.032,1.36208,1.3621,1.00,3.57
2014.05.30 14:04:17.971,1.36208,1.3621,1.00,3.57
2014.05.30 14:04:18.937,1.36207,1.36209,1.50,1.00
2014.05.30 14:04:19.039,1.36205,1.36207,9.57,1.00
2014.05.30 14:04:19.345,1.36202,1.36204,2.25,3.75
2014.05.30 14:04:19.650,1.36196,1.36201,2.63,7.82
2014.05.30 14:04:19.704,1.36198,1.36199,1.15,1.69
2014.05.30 14:04:20.007,1.36198,1.362,1.00,4.50
2014.05.30 14:04:20.212,1.36201,1.36204,3.82,6.00
2014.05.30 14:04:20.620,1.36203,1.36205,1.00,1.88
2014.05.30 14:04:21.151,1.36205,1.36206,1.00,2.25
2014.05.30 14:04:21.354,1.36206,1.36208,1.00,3.19
2014.05.30 14:04:21.860,1.36207,1.36209,1.50,2.44
2014.05.30 14:04:22.373,1.36208,1.36209,1.00,1.69
2014.05.30 14:04:23.127,1.36207,1.36209,1.50,1.50
2014.05.30 14:04:23.642,1.36206,1.36209,3.75,4.69
2014.05.30 14:04:24.583,1.36206,1.36208,2.25,1.00
2014.05.30 14:04:25.110,1.36205,1.36208,3.94,3.00
2014.05.30 14:04:25.313,1.36205,1.36206,1.50,1.00
2014.05.30 14:04:27.813,1.36206,1.36208,1.50,3.19
2014.05.30 14:04:27.914,1.36206,1.36209,3.00,5.07
2014.05.30 14:04:29.460,1.36206,1.36208,3.38,1.00
2014.05.30 14:04:29.999,1.36206,1.36209,3.38,4.69
2014.05.30 14:04:30.505,1.36206,1.36208,3.00,1.00
2014.05.30 14:04:31.824,1.36206,1.36209,3.75,4.69
2014.05.30 14:04:32.329,1.36206,1.36209,3.83,4.69
2014.05.30 14:04:32.834,1.36208,1.3621,1.00,8.07
2014.05.30 14:04:33.705,1.36208,1.3621,1.00,11.59
2014.05.30 14:04:34.743,1.36207,1.3621,2.25,12.49
2014.05.30 14:04:35.648,1.36207,1.36208,1.00,1.39
2014.05.30 14:04:36.153,1.36206,1.36207,1.15,1.50
2014.05.30 14:04:37.487,1.36205,1.36207,3.94,1.50
2014.05.30 14:04:37.942,1.36204,1.36206,1.69,3.25
2014.05.30 14:04:38.455,1.36205,1.36206,1.50,1.50
2014.05.30 14:04:39.631,1.36204,1.36206,1.00,1.00
2014.05.30 14:04:39.683,1.36203,1.36205,4.28,5.07
2014.05.30 14:04:40.189,1.36203,1.36204,1.00,1.25
2014.05.30 14:04:40.723,1.36203,1.36205,1.00,7.32
2014.05.30 14:04:41.251,1.36202,1.36205,3.00,8.07
2014.05.30 14:04:41.757,1.36202,1.36205,3.00,9.94
2014.05.30 14:04:43.085,1.36202,1.36203,1.00,1.00
2014.05.30 14:04:43.619,1.36202,1.36204,1.00,3.19
2014.05.30 14:04:47.757,1.36203,1.36204,1.00,1.00
2014.05.30 14:04:48.271,1.36202,1.36204,2.63,1.50
2014.05.30 14:04:51.179,1.36202,1.36203,1.00,1.00
2014.05.30 14:04:51.882,1.36202,1.36204,1.00,6.19
2014.05.30 14:04:54.419,1.36202,1.36204,1.00,6.19
2014.05.30 14:04:55.418,1.36202,1.36204,1.00,2.82
2014.05.30 14:04:59.953,1.36202,1.36203,1.00,2.44
2014.05.30 14:05:00.155,1.362,1.36203,4.88,6.19
2014.05.30 14:05:00.660,1.362,1.36202,2.63,1.00
2014.05.30 14:05:03.199,1.362,1.36201,1.50,1.25
2014.05.30 14:05:03.451,1.36198,1.362,1.50,6.04
2014.05.30 14:05:03.655,1.36197,1.36198,1.50,1.00
2014.05.30 14:05:04.175,1.36197,1.36199,1.50,6.19
2014.05.30 14:05:04.390,1.36195,1.36197,1.73,3.00
2014.05.30 14:05:04.547,1.36193,1.36195,1.73,3.75
2014.05.30 14:05:04.752,1.36196,1.36198,3.25,1.88
2014.05.30 14:05:05.271,1.36196,1.36198,1.35,1.50
2014.05.30 14:05:07.279,1.36197,1.36199,1.77,3.00
2014.05.30 14:05:07.690,1.36199,1.362,1.00,1.25
2014.05.30 14:05:08.195,1.36199,1.362,1.00,1.00
2014.05.30 14:05:08.500,1.36195,1.36198,6.00,14.59
2014.05.30 14:05:08.654,1.36192,1.36194,1.50,1.88
2014.05.30 14:05:09.160,1.36192,1.36193,1.00,1.50
2014.05.30 14:05:11.823,1.36192,1.36194,1.00,1.50
2014.05.30 14:05:16.210,1.36192,1.36193,1.00,1.25
2014.05.30 14:05:16.376,1.36191,1.36192,1.00,1.13
2014.05.30 14:05:16.882,1.36189,1.36191,2.52,1.00
2014.05.30 14:05:17.388,1.36191,1.36193,1.50,8.82
2014.05.30 14:05:17.540,1.36191,1.36193,1.50,5.07
2014.05.30 14:05:17.843,1.36191,1.36192,1.50,1.25
2014.05.30 14:05:17.945,1.36191,1.36193,1.50,10.69
2014.05.30 14:05:22.090,1.3619,1.36193,1.88,6.19
2014.05.30 14:05:26.359,1.3619,1.36193,1.88,4.69
2014.05.30 14:05:26.461,1.3619,1.36193,1.88,5.44
2014.05.30 14:05:26.562,1.36191,1.36193,4.13,3.00
2014.05.30 14:05:27.067,1.36192,1.36195,1.88,6.19
2014.05.30 14:05:27.724,1.36191,1.36194,3.38,2.82
2014.05.30 14:05:27.775,1.36191,1.36193,3.38,1.00
2014.05.30 14:05:28.283,1.3619,1.36192,1.88,1.13
2014.05.30 14:05:28.788,1.3619,1.36193,5.44,6.38
2014.05.30 14:05:31.659,1.3619,1.36192,5.07,1.13
2014.05.30 14:05:32.167,1.36189,1.36192,1.88,5.07
2014.05.30 14:05:32.268,1.36189,1.36192,3.38,5.82
2014.05.30 14:05:34.154,1.36189,1.36192,3.38,6.19
2014.05.30 14:05:35.905,1.3619,1.36192,1.38,2.25
2014.05.30 14:05:36.410,1.36192,1.36193,1.13,3.00
2014.05.30 14:05:37.370,1.36192,1.36194,1.00,1.13
2014.05.30 14:05:37.963,1.36193,1.36194,1.00,1.88
2014.05.30 14:05:38.909,1.36194,1.36196,4.38,1.50
2014.05.30 14:05:39.121,1.36195,1.36197,7.88,1.00
2014.05.30 14:05:39.626,1.36196,1.36199,2.63,6.19
2014.05.30 14:05:40.131,1.36196,1.36199,2.63,6.19
2014.05.30 14:05:46.340,1.36197,1.362,4.13,6.19
2014.05.30 14:05:46.693,1.36199,1.362,3.75,1.00
2014.05.30 14:05:46.997,1.36201,1.36203,1.88,1.69
2014.05.30 14:05:51.452,1.36201,1.36204,3.38,5.25
2014.05.30 14:05:51.958,1.36203,1.36205,2.63,11.25
2014.05.30 14:05:52.459,1.36204,1.36206,1.38,9.75
2014.05.30 14:05:52.864,1.36205,1.36208,1.00,14.63
2014.05.30 14:05:53.069,1.36208,1.36209,1.00,1.50
2014.05.30 14:05:53.274,1.36209,1.3621,1.88,1.00
2014.05.30 14:05:54.142,1.36207,1.3621,2.25,4.94
2014.05.30 14:05:54.812,1.36208,1.3621,1.88,5.82
2014.05.30 14:05:58.353,1.36209,1.36211,3.25,3.94
2014.05.30 14:05:58.456,1.3621,1.36213,2.88,3.75
2014.05.30 14:05:58.559,1.36211,1.36213,3.25,1.25
2014.05.30 14:05:59.096,1.36211,1.36214,4.50,4.88
2014.05.30 14:05:59.803,1.36211,1.36214,4.50,2.63
2014.05.30 14:06:03.809,1.3621,1.36211,2.25,2.25
2014.05.30 14:06:03.860,1.36209,1.3621,6.00,1.50
2014.05.30 14:06:04.003,1.36206,1.36209,3.00,9.94
2014.05.30 14:06:04.314,1.36206,1.36208,3.38,2.42
2014.05.30 14:06:04.819,1.36206,1.36209,7.69,2.25
2014.05.30 14:06:04.971,1.36206,1.3621,6.82,6.19
2014.05.30 14:06:05.173,1.36208,1.36211,8.82,1.50
2014.05.30 14:06:05.441,1.36208,1.36209,1.88,1.00
2014.05.30 14:06:05.593,1.36207,1.36209,5.63,1.00
2014.05.30 14:06:06.879,1.36206,1.36207,1.25,1.11
2014.05.30 14:06:06.930,1.36205,1.36207,4.88,2.79
2014.05.30 14:06:07.401,1.36207,1.36208,1.00,1.25
2014.05.30 14:06:07.907,1.36207,1.36209,3.38,1.69
2014.05.30 14:06:10.029,1.36207,1.3621,4.88,3.19
2014.05.30 14:06:10.537,1.36207,1.3621,6.38,2.44
2014.05.30 14:06:13.914,1.36208,1.36209,1.13,1.00
2014.05.30 14:06:14.433,1.36207,1.36209,1.13,3.73
2014.05.30 14:06:14.788,1.36208,1.3621,1.00,5.02
2014.05.30 14:06:15.297,1.36209,1.3621,1.50,1.50
2014.05.30 14:06:15.803,1.36209,1.36211,2.63,1.69
2014.05.30 14:06:16.309,1.3621,1.36211,1.13,1.00
2014.05.30 14:06:16.835,1.3621,1.36212,1.13,1.69
2014.05.30 14:06:18.737,1.36209,1.36212,5.10,1.88
2014.05.30 14:06:19.873,1.3621,1.36212,1.00,1.69
2014.05.30 14:06:20.379,1.36209,1.36212,7.54,1.69
2014.05.30 14:06:22.227,1.36209,1.36212,6.79,1.69
2014.05.30 14:06:24.244,1.36209,1.36212,6.79,1.69
2014.05.30 14:06:25.369,1.36211,1.36212,1.50,2.44
2014.05.30 14:06:25.673,1.36211,1.36212,3.75,1.00
2014.05.30 14:06:25.981,1.36211,1.36212,1.50,1.69
2014.05.30 14:06:26.390,1.36209,1.36212,6.72,2.44
2014.05.30 14:06:26.806,1.36211,1.36212,1.00,2.44
2014.05.30 14:06:29.417,1.36209,1.36212,9.72,1.69
2014.05.30 14:06:29.950,1.36209,1.36211,5.59,1.50
2014.05.30 14:06:31.091,1.36208,1.36211,4.47,3.75
2014.05.30 14:06:31.596,1.36209,1.36211,1.69,2.25
2014.05.30 14:06:35.465,1.36209,1.36211,4.88,2.25
2014.05.30 14:06:36.439,1.36209,1.36211,4.92,2.25
2014.05.30 14:06:40.301,1.36209,1.36211,5.07,2.25
2014.05.30 14:06:40.844,1.36211,1.36212,1.50,1.25
2014.05.30 14:06:41.349,1.36211,1.36212,1.50,1.00
2014.05.30 14:06:41.863,1.36212,1.36214,2.63,1.50
2014.05.30 14:06:42.117,1.36218,1.36219,1.25,6.38
2014.05.30 14:06:42.629,1.36217,1.36218,2.75,1.00
2014.05.30 14:06:42.834,1.36217,1.36218,1.25,1.00
2014.05.30 14:06:43.597,1.36218,1.3622,1.50,1.13
2014.05.30 14:06:44.103,1.36218,1.36219,1.50,1.00
2014.05.30 14:06:44.406,1.36219,1.36221,1.77,1.50
2014.05.30 14:06:44.811,1.3622,1.36223,3.53,2.44
2014.05.30 14:06:46.979,1.3622,1.36222,6.68,1.00
2014.05.30 14:06:49.430,1.36219,1.36221,3.94,1.50
2014.05.30 14:06:49.935,1.36219,1.36221,4.43,1.50
2014.05.30 14:06:50.779,1.36219,1.36221,1.69,1.50
2014.05.30 14:06:51.285,1.36219,1.36221,2.78,2.25
2014.05.30 14:06:51.810,1.36219,1.36221,2.44,2.25
2014.05.30 14:06:52.326,1.36219,1.36221,1.15,2.25
2014.05.30 14:06:52.894,1.36219,1.36221,1.00,2.25
2014.05.30 14:06:58.981,1.36219,1.36221,1.50,2.63
2014.05.30 14:07:00.525,1.36219,1.36221,1.00,3.38
2014.05.30 14:07:02.728,1.36219,1.36221,1.00,5.63
2014.05.30 14:07:02.829,1.36217,1.36219,1.00,1.00
2014.05.30 14:07:02.933,1.36215,1.36217,12.45,3.88
2014.05.30 14:07:03.037,1.36212,1.36214,1.80,6.63
2014.05.30 14:07:03.240,1.3621,1.36211,4.88,1.50
2014.05.30 14:07:03.696,1.36211,1.36213,2.25,1.50
2014.05.30 14:07:04.200,1.36211,1.36214,2.25,3.19
2014.05.30 14:07:05.300,1.36211,1.36214,3.00,3.19
2014.05.30 14:07:06.518,1.36212,1.36214,1.00,1.69
2014.05.30 14:07:06.653,1.36214,1.36215,2.25,4.13
2014.05.30 14:07:07.060,1.36212,1.36215,2.25,4.69
2014.05.30 14:07:08.462,1.36213,1.36215,1.50,1.25
2014.05.30 14:07:08.715,1.36214,1.36216,3.75,1.00
2014.05.30 14:07:09.391,1.36214,1.36216,5.55,1.00
2014.05.30 14:07:10.541,1.36214,1.36216,3.90,1.50
2014.05.30 14:07:10.844,1.36212,1.36215,5.22,3.38
2014.05.30 14:07:11.916,1.36213,1.36215,1.00,3.38
2014.05.30 14:07:13.708,1.36214,1.36215,1.32,2.25
2014.05.30 14:07:13.910,1.36215,1.36217,1.00,2.25
2014.05.30 14:07:14.113,1.36214,1.36216,1.50,4.88
2014.05.30 14:07:14.366,1.36212,1.36214,5.25,3.00
2014.05.30 14:07:15.641,1.36212,1.36214,3.75,3.38
2014.05.30 14:07:16.167,1.36212,1.36214,3.38,3.38
2014.05.30 14:07:18.288,1.36212,1.36213,1.13,1.00
2014.05.30 14:07:18.965,1.36212,1.36214,1.13,3.75
2014.05.30 14:07:21.787,1.36213,1.36214,1.25,1.00
2014.05.30 14:07:21.990,1.36214,1.36216,6.82,1.13
2014.05.30 14:07:22.094,1.36215,1.36218,2.07,4.88
2014.05.30 14:07:22.599,1.36216,1.36218,1.65,1.50
2014.05.30 14:07:24.006,1.36216,1.36219,4.09,1.50
2014.05.30 14:07:24.512,1.36216,1.36218,4.32,1.00
2014.05.30 14:07:26.182,1.36216,1.36219,5.97,1.88
2014.05.30 14:07:26.283,1.36218,1.36219,1.00,1.50
2014.05.30 14:07:27.158,1.36218,1.3622,1.50,3.38
2014.05.30 14:07:28.051,1.36218,1.36219,1.50,1.00
2014.05.30 14:07:29.025,1.36217,1.36219,1.09,1.00
2014.05.30 14:07:29.382,1.36216,1.36219,7.47,4.50
2014.05.30 14:07:29.584,1.36215,1.36217,5.25,8.50
2014.05.30 14:07:29.890,1.36214,1.36215,1.00,3.75
2014.05.30 14:07:30.041,1.36214,1.36215,1.00,3.75
2014.05.30 14:07:30.550,1.36213,1.36215,3.00,3.75
2014.05.30 14:07:31.090,1.36214,1.36215,1.00,3.00
2014.05.30 14:07:31.641,1.36215,1.36216,1.00,1.00
2014.05.30 14:07:32.768,1.36215,1.36217,5.97,2.25
2014.05.30 14:07:33.273,1.36216,1.36217,3.30,1.50
2014.05.30 14:07:36.024,1.36217,1.36219,1.00,2.25
2014.05.30 14:07:37.629,1.36216,1.36218,3.94,1.50
2014.05.30 14:07:37.935,1.36214,1.36216,2.25,1.00
2014.05.30 14:07:38.088,1.36213,1.36215,1.50,2.63
2014.05.30 14:07:39.371,1.36213,1.36215,1.00,5.63
2014.05.30 14:07:39.872,1.36213,1.36215,1.00,5.63
2014.05.30 14:07:40.379,1.36213,1.36214,1.00,1.00
2014.05.30 14:07:40.481,1.36212,1.36214,2.82,1.00
2014.05.30 14:07:40.584,1.36212,1.36214,3.38,1.50
2014.05.30 14:07:40.686,1.36211,1.36213,4.88,1.00
2014.05.30 14:07:41.199,1.36212,1.36214,1.00,3.94
2014.05.30 14:07:41.603,1.36211,1.36214,3.00,3.94
2014.05.30 14:07:42.108,1.36211,1.36213,3.00,2.25
2014.05.30 14:07:45.294,1.36211,1.36213,1.00,3.94
2014.05.30 14:07:45.749,1.36211,1.36213,1.00,4.69
2014.05.30 14:07:46.257,1.36212,1.36213,1.00,3.19
2014.05.30 14:07:47.977,1.36212,1.36214,1.00,1.69
2014.05.30 14:07:48.951,1.36211,1.36213,5.07,1.00
2014.05.30 14:07:49.473,1.36212,1.36215,1.00,6.94
2014.05.30 14:07:49.717,1.36212,1.36214,1.00,2.25
2014.05.30 14:07:51.077,1.36211,1.36214,6.57,1.50
2014.05.30 14:07:51.178,1.36212,1.36214,1.00,1.50
2014.05.30 14:07:52.776,1.36212,1.36215,2.25,6.57
2014.05.30 14:07:52.878,1.36214,1.36215,1.00,4.32
2014.05.30 14:07:53.384,1.36215,1.36216,1.00,3.79
2014.05.30 14:07:53.687,1.36212,1.36214,3.60,1.00
2014.05.30 14:07:54.236,1.36213,1.36215,1.00,5.44
2014.05.30 14:07:54.738,1.36212,1.36214,3.60,1.00
2014.05.30 14:07:54.890,1.36212,1.36214,3.60,1.00
2014.05.30 14:07:54.992,1.36214,1.36216,6.25,3.47
2014.05.30 14:07:55.413,1.36216,1.36218,2.69,2.25
2014.05.30 14:07:55.819,1.36217,1.36218,1.50,1.00
2014.05.30 14:07:56.324,1.36217,1.36219,1.50,2.25
2014.05.30 14:07:56.853,1.36218,1.36219,1.00,1.50
2014.05.30 14:07:56.955,1.36219,1.36221,1.00,2.07
2014.05.30 14:07:57.158,1.36222,1.36224,1.50,1.00
2014.05.30 14:07:57.209,1.36223,1.36224,1.50,1.00
2014.05.30 14:07:57.613,1.36224,1.36226,13.75,2.44
2014.05.30 14:07:58.262,1.36223,1.36226,1.00,7.32
2014.05.30 14:07:58.363,1.36222,1.36225,3.19,2.50
2014.05.30 14:07:58.868,1.36222,1.36224,1.50,2.88
2014.05.30 14:08:00.282,1.36221,1.36224,2.25,4.57
2014.05.30 14:08:01.607,1.36222,1.36223,1.50,1.00
2014.05.30 14:08:02.112,1.36222,1.36224,1.50,2.44
2014.05.30 14:08:02.868,1.36222,1.36223,1.50,1.00
2014.05.30 14:08:03.777,1.36221,1.36223,2.25,1.00
2014.05.30 14:08:04.283,1.3622,1.36221,4.13,2.25
2014.05.30 14:08:04.790,1.36219,1.36221,1.13,3.75
2014.05.30 14:08:05.918,1.3622,1.36221,1.50,2.63
2014.05.30 14:08:08.709,1.3622,1.36222,5.74,1.00
2014.05.30 14:08:09.063,1.3622,1.36222,6.12,1.00
2014.05.30 14:08:09.181,1.3622,1.36222,6.12,1.00
2014.05.30 14:08:09.282,1.3622,1.36222,6.12,1.00
2014.05.30 14:08:09.384,1.3622,1.36222,6.12,1.00
2014.05.30 14:08:09.495,1.36221,1.36223,1.00,1.69
2014.05.30 14:08:09.600,1.36221,1.36222,1.00,1.00
2014.05.30 14:08:09.702,1.36222,1.36223,1.00,1.50
2014.05.30 14:08:09.804,1.36221,1.36222,1.00,1.00
2014.05.30 14:08:09.905,1.36221,1.36222,1.00,1.00
2014.05.30 14:08:10.175,1.36221,1.36222,1.00,1.00
2014.05.30 14:08:11.588,1.3622,1.36222,11.55,1.00
2014.05.30 14:08:12.093,1.36221,1.36222,1.00,1.00
2014.05.30 14:08:12.776,1.3622,1.36222,8.10,1.00
2014.05.30 14:08:13.108,1.36219,1.3622,7.88,1.88
2014.05.30 14:08:13.261,1.36218,1.36219,1.50,1.50
2014.05.30 14:08:13.362,1.36216,1.36219,6.00,2.44
2014.05.30 14:08:13.463,1.36216,1.36219,6.75,2.44
2014.05.30 14:08:13.565,1.36217,1.36219,1.13,3.57
2014.05.30 14:08:13.666,1.36217,1.36219,1.00,3.57
2014.05.30 14:08:13.768,1.36217,1.36219,1.00,3.57
2014.05.30 14:08:13.869,1.36217,1.36219,1.00,3.57
2014.05.30 14:08:13.971,1.36217,1.36219,1.00,3.57
2014.05.30 14:08:14.072,1.36216,1.36219,6.75,3.57
2014.05.30 14:08:14.173,1.36216,1.36218,6.38,1.00
2014.05.30 14:08:14.275,1.36216,1.36218,6.00,1.00
2014.05.30 14:08:14.376,1.36216,1.36218,6.00,1.00
2014.05.30 14:08:14.477,1.36217,1.36218,1.00,1.00
2014.05.30 14:08:14.578,1.36217,1.36218,1.00,1.00
2014.05.30 14:08:14.679,1.36217,1.36218,1.00,1.00
2014.05.30 14:08:14.781,1.36217,1.36218,1.00,1.00
2014.05.30 14:08:14.882,1.36217,1.36218,1.00,1.00
2014.05.30 14:08:14.983,1.36217,1.36218,1.13,1.00
2014.05.30 14:08:15.084,1.36217,1.36218,1.00,1.00
2014.05.30 14:08:15.193,1.36217,1.36218,1.00,1.00
2014.05.30 14:08:15.294,1.36217,1.36218,1.00,1.00
2014.05.30 14:08:15.395,1.36217,1.36218,1.13,1.00
2014.05.30 14:08:15.498,1.36217,1.36218,1.13,1.00
2014.05.30 14:08:15.852,1.36217,1.36218,1.00,1.00
2014.05.30 14:08:16.054,1.36217,1.36218,1.00,1.00
2014.05.30 14:08:16.155,1.36217,1.36218,1.00,1.00
2014.05.30 14:08:16.256,1.36217,1.36218,1.00,1.00
2014.05.30 14:08:16.357,1.36217,1.36218,1.00,1.00
2014.05.30 14:08:16.492,1.36216,1.36218,5.50,1.00
2014.05.30 14:08:16.622,1.36214,1.36216,6.38,3.38
2014.05.30 14:08:17.585,1.36215,1.36216,3.38,1.50
2014.05.30 14:08:17.686,1.36216,1.36218,1.35,3.75
2014.05.30 14:08:19.135,1.36217,1.36218,1.50,1.50
2014.05.30 14:08:20.200,1.36214,1.36217,18.00,2.32
2014.05.30 14:08:20.302,1.36214,1.36215,16.50,1.00
2014.05.30 14:08:20.505,1.36216,1.36218,1.00,5.22
2014.05.30 14:08:21.041,1.36216,1.36217,1.50,1.00
2014.05.30 14:08:22.220,1.36216,1.36218,2.25,2.44
2014.05.30 14:08:22.523,1.36218,1.3622,1.00,7.69
2014.05.30 14:08:23.366,1.36218,1.3622,1.50,3.57
2014.05.30 14:08:23.889,1.36217,1.36219,3.00,1.00
2014.05.30 14:08:24.394,1.36219,1.3622,1.50,1.88
2014.05.30 14:08:25.289,1.36218,1.3622,1.88,1.88
2014.05.30 14:08:25.823,1.36218,1.36221,4.32,2.25
2014.05.30 14:08:26.367,1.36218,1.3622,3.82,1.00
2014.05.30 14:08:26.878,1.36218,1.3622,2.07,1.00
2014.05.30 14:08:27.637,1.36218,1.36221,3.19,4.13
2014.05.30 14:08:29.891,1.36219,1.36221,1.00,3.38
2014.05.30 14:08:30.397,1.36219,1.36222,9.57,2.63
2014.05.30 14:08:32.619,1.36219,1.3622,3.94,1.50
2014.05.30 14:08:32.922,1.36218,1.3622,1.50,2.25
2014.05.30 14:08:33.074,1.36217,1.36218,1.50,1.50
2014.05.30 14:08:35.989,1.36218,1.36221,1.38,4.50
2014.05.30 14:08:36.496,1.36221,1.36223,1.50,2.82
2014.05.30 14:08:36.852,1.36219,1.3622,3.00,1.00
2014.05.30 14:08:39.744,1.36217,1.3622,9.57,3.00
2014.05.30 14:08:40.621,1.36218,1.36221,2.10,4.69
2014.05.30 14:08:41.126,1.36219,1.36221,3.38,1.00
2014.05.30 14:08:41.631,1.36219,1.36221,3.00,1.50
2014.05.30 14:08:42.287,1.36219,1.36221,3.00,1.00
2014.05.30 14:08:43.130,1.3622,1.36221,1.00,1.50
2014.05.30 14:08:43.635,1.36219,1.36221,4.69,2.13
2014.05.30 14:08:44.251,1.36219,1.36221,3.00,1.50
2014.05.30 14:08:45.879,1.36219,1.36221,1.50,10.13
2014.05.30 14:08:46.133,1.36214,1.36216,1.50,1.50
2014.05.30 14:08:46.647,1.36213,1.36216,3.19,3.75
2014.05.30 14:08:49.496,1.36213,1.36215,1.50,7.69
2014.05.30 14:08:49.598,1.36211,1.36213,2.25,3.19
2014.05.30 14:08:49.649,1.36209,1.36211,5.63,3.01
2014.05.30 14:08:49.803,1.36207,1.36209,2.63,2.63
2014.05.30 14:08:50.008,1.36206,1.36208,3.00,1.00
2014.05.30 14:08:50.522,1.36206,1.36208,5.07,1.50
2014.05.30 14:08:51.417,1.36206,1.36209,4.32,4.13
2014.05.30 14:08:51.924,1.36206,1.36208,10.32,1.00
2014.05.30 14:08:52.535,1.36206,1.36209,10.32,2.25
2014.05.30 14:08:53.048,1.36206,1.36209,9.19,2.25
2014.05.30 14:08:54.207,1.36206,1.36209,9.94,2.25
2014.05.30 14:08:54.874,1.36208,1.36211,4.00,5.44
2014.05.30 14:08:55.076,1.3621,1.36212,3.38,1.00
2014.05.30 14:08:55.334,1.36211,1.36214,1.50,10.32
2014.05.30 14:08:56.573,1.36211,1.36213,1.88,1.00
2014.05.30 14:08:57.407,1.36211,1.36212,1.88,1.00
2014.05.30 14:08:57.559,1.36209,1.36211,5.25,4.94
2014.05.30 14:08:57.660,1.36208,1.3621,2.63,2.25
2014.05.30 14:08:57.711,1.36207,1.36208,2.07,1.00
2014.05.30 14:08:58.220,1.36207,1.36208,1.69,1.00
2014.05.30 14:09:00.016,1.36207,1.36209,1.50,1.50
2014.05.30 14:09:00.344,1.36204,1.36207,10.32,7.23
2014.05.30 14:09:00.497,1.36201,1.36203,2.82,1.13
2014.05.30 14:09:00.598,1.36201,1.36203,1.88,1.88
2014.05.30 14:09:00.699,1.362,1.36202,10.50,1.00
2014.05.30 14:09:01.205,1.36201,1.36202,2.48,1.00
2014.05.30 14:09:02.289,1.362,1.36202,6.00,1.00
2014.05.30 14:09:02.593,1.36198,1.362,1.50,7.32
2014.05.30 14:09:02.694,1.36196,1.36198,1.88,1.88
2014.05.30 14:09:02.745,1.36195,1.36197,5.25,1.00
2014.05.30 14:09:02.796,1.36195,1.36196,1.50,1.00
2014.05.30 14:09:03.301,1.36196,1.36197,2.44,1.00
2014.05.30 14:09:03.503,1.36197,1.36199,1.50,1.50
2014.05.30 14:09:04.012,1.36196,1.36197,3.00,1.00
2014.05.30 14:09:04.316,1.36194,1.36196,3.68,1.25
2014.05.30 14:09:04.830,1.36194,1.36196,2.63,1.50
2014.05.30 14:09:05.133,1.36193,1.36195,2.93,1.00
2014.05.30 14:09:07.591,1.36192,1.36194,1.80,3.82
2014.05.30 14:09:07.693,1.36191,1.36192,1.50,1.13
2014.05.30 14:09:07.744,1.36189,1.36191,1.13,5.43
2014.05.30 14:09:07.958,1.36188,1.3619,4.13,1.13
2014.05.30 14:09:08.465,1.36189,1.36191,1.00,2.25
2014.05.30 14:09:08.973,1.3619,1.36191,1.00,1.00
2014.05.30 14:09:09.932,1.36191,1.36192,1.50,1.50
2014.05.30 14:09:10.694,1.36189,1.36191,3.38,3.00
2014.05.30 14:09:10.745,1.36189,1.3619,2.25,1.88
2014.05.30 14:09:10.796,1.36189,1.3619,1.50,2.63
2014.05.30 14:09:11.201,1.36187,1.36189,2.44,3.00
2014.05.30 14:09:13.499,1.36187,1.36189,3.79,4.13
2014.05.30 14:09:13.550,1.36188,1.36191,4.98,7.13
2014.05.30 14:09:13.753,1.3619,1.36191,1.00,1.00
2014.05.30 14:09:14.260,1.36189,1.3619,1.50,1.50
2014.05.30 14:09:16.190,1.36189,1.3619,1.50,1.50
2014.05.30 14:09:16.291,1.36187,1.36189,6.19,1.00
2014.05.30 14:09:16.815,1.36187,1.36189,5.07,1.00
2014.05.30 14:09:20.019,1.36187,1.36189,5.44,1.00
2014.05.30 14:09:20.625,1.36188,1.3619,2.35,1.13
2014.05.30 14:09:20.676,1.36189,1.3619,1.88,1.13
2014.05.30 14:09:21.219,1.36189,1.3619,2.63,1.00
2014.05.30 14:09:21.827,1.3619,1.36192,3.07,1.50
2014.05.30 14:09:22.338,1.3619,1.36192,5.82,1.50
2014.05.30 14:09:23.084,1.36192,1.36194,2.44,2.63
2014.05.30 14:09:23.186,1.36194,1.36196,1.00,1.50
2014.05.30 14:09:23.493,1.36196,1.36197,3.00,1.00
2014.05.30 14:09:24.007,1.36195,1.36197,1.25,1.00
2014.05.30 14:09:24.514,1.36196,1.36198,4.65,1.00
2014.05.30 14:09:26.874,1.36197,1.36199,1.00,2.25
2014.05.30 14:09:33.533,1.36197,1.36198,1.00,1.00
2014.05.30 14:09:34.039,1.36198,1.36199,1.50,1.00
2014.05.30 14:09:37.038,1.36197,1.36199,3.15,1.50
2014.05.30 14:09:37.548,1.36197,1.36199,3.00,1.00
2014.05.30 14:09:38.058,1.36197,1.36198,3.00,1.00
2014.05.30 14:09:38.211,1.36198,1.362,1.50,7.13
2014.05.30 14:09:38.263,1.36198,1.362,1.50,5.25
2014.05.30 14:09:38.889,1.36199,1.36201,1.50,2.25
2014.05.30 14:09:39.435,1.36199,1.362,1.50,1.00
2014.05.30 14:09:41.216,1.362,1.36202,11.50,3.75
2014.05.30 14:09:41.422,1.36204,1.36206,9.23,4.50
2014.05.30 14:09:41.677,1.36206,1.36208,3.75,3.00
2014.05.30 14:09:42.286,1.36205,1.36207,10.32,1.00
2014.05.30 14:09:42.928,1.36206,1.36207,4.88,1.00
2014.05.30 14:09:43.436,1.36206,1.36208,3.00,1.50
2014.05.30 14:09:45.596,1.36207,1.36209,1.50,5.44
2014.05.30 14:09:46.453,1.36207,1.36208,1.50,1.00
2014.05.30 14:09:46.504,1.36206,1.36208,5.40,1.00
2014.05.30 14:09:46.707,1.36203,1.36205,5.25,1.50
2014.05.30 14:09:47.011,1.36202,1.36204,3.15,1.00
2014.05.30 14:09:48.471,1.36203,1.36205,3.75,4.69
2014.05.30 14:09:48.574,1.36204,1.36206,1.69,3.00
2014.05.30 14:09:48.777,1.36202,1.36204,6.00,1.00
2014.05.30 14:09:49.543,1.36202,1.36203,3.00,1.50
2014.05.30 14:09:53.062,1.36202,1.36203,1.50,1.25
2014.05.30 14:09:53.569,1.362,1.36202,3.75,1.00
2014.05.30 14:09:54.381,1.362,1.36202,3.75,1.50
2014.05.30 14:09:54.887,1.362,1.36201,3.00,1.13
2014.05.30 14:09:55.190,1.36201,1.36203,3.75,1.50
2014.05.30 14:09:55.445,1.36204,1.36206,15.94,1.13
2014.05.30 14:09:55.497,1.36206,1.36208,1.50,5.82
2014.05.30 14:10:08.943,1.36206,1.36208,3.00,1.69
2014.05.30 14:10:09.548,1.36206,1.36208,3.00,1.69
2014.05.30 14:10:10.068,1.36206,1.36207,3.00,1.00
2014.05.30 14:10:11.516,1.36206,1.36208,3.00,1.69
2014.05.30 14:10:14.269,1.36206,1.36208,3.38,1.00
2014.05.30 14:10:14.785,1.36206,1.36208,3.19,1.50
2014.05.30 14:10:16.265,1.36206,1.36209,5.44,3.75
2014.05.30 14:10:17.107,1.36206,1.36208,5.25,1.00
2014.05.30 14:10:17.433,1.36203,1.36205,1.00,1.00
2014.05.30 14:10:17.585,1.36202,1.36205,6.94,6.00
2014.05.30 14:10:18.091,1.36202,1.36204,3.00,1.50
2014.05.30 14:10:18.495,1.36201,1.36203,5.44,1.00
2014.05.30 14:10:18.799,1.362,1.36202,4.88,1.00
2014.05.30 14:10:19.309,1.362,1.36202,3.75,1.00
2014.05.30 14:10:20.492,1.362,1.36202,3.00,1.00
2014.05.30 14:10:20.543,1.36201,1.36203,1.00,5.82
2014.05.30 14:10:21.046,1.36201,1.36202,1.50,1.00
2014.05.30 14:10:23.908,1.36201,1.36203,1.50,1.00
2014.05.30 14:10:25.111,1.36202,1.36203,1.00,1.00
2014.05.30 14:10:25.519,1.36203,1.36205,1.50,4.88
2014.05.30 14:10:28.241,1.36202,1.36205,3.94,4.88
2014.05.30 14:10:32.359,1.36202,1.36204,3.00,1.00
2014.05.30 14:10:33.684,1.36202,1.36204,3.00,1.00
2014.05.30 14:10:34.647,1.36203,1.36205,1.00,8.44
2014.05.30 14:10:35.149,1.36202,1.36205,3.00,7.94
2014.05.30 14:10:37.447,1.36203,1.36205,1.00,4.50
2014.05.30 14:10:37.806,1.36202,1.36205,3.19,5.25
2014.05.30 14:10:41.150,1.36204,1.36206,6.60,1.50
2014.05.30 14:10:41.608,1.36206,1.36208,5.07,1.00
2014.05.30 14:10:42.136,1.36207,1.36208,1.00,1.00
2014.05.30 14:10:42.645,1.36207,1.36209,1.50,3.00
2014.05.30 14:10:43.301,1.36206,1.36209,5.07,3.00
2014.05.30 14:10:45.341,1.36208,1.36209,1.50,3.00
2014.05.30 14:10:49.181,1.36208,1.36209,2.25,1.00
2014.05.30 14:10:49.434,1.36211,1.36213,1.69,2.25
2014.05.30 14:10:49.586,1.36213,1.36214,1.00,3.75
2014.05.30 14:10:49.637,1.36213,1.36216,4.00,1.69
2014.05.30 14:10:49.842,1.36212,1.36214,1.50,2.63
2014.05.30 14:10:50.146,1.36211,1.36214,4.69,3.38
2014.05.30 14:10:51.745,1.36211,1.36214,2.25,4.43
2014.05.30 14:10:52.633,1.36211,1.36214,2.25,4.32
2014.05.30 14:10:53.127,1.36211,1.36212,2.44,1.00
2014.05.30 14:10:54.160,1.3621,1.36212,7.32,1.00
2014.05.30 14:10:54.556,1.36209,1.36211,2.82,1.00
2014.05.30 14:10:55.064,1.36209,1.3621,1.00,1.00
2014.05.30 14:10:55.569,1.36208,1.3621,6.94,1.15
2014.05.30 14:10:58.956,1.36209,1.3621,1.00,1.00
2014.05.30 14:10:59.461,1.36209,1.36211,5.25,1.00
2014.05.30 14:11:02.381,1.36209,1.3621,4.69,1.00
2014.05.30 14:11:02.887,1.36208,1.3621,5.82,1.15
2014.05.30 14:11:04.886,1.36208,1.3621,5.82,1.00
2014.05.30 14:11:06.897,1.36208,1.3621,5.82,1.00
2014.05.30 14:11:07.881,1.36208,1.3621,5.82,1.00
2014.05.30 14:11:09.733,1.36207,1.3621,6.23,2.82
2014.05.30 14:11:09.784,1.36206,1.36208,4.88,3.34
2014.05.30 14:11:10.107,1.36204,1.36206,1.00,3.15
2014.05.30 14:11:10.209,1.36203,1.36205,1.69,3.15
2014.05.30 14:11:11.270,1.36203,1.36204,1.69,1.00
2014.05.30 14:11:11.774,1.36202,1.36204,4.50,1.00
2014.05.30 14:11:12.686,1.36203,1.36204,1.50,1.00
2014.05.30 14:11:13.343,1.36203,1.36205,1.50,3.94
2014.05.30 14:11:14.287,1.36204,1.36205,1.00,3.94
2014.05.30 14:11:14.828,1.36203,1.36205,1.50,3.75
2014.05.30 14:11:20.687,1.36203,1.36205,5.14,1.50
2014.05.30 14:11:20.739,1.36204,1.36205,2.44,1.50
2014.05.30 14:11:21.093,1.36206,1.36207,1.00,7.69
2014.05.30 14:11:21.459,1.36204,1.36206,3.75,4.13
2014.05.30 14:11:21.714,1.36203,1.36205,1.69,1.88
2014.05.30 14:11:22.220,1.36202,1.36204,6.57,1.00
2014.05.30 14:11:22.725,1.36203,1.36205,4.88,4.13
2014.05.30 14:11:23.331,1.36204,1.36205,1.50,1.00
2014.05.30 14:11:23.483,1.36205,1.36207,8.29,3.00
2014.05.30 14:11:23.686,1.36207,1.36209,6.42,1.32
2014.05.30 14:11:23.939,1.36209,1.3621,1.00,2.25
2014.05.30 14:11:24.548,1.36208,1.36209,1.50,1.00
2014.05.30 14:11:26.075,1.36208,1.3621,1.50,5.07
2014.05.30 14:11:30.335,1.3621,1.36211,1.13,1.50
2014.05.30 14:11:30.727,1.3621,1.36212,3.00,1.25
2014.05.30 14:11:31.235,1.3621,1.36211,1.50,1.00
2014.05.30 14:11:31.684,1.36208,1.36212,7.69,4.88
2014.05.30 14:11:31.836,1.36208,1.36211,5.44,1.38
2014.05.30 14:11:32.140,1.3621,1.36212,1.50,1.13
2014.05.30 14:11:32.444,1.36206,1.36209,6.75,8.88
2014.05.30 14:11:32.800,1.36205,1.36206,1.00,1.00
2014.05.30 14:11:33.305,1.36204,1.36205,1.00,1.00
2014.05.30 14:11:33.658,1.36205,1.36208,4.50,3.57
2014.05.30 14:11:33.860,1.36207,1.36209,1.00,4.69
2014.05.30 14:11:34.382,1.36207,1.36209,1.00,3.34
2014.05.30 14:11:35.944,1.36207,1.36208,1.50,1.25
2014.05.30 14:11:36.447,1.36206,1.36208,1.50,1.25
2014.05.30 14:11:41.187,1.36205,1.36207,3.19,1.50
2014.05.30 14:11:41.339,1.36204,1.36205,1.00,1.50
2014.05.30 14:11:41.858,1.36203,1.36205,1.50,3.38
2014.05.30 14:11:51.452,1.36203,1.36204,1.50,1.00
2014.05.30 14:11:52.432,1.36203,1.36205,1.69,3.38
2014.05.30 14:11:52.843,1.36204,1.36207,2.48,6.00
2014.05.30 14:11:52.996,1.36207,1.36208,1.50,1.50
2014.05.30 14:11:53.250,1.36205,1.36206,1.88,1.88
2014.05.30 14:11:53.553,1.36203,1.36206,3.19,2.25
2014.05.30 14:11:54.083,1.36203,1.36205,2.44,1.00
2014.05.30 14:11:59.338,1.36204,1.36205,1.00,2.25
2014.05.30 14:11:59.851,1.36205,1.36206,1.50,1.50
2014.05.30 14:12:00.231,1.36203,1.36206,3.19,2.25
2014.05.30 14:12:00.781,1.36203,1.36205,3.19,1.00
2014.05.30 14:12:01.135,1.36205,1.36209,6.98,10.73
2014.05.30 14:12:01.237,1.36208,1.36212,11.48,1.50
2014.05.30 14:12:01.341,1.36208,1.3621,2.63,8.25
2014.05.30 14:12:01.846,1.36208,1.3621,2.50,1.88
2014.05.30 14:12:03.285,1.36209,1.3621,1.00,2.25
2014.05.30 14:12:03.967,1.36209,1.36211,1.00,3.00
2014.05.30 14:12:05.095,1.3621,1.36211,1.00,2.25
2014.05.30 14:12:08.357,1.3621,1.36212,1.50,2.63
2014.05.30 14:12:15.827,1.36211,1.36214,1.00,10.69
2014.05.30 14:12:16.762,1.36212,1.36214,1.50,3.00
2014.05.30 14:12:16.964,1.36214,1.36215,2.25,2.25
2014.05.30 14:12:17.849,1.36212,1.36215,4.69,3.00
2014.05.30 14:12:18.456,1.36212,1.36215,9.19,2.25
2014.05.30 14:12:21.148,1.36212,1.36215,3.00,7.69
2014.05.30 14:12:21.656,1.36212,1.36214,2.25,4.32
2014.05.30 14:12:22.162,1.36212,1.36213,1.50,1.00
2014.05.30 14:12:23.126,1.36212,1.36214,1.50,3.57
2014.05.30 14:12:32.418,1.36212,1.36215,4.13,3.75
2014.05.30 14:12:32.923,1.36213,1.36215,1.50,3.00
2014.05.30 14:12:35.129,1.36214,1.36216,1.00,3.75
2014.05.30 14:12:35.230,1.36215,1.36218,5.07,4.88
2014.05.30 14:12:35.736,1.36216,1.36218,2.44,2.25
2014.05.30 14:12:36.040,1.36215,1.36216,1.00,1.50
2014.05.30 14:12:36.292,1.36213,1.36216,7.32,2.25
2014.05.30 14:12:37.865,1.36213,1.36215,4.69,1.00
2014.05.30 14:12:39.436,1.36214,1.36215,1.00,1.00
2014.05.30 14:12:39.943,1.36214,1.36216,5.07,1.50
2014.05.30 14:12:40.123,1.36216,1.36217,1.13,10.58
2014.05.30 14:12:40.628,1.36218,1.3622,1.00,5.63
2014.05.30 14:12:40.679,1.36218,1.3622,1.00,5.63
2014.05.30 14:12:41.335,1.36217,1.3622,4.32,4.50
2014.05.30 14:12:42.367,1.36217,1.36219,3.19,1.00
2014.05.30 14:12:45.538,1.36217,1.36219,2.25,1.00
2014.05.30 14:12:46.044,1.36216,1.36217,1.00,5.48
2014.05.30 14:12:46.146,1.36214,1.36217,8.07,7.13
2014.05.30 14:12:46.772,1.36214,1.36215,3.75,1.00
2014.05.30 14:12:48.536,1.36214,1.36216,1.50,4.69
2014.05.30 14:12:54.809,1.36213,1.36214,3.75,1.50
2014.05.30 14:12:55.899,1.36214,1.36215,1.88,1.00
2014.05.30 14:12:56.406,1.36213,1.36215,3.75,1.00
2014.05.30 14:13:00.729,1.36214,1.36215,3.38,1.50
2014.05.30 14:13:00.952,1.36216,1.36218,3.38,3.00
2014.05.30 14:13:01.003,1.36217,1.3622,2.32,9.75
2014.05.30 14:13:01.259,1.36219,1.3622,3.38,4.88
2014.05.30 14:13:01.794,1.3622,1.36223,3.15,6.00
2014.05.30 14:13:07.125,1.3622,1.36222,3.30,1.50
2014.05.30 14:13:07.793,1.3622,1.36221,3.30,1.00
2014.05.30 14:13:09.536,1.3622,1.36222,3.15,1.88
2014.05.30 14:13:10.568,1.3622,1.36222,3.23,2.25
2014.05.30 14:13:13.528,1.3622,1.36222,3.15,2.25
2014.05.30 14:13:14.073,1.3622,1.36222,7.09,1.38
2014.05.30 14:13:14.580,1.36221,1.36222,3.94,1.00
2014.05.30 14:13:15.094,1.36221,1.36223,3.94,1.00
2014.05.30 14:13:16.479,1.36221,1.36224,1.50,4.88
2014.05.30 14:13:16.984,1.36221,1.36222,1.50,1.50
2014.05.30 14:13:19.306,1.36221,1.36224,2.25,5.07
2014.05.30 14:13:21.106,1.36222,1.36224,1.00,3.75
2014.05.30 14:13:23.198,1.36222,1.36223,2.63,1.00
2014.05.30 14:13:25.196,1.36222,1.36224,3.38,1.50
2014.05.30 14:13:27.113,1.36222,1.36223,3.38,1.00
2014.05.30 14:13:28.729,1.36221,1.36223,1.00,1.00
2014.05.30 14:13:29.279,1.36222,1.36223,3.00,1.00
2014.05.30 14:13:31.030,1.36221,1.36222,2.25,1.00
2014.05.30 14:13:31.283,1.3622,1.36222,1.50,1.00
2014.05.30 14:13:31.437,1.36218,1.3622,4.13,2.50
2014.05.30 14:13:31.962,1.36217,1.36219,3.38,1.00
2014.05.30 14:13:32.217,1.36214,1.36218,19.69,5.88
2014.05.30 14:13:32.321,1.36215,1.36217,4.50,4.88
2014.05.30 14:13:32.534,1.36215,1.36216,3.38,1.00
2014.05.30 14:13:33.191,1.36215,1.36217,2.63,2.25
2014.05.30 14:13:34.095,1.36215,1.36216,2.63,1.00
2014.05.30 14:13:35.947,1.36214,1.36215,8.82,1.00
2014.05.30 14:13:36.150,1.36213,1.36214,1.50,1.00
2014.05.30 14:13:36.302,1.36212,1.36214,1.00,2.44
2014.05.30 14:13:36.830,1.3621,1.36212,7.69,1.00
2014.05.30 14:13:38.792,1.3621,1.36212,4.32,1.00
2014.05.30 14:13:39.257,1.36206,1.3621,2.63,7.75
2014.05.30 14:13:39.414,1.36206,1.36207,1.88,1.50
2014.05.30 14:13:39.919,1.36206,1.36208,1.88,2.25
2014.05.30 14:13:42.646,1.36206,1.36209,3.57,2.25
2014.05.30 14:13:48.642,1.36207,1.36209,1.58,1.25
2014.05.30 14:13:50.353,1.36207,1.36208,1.50,1.00
2014.05.30 14:13:52.199,1.36207,1.36209,1.50,5.44
2014.05.30 14:13:56.066,1.36208,1.3621,1.00,10.54
2014.05.30 14:13:56.616,1.36207,1.36209,3.19,1.00
2014.05.30 14:13:59.089,1.36207,1.3621,3.00,5.67
2014.05.30 14:13:59.759,1.36207,1.36209,1.50,1.00
2014.05.30 14:14:00.279,1.36207,1.3621,3.00,5.67
2014.05.30 14:14:00.799,1.36208,1.3621,1.00,3.42
2014.05.30 14:14:01.314,1.36207,1.3621,5.44,3.23
2014.05.30 14:14:02.725,1.36207,1.36208,3.00,1.00
2014.05.30 14:14:06.259,1.36205,1.36207,10.32,1.00
2014.05.30 14:14:09.923,1.36207,1.36208,1.50,1.13
2014.05.30 14:14:10.427,1.36206,1.36208,1.50,1.13
2014.05.30 14:14:11.530,1.36206,1.36207,1.69,1.00
2014.05.30 14:14:12.061,1.36205,1.36207,7.13,1.00
2014.05.30 14:14:12.620,1.36206,1.36207,3.00,1.00
2014.05.30 14:14:14.705,1.36206,1.36208,2.63,1.13
2014.05.30 14:14:17.252,1.36206,1.36207,2.63,1.00
2014.05.30 14:14:17.766,1.36206,1.36209,3.00,6.19
2014.05.30 14:14:18.277,1.36207,1.36208,1.13,1.00
2014.05.30 14:14:18.821,1.36207,1.36209,1.00,3.75
2014.05.30 14:14:19.392,1.36207,1.3621,5.44,3.98
2014.05.30 14:14:20.209,1.36207,1.36209,5.44,1.00
2014.05.30 14:14:22.319,1.36207,1.36208,3.19,1.00
2014.05.30 14:14:23.260,1.36207,1.36209,3.00,1.00
2014.05.30 14:14:28.962,1.36207,1.36209,1.50,1.00
2014.05.30 14:14:29.113,1.36206,1.36209,7.50,2.69
2014.05.30 14:14:31.910,1.36206,1.36209,4.13,5.69
2014.05.30 14:14:32.203,1.36207,1.36209,1.50,3.00
2014.05.30 14:14:33.092,1.36206,1.36208,1.50,1.50
2014.05.30 14:14:33.396,1.36207,1.36208,2.25,1.15
2014.05.30 14:14:33.952,1.36207,1.36209,2.25,2.37
2014.05.30 14:14:35.012,1.36208,1.36211,3.25,7.32
2014.05.30 14:14:35.517,1.3621,1.36213,11.29,1.50
2014.05.30 14:14:35.973,1.36213,1.36215,1.50,1.00
2014.05.30 14:14:38.283,1.36212,1.36215,2.44,5.25
2014.05.30 14:14:43.543,1.36212,1.36214,2.44,1.00
2014.05.30 14:14:44.690,1.36212,1.36215,2.44,6.00
2014.05.30 14:14:45.937,1.36212,1.36215,3.94,3.15
2014.05.30 14:14:46.475,1.36212,1.36215,3.94,3.15
2014.05.30 14:15:00.219,1.36214,1.36215,1.00,2.25
2014.05.30 14:15:00.861,1.36213,1.36215,1.00,2.25
2014.05.30 14:15:02.004,1.36212,1.36215,4.32,3.00
2014.05.30 14:15:03.067,1.36212,1.36215,8.44,3.00
2014.05.30 14:15:03.690,1.36212,1.36215,4.13,3.00
2014.05.30 14:15:05.784,1.36213,1.36215,1.00,2.25
2014.05.30 14:15:08.064,1.36213,1.36215,1.50,3.00
2014.05.30 14:15:08.267,1.3621,1.36213,7.50,7.32
2014.05.30 14:15:08.725,1.36209,1.3621,2.44,1.50
2014.05.30 14:15:09.511,1.36209,1.3621,2.85,1.00
2014.05.30 14:15:09.614,1.36211,1.36212,1.50,1.00
2014.05.30 14:15:12.488,1.3621,1.36211,5.44,1.00
2014.05.30 14:15:14.027,1.36209,1.36211,3.75,1.38
2014.05.30 14:15:14.534,1.3621,1.36212,2.25,1.69
2014.05.30 14:15:14.939,1.36211,1.36213,2.44,2.25
2014.05.30 14:15:15.091,1.36212,1.36215,2.86,3.94
2014.05.30 14:15:15.245,1.36215,1.36217,1.88,2.63
2014.05.30 14:15:15.749,1.36215,1.36216,1.50,1.00
2014.05.30 14:15:16.635,1.36215,1.36217,2.63,1.88
2014.05.30 14:15:18.285,1.36214,1.36216,6.98,1.00
2014.05.30 14:15:18.802,1.36213,1.36215,5.10,2.25
2014.05.30 14:15:19.445,1.36213,1.36215,3.00,3.00
2014.05.30 14:15:21.425,1.36213,1.36215,3.68,4.13
2014.05.30 14:15:22.047,1.36215,1.36216,1.00,2.25
2014.05.30 14:15:22.555,1.36215,1.36217,9.00,1.00
2014.05.30 14:15:23.537,1.36215,1.36218,9.94,2.63
2014.05.30 14:15:25.079,1.36216,1.36218,1.13,2.63
2014.05.30 14:15:26.301,1.36217,1.36219,1.00,3.75
2014.05.30 14:15:27.433,1.36216,1.36218,1.50,1.13
2014.05.30 14:15:29.046,1.36217,1.36218,1.00,1.00
2014.05.30 14:15:30.650,1.36217,1.36218,1.50,1.00
2014.05.30 14:15:30.935,1.36217,1.36219,1.50,2.97
2014.05.30 14:15:31.883,1.36217,1.36219,1.50,2.97
2014.05.30 14:15:31.934,1.36217,1.36218,1.50,2.63
2014.05.30 14:15:32.035,1.36214,1.36217,4.88,4.09
2014.05.30 14:15:32.540,1.36216,1.36217,3.00,1.00
2014.05.30 14:15:32.994,1.36216,1.36219,4.50,3.49
2014.05.30 14:15:34.816,1.36217,1.36219,1.00,2.48
2014.05.30 14:15:35.334,1.36216,1.36218,3.94,1.50
2014.05.30 14:15:35.928,1.36216,1.36217,1.00,1.13
2014.05.30 14:15:36.443,1.36214,1.36217,3.94,2.82
2014.05.30 14:15:36.545,1.36214,1.36217,4.69,2.82
2014.05.30 14:15:37.052,1.36214,1.36217,4.50,3.75
2014.05.30 14:15:40.023,1.36214,1.36217,4.69,3.57
2014.05.30 14:15:41.042,1.36215,1.36217,1.00,2.82
2014.05.30 14:15:41.194,1.36215,1.36218,6.94,5.78
2014.05.30 14:15:41.426,1.36213,1.36216,5.63,1.00
2014.05.30 14:15:41.481,1.36212,1.36214,11.29,1.88
2014.05.30 14:15:41.685,1.36212,1.36213,1.00,3.38
2014.05.30 14:15:41.837,1.3621,1.36213,20.44,4.13
2014.05.30 14:15:42.443,1.36211,1.36213,2.25,1.00
2014.05.30 14:15:42.948,1.36211,1.36214,3.19,5.25
2014.05.30 14:15:43.505,1.36212,1.36214,1.00,4.50
2014.05.30 14:15:43.606,1.36213,1.36215,4.00,1.88
2014.05.30 14:15:44.113,1.36213,1.36216,3.94,2.25
2014.05.30 14:15:44.637,1.36214,1.36216,1.00,1.88
2014.05.30 14:15:44.940,1.36211,1.36213,2.44,2.63
2014.05.30 14:15:45.195,1.36209,1.36211,1.00,1.00
2014.05.30 14:15:45.706,1.36208,1.36211,4.69,1.88
2014.05.30 14:15:47.686,1.3621,1.36211,1.00,1.50
2014.05.30 14:15:48.208,1.3621,1.36212,1.00,4.32
2014.05.30 14:15:48.714,1.36209,1.36212,2.25,6.94
2014.05.30 14:15:54.230,1.3621,1.36212,1.00,3.57
2014.05.30 14:15:55.140,1.36209,1.36211,3.00,2.26
2014.05.30 14:15:56.844,1.36209,1.3621,1.00,1.88
2014.05.30 14:15:58.747,1.36208,1.3621,2.25,2.25
2014.05.30 14:15:59.826,1.36209,1.3621,1.00,2.25
2014.05.30 14:16:00.604,1.3621,1.36212,1.00,5.82
2014.05.30 14:16:09.655,1.36209,1.3621,1.00,1.00
2014.05.30 14:16:12.489,1.36209,1.36211,1.00,1.50
2014.05.30 14:16:12.996,1.3621,1.36211,1.00,1.50
2014.05.30 14:16:13.505,1.3621,1.36212,1.88,3.19
2014.05.30 14:16:16.032,1.3621,1.36212,2.63,3.75
2014.05.30 14:16:16.335,1.36215,1.36218,5.25,4.50
2014.05.30 14:16:16.689,1.36218,1.36219,1.13,2.25
2014.05.30 14:16:17.048,1.36216,1.36218,4.13,1.50
2014.05.30 14:16:17.201,1.36214,1.36216,4.13,1.00
2014.05.30 14:16:17.504,1.36217,1.36219,1.88,7.32
2014.05.30 14:16:17.918,1.36219,1.3622,3.38,1.88
2014.05.30 14:16:18.224,1.36219,1.36222,3.38,2.44
2014.05.30 14:16:19.423,1.3622,1.36222,1.38,1.69
2014.05.30 14:16:20.646,1.36221,1.36223,1.50,2.44
2014.05.30 14:16:21.160,1.36219,1.36221,3.38,1.25
2014.05.30 14:16:21.312,1.3622,1.36222,2.63,4.13
2014.05.30 14:16:21.970,1.36219,1.36221,2.25,4.32
2014.05.30 14:16:22.515,1.36219,1.36221,1.88,6.19
2014.05.30 14:16:25.505,1.36219,1.3622,1.88,1.69
2014.05.30 14:16:25.716,1.36219,1.36221,2.88,3.00
2014.05.30 14:16:26.940,1.36219,1.36221,1.88,1.50
2014.05.30 14:16:27.499,1.36219,1.36221,2.88,1.25
2014.05.30 14:16:30.413,1.3622,1.36222,2.63,1.25
2014.05.30 14:16:30.465,1.3622,1.36223,3.38,3.19
2014.05.30 14:16:31.002,1.36221,1.36223,2.63,1.25
2014.05.30 14:16:35.000,1.3622,1.36223,3.00,5.82
2014.05.30 14:16:35.844,1.3622,1.36222,1.00,1.00
2014.05.30 14:16:36.350,1.36219,1.36222,4.32,2.25
2014.05.30 14:16:42.139,1.36219,1.3622,3.00,1.13
2014.05.30 14:16:50.821,1.36219,1.36222,5.25,1.69
2014.05.30 14:16:51.023,1.36221,1.36222,1.50,1.50
2014.05.30 14:16:51.326,1.36223,1.36226,2.60,4.13
2014.05.30 14:16:51.630,1.36226,1.36227,3.00,1.50
2014.05.30 14:16:52.515,1.36225,1.36227,2.63,3.38
2014.05.30 14:16:53.021,1.36224,1.36225,1.50,1.50
2014.05.30 14:16:54.182,1.36223,1.36225,2.25,2.50
2014.05.30 14:16:54.801,1.36223,1.36224,2.25,1.00
2014.05.30 14:16:55.490,1.36223,1.36225,1.00,3.75
2014.05.30 14:16:56.422,1.36224,1.36226,1.00,5.07
2014.05.30 14:16:56.476,1.36225,1.36227,7.00,6.38
2014.05.30 14:16:56.781,1.36228,1.36229,1.00,1.00
2014.05.30 14:16:56.882,1.36228,1.36229,1.00,1.00
2014.05.30 14:16:57.394,1.36227,1.36229,5.25,1.00
2014.05.30 14:16:58.271,1.36228,1.36229,1.00,1.00
2014.05.30 14:16:58.795,1.36228,1.3623,1.00,3.94
2014.05.30 14:17:00.587,1.36228,1.36229,1.00,1.50
2014.05.30 14:17:01.463,1.36227,1.36229,1.50,4.13
2014.05.30 14:17:01.971,1.36227,1.36229,1.00,9.19
2014.05.30 14:17:02.681,1.36228,1.36229,1.50,6.57
2014.05.30 14:17:02.732,1.36228,1.3623,1.88,7.13
2014.05.30 14:17:02.890,1.36228,1.36229,3.00,1.35
2014.05.30 14:17:03.397,1.36228,1.3623,1.00,6.94
2014.05.30 14:17:03.920,1.36229,1.36231,1.50,9.60
2014.05.30 14:17:04.273,1.36225,1.36229,10.69,10.13
2014.05.30 14:17:04.328,1.36225,1.36227,7.50,9.19
2014.05.30 14:17:04.381,1.36225,1.36226,4.50,2.25
2014.05.30 14:17:04.532,1.36223,1.36225,2.25,1.50
2014.05.30 14:17:07.338,1.36223,1.36225,1.50,3.75
2014.05.30 14:17:07.800,1.36223,1.36225,1.00,8.44
2014.05.30 14:17:08.304,1.36223,1.36224,1.00,3.00
2014.05.30 14:17:14.690,1.36223,1.36225,1.00,3.57
2014.05.30 14:17:15.444,1.36224,1.36225,1.00,2.44
2014.05.30 14:17:16.099,1.36223,1.36225,1.00,2.25
2014.05.30 14:17:21.591,1.36223,1.36225,5.63,1.00
2014.05.30 14:17:21.693,1.36225,1.36228,11.35,2.25
2014.05.30 14:17:21.948,1.36229,1.36231,1.69,1.50
2014.05.30 14:17:22.049,1.36231,1.36232,1.00,5.63
2014.05.30 14:17:22.555,1.3623,1.36231,1.69,1.50
2014.05.30 14:17:23.601,1.3623,1.36232,1.00,3.38
2014.05.30 14:17:24.170,1.36229,1.36231,1.00,1.50
2014.05.30 14:17:24.481,1.36228,1.3623,1.50,1.88
2014.05.30 14:17:24.532,1.36227,1.3623,1.00,11.78
2014.05.30 14:17:24.684,1.36227,1.36229,1.00,1.69
2014.05.30 14:17:25.190,1.36228,1.3623,1.69,2.25
2014.05.30 14:17:25.694,1.36229,1.3623,1.00,1.50
2014.05.30 14:17:27.841,1.36228,1.3623,1.00,4.50
2014.05.30 14:17:28.589,1.36228,1.36229,1.13,1.50
2014.05.30 14:17:29.363,1.36227,1.36229,1.00,1.50
2014.05.30 14:17:29.775,1.36225,1.36227,5.44,4.73
2014.05.30 14:17:30.283,1.36225,1.36226,1.00,3.00
2014.05.30 14:17:31.142,1.36225,1.36227,1.60,10.39
2014.05.30 14:17:31.446,1.36228,1.3623,1.00,5.63
2014.05.30 14:17:31.548,1.36227,1.3623,3.19,2.63
2014.05.30 14:17:32.139,1.36227,1.3623,4.69,2.63
2014.05.30 14:17:32.824,1.36228,1.36231,4.32,3.75
2014.05.30 14:17:33.228,1.36228,1.36231,4.13,4.13
2014.05.30 14:17:33.532,1.36226,1.36228,2.25,11.82
2014.05.30 14:17:33.584,1.36224,1.36227,3.00,6.57
2014.05.30 14:17:33.787,1.36225,1.36228,3.00,7.58
2014.05.30 14:17:34.297,1.36226,1.36228,1.50,5.44
2014.05.30 14:17:36.517,1.36226,1.36227,1.50,1.00
2014.05.30 14:17:36.669,1.36224,1.36226,5.63,1.69
2014.05.30 14:17:37.219,1.36224,1.36225,1.13,1.00
2014.05.30 14:17:39.069,1.36224,1.36226,2.63,2.25
2014.05.30 14:17:39.120,1.36225,1.36227,1.00,4.69
2014.05.30 14:17:39.476,1.36227,1.36228,1.00,4.13
2014.05.30 14:17:39.779,1.36228,1.3623,1.50,3.57
2014.05.30 14:17:40.286,1.36229,1.36231,3.00,1.69
2014.05.30 14:17:40.590,1.36231,1.36232,1.50,1.99
2014.05.30 14:17:41.103,1.36232,1.36233,2.25,3.75
2014.05.30 14:17:41.406,1.36229,1.36231,3.00,5.45
2014.05.30 14:17:43.411,1.36228,1.36229,3.00,1.00
2014.05.30 14:17:43.915,1.36229,1.3623,1.50,4.88
2014.05.30 14:17:45.070,1.36227,1.36229,8.07,1.00
2014.05.30 14:17:45.373,1.36225,1.36226,2.25,3.00
2014.05.30 14:17:45.684,1.36225,1.36227,3.75,7.43
2014.05.30 14:17:46.191,1.36226,1.36227,2.25,2.10
2014.05.30 14:17:46.966,1.36226,1.36228,2.50,3.94
2014.05.30 14:17:47.767,1.36227,1.36228,1.50,2.25
2014.05.30 14:17:48.282,1.36228,1.36229,1.50,1.50
2014.05.30 14:17:50.089,1.36227,1.36229,7.50,1.00
2014.05.30 14:17:50.598,1.36227,1.36229,5.25,3.94
2014.05.30 14:17:51.109,1.36228,1.36229,1.00,1.50
2014.05.30 14:17:51.615,1.36227,1.36229,6.75,1.50
2014.05.30 14:17:52.165,1.36228,1.36229,2.25,1.50
2014.05.30 14:17:52.663,1.36228,1.36229,3.00,1.50
2014.05.30 14:17:52.865,1.36228,1.3623,6.00,1.50
2014.05.30 14:17:55.379,1.36229,1.3623,1.00,1.88
2014.05.30 14:17:55.904,1.36228,1.3623,2.25,3.38
2014.05.30 14:18:02.437,1.36229,1.3623,1.00,5.07
2014.05.30 14:18:03.006,1.36228,1.36229,2.25,1.50
2014.05.30 14:18:03.518,1.36228,1.3623,3.00,4.65
2014.05.30 14:18:06.348,1.36228,1.36229,2.25,1.00
2014.05.30 14:18:07.057,1.36227,1.36229,4.50,1.50
2014.05.30 14:18:09.590,1.36226,1.36228,6.00,4.32
2014.05.30 14:18:10.096,1.36227,1.36228,3.00,1.00
2014.05.30 14:18:10.601,1.36227,1.36229,4.50,1.50
2014.05.30 14:18:11.106,1.36227,1.36228,6.00,1.00
2014.05.30 14:18:12.660,1.36226,1.36228,6.19,2.13
2014.05.30 14:18:13.168,1.36227,1.36228,4.50,1.00
2014.05.30 14:18:13.697,1.36227,1.36229,6.00,2.25
2014.05.30 14:18:14.202,1.36228,1.36229,1.50,1.00
2014.05.30 14:18:16.930,1.36227,1.36229,5.25,1.00
2014.05.30 14:18:18.041,1.36227,1.36229,6.00,1.00
2014.05.30 14:18:18.578,1.36228,1.3623,1.50,5.59
2014.05.30 14:18:19.462,1.36227,1.36229,6.75,1.00
2014.05.30 14:18:20.160,1.36228,1.36229,1.00,1.88
2014.05.30 14:18:20.898,1.36227,1.36229,6.00,1.00
2014.05.30 14:18:26.211,1.36228,1.36229,3.00,1.00
2014.05.30 14:18:29.688,1.36228,1.3623,2.50,4.84
2014.05.30 14:18:30.316,1.36228,1.36229,3.00,1.50
2014.05.30 14:18:30.821,1.36227,1.36229,3.75,1.00
2014.05.30 14:18:31.326,1.36227,1.36229,3.00,1.00
2014.05.30 14:18:31.832,1.36227,1.36228,3.00,1.00
2014.05.30 14:18:33.164,1.36225,1.36227,12.15,1.00
2014.05.30 14:18:33.570,1.36223,1.36225,9.75,2.25
2014.05.30 14:18:42.291,1.36223,1.36224,3.00,1.00
2014.05.30 14:18:53.788,1.36223,1.36225,1.88,4.17
2014.05.30 14:18:54.142,1.36225,1.36227,15.07,3.38
2014.05.30 14:18:54.358,1.36227,1.3623,7.00,3.19
2014.05.30 14:18:54.563,1.36229,1.3623,3.75,2.44
2014.05.30 14:18:54.816,1.36227,1.36229,1.88,2.50
2014.05.30 14:18:55.020,1.36224,1.36226,2.25,2.50
2014.05.30 14:18:56.335,1.36224,1.36225,2.25,1.00
2014.05.30 14:18:57.881,1.36224,1.36226,1.00,1.69
2014.05.30 14:18:59.218,1.36223,1.36225,4.69,1.00
2014.05.30 14:18:59.743,1.36224,1.36225,1.00,1.00
2014.05.30 14:19:00.501,1.36224,1.36226,1.25,1.88
2014.05.30 14:19:00.804,1.36226,1.36228,1.50,4.88
2014.05.30 14:19:01.309,1.36226,1.36228,3.00,1.00
2014.05.30 14:19:01.769,1.36225,1.36226,3.00,1.00
2014.05.30 14:19:03.112,1.36224,1.36226,1.00,3.00
2014.05.30 14:19:04.358,1.36224,1.36225,1.00,1.00
2014.05.30 14:19:07.111,1.36224,1.36226,1.00,3.75
2014.05.30 14:19:07.565,1.36226,1.36228,1.50,3.19
2014.05.30 14:19:08.966,1.36226,1.36227,1.50,1.69
2014.05.30 14:19:09.269,1.36228,1.36229,1.50,1.50
2014.05.30 14:19:09.802,1.36228,1.3623,1.00,5.44
2014.05.30 14:19:10.378,1.36228,1.36229,2.25,1.50
2014.05.30 14:19:14.040,1.36227,1.36229,6.60,1.50
2014.05.30 14:19:17.596,1.36228,1.36231,3.00,10.88
2014.05.30 14:19:17.903,1.36238,1.36241,3.63,4.69
2014.05.30 14:19:17.955,1.36238,1.36239,1.50,1.00
2014.05.30 14:19:18.006,1.36236,1.36238,5.44,1.00
2014.05.30 14:19:18.511,1.36238,1.36239,1.50,3.94
2014.05.30 14:19:19.167,1.36237,1.36238,2.25,1.00
2014.05.30 14:19:19.370,1.36235,1.36237,3.00,5.67
2014.05.30 14:19:19.876,1.36235,1.36237,1.00,13.92
2014.05.30 14:19:20.381,1.36234,1.36235,1.50,7.69
2014.05.30 14:19:21.191,1.36235,1.36237,3.00,6.38
2014.05.30 14:19:21.496,1.36238,1.3624,6.75,9.19
2014.05.30 14:19:21.649,1.36239,1.3624,1.50,4.13
2014.05.30 14:19:22.155,1.36239,1.36241,3.00,2.44
2014.05.30 14:19:22.206,1.36239,1.36241,1.88,2.44
2014.05.30 14:19:22.522,1.36242,1.36244,3.00,1.69
2014.05.30 14:19:23.558,1.3624,1.36243,11.63,3.61
2014.05.30 14:19:23.863,1.36234,1.36236,4.13,4.94
2014.05.30 14:19:24.016,1.36235,1.36236,7.88,5.82
2014.05.30 14:19:24.182,1.36233,1.36236,3.00,4.32
2014.05.30 14:19:24.731,1.36234,1.36236,1.00,4.32
2014.05.30 14:19:25.238,1.36234,1.36236,1.00,4.32
2014.05.30 14:19:25.643,1.36232,1.36235,4.32,1.00
2014.05.30 14:19:25.928,1.36233,1.36235,1.00,1.88
2014.05.30 14:19:26.231,1.36234,1.36237,6.19,3.38
2014.05.30 14:19:26.398,1.36235,1.36237,3.00,1.50
2014.05.30 14:19:26.601,1.36238,1.3624,1.00,5.82
2014.05.30 14:19:26.652,1.36239,1.36241,1.00,4.50
2014.05.30 14:19:26.856,1.3624,1.36242,3.38,1.50
2014.05.30 14:19:27.160,1.36242,1.36243,1.00,3.94
2014.05.30 14:19:28.752,1.36242,1.36244,1.13,4.92
2014.05.30 14:19:29.058,1.36243,1.36245,1.00,4.88
2014.05.30 14:19:29.587,1.36242,1.36244,3.00,3.19
2014.05.30 14:19:29.637,1.3624,1.36243,4.69,3.44
2014.05.30 14:19:30.145,1.36241,1.36246,3.00,1.50
2014.05.30 14:19:30.664,1.36243,1.36245,1.50,2.50
2014.05.30 14:19:30.918,1.36244,1.36246,1.00,2.44
2014.05.30 14:19:31.273,1.36243,1.36245,1.50,4.32
2014.05.30 14:19:31.324,1.36242,1.36243,3.00,1.00
2014.05.30 14:19:31.629,1.36242,1.36245,3.00,10.32
2014.05.30 14:19:32.369,1.36244,1.36245,1.00,8.44
2014.05.30 14:19:32.874,1.36242,1.36244,1.00,4.19
2014.05.30 14:19:33.028,1.36242,1.36243,1.00,2.63
2014.05.30 14:19:33.544,1.36241,1.36242,1.00,1.00
2014.05.30 14:19:34.050,1.36242,1.36243,1.00,3.75
2014.05.30 14:19:35.526,1.3624,1.36243,15.94,3.00
2014.05.30 14:19:36.031,1.3624,1.36242,7.13,1.00
2014.05.30 14:19:36.536,1.3624,1.36241,3.00,1.00
2014.05.30 14:19:37.040,1.3624,1.36242,1.00,3.19
2014.05.30 14:19:38.928,1.36239,1.36241,3.19,2.63
2014.05.30 14:19:38.979,1.36238,1.3624,7.69,4.75
2014.05.30 14:19:39.182,1.36237,1.36238,4.13,1.25
2014.05.30 14:19:39.284,1.36235,1.36236,2.63,3.00
2014.05.30 14:19:39.385,1.36233,1.36235,2.25,1.50
2014.05.30 14:19:39.890,1.36232,1.36235,5.44,4.50
2014.05.30 14:19:40.702,1.36233,1.36235,1.00,5.63
2014.05.30 14:19:41.252,1.36232,1.36234,1.50,1.50
2014.05.30 14:19:41.404,1.36231,1.36233,2.44,1.00
2014.05.30 14:19:41.507,1.3623,1.36231,1.00,1.50
2014.05.30 14:19:41.608,1.36231,1.36233,3.75,1.00
2014.05.30 14:19:41.709,1.3623,1.36232,5.63,1.00
2014.05.30 14:19:42.156,1.3623,1.36233,3.57,4.88
2014.05.30 14:19:42.207,1.36231,1.36233,1.00,4.50
2014.05.30 14:19:42.815,1.36232,1.36234,1.00,2.25
2014.05.30 14:19:43.223,1.36234,1.36235,1.50,3.75
2014.05.30 14:19:43.528,1.36236,1.36238,3.00,1.00
2014.05.30 14:19:43.580,1.36237,1.36239,1.50,2.82
2014.05.30 14:19:43.885,1.36237,1.36239,1.00,4.23
2014.05.30 14:19:44.390,1.36238,1.36239,1.00,3.19
2014.05.30 14:19:44.945,1.36237,1.36239,2.25,3.00
2014.05.30 14:19:46.770,1.36235,1.36239,17.82,7.32
2014.05.30 14:19:46.871,1.36236,1.36239,1.50,5.88
2014.05.30 14:19:46.973,1.36235,1.36238,1.50,12.04
2014.05.30 14:19:47.377,1.36237,1.36239,2.50,1.13
2014.05.30 14:19:47.581,1.36238,1.36239,3.00,1.50
2014.05.30 14:19:48.086,1.36238,1.3624,6.38,1.00
2014.05.30 14:19:48.238,1.36239,1.36241,1.00,3.75
2014.05.30 14:19:48.745,1.3624,1.36241,2.25,1.50
2014.05.30 14:19:49.351,1.3624,1.36242,3.00,1.69
2014.05.30 14:19:50.316,1.36241,1.36242,1.00,1.00
2014.05.30 14:19:50.631,1.36242,1.36244,1.50,1.32
2014.05.30 14:19:51.805,1.36243,1.36245,1.50,5.44
2014.05.30 14:19:52.687,1.36242,1.36245,5.63,6.19
2014.05.30 14:19:52.789,1.36242,1.36244,5.63,1.50
2014.05.30 14:19:52.943,1.36243,1.36245,1.50,5.07
2014.05.30 14:19:54.497,1.36243,1.36244,1.00,1.00
2014.05.30 14:19:55.057,1.36242,1.36244,5.63,1.00
2014.05.30 14:19:57.350,1.36243,1.36244,1.00,1.00
2014.05.30 14:19:58.936,1.36243,1.36245,3.38,2.25
2014.05.30 14:19:59.290,1.36242,1.36244,1.50,1.88
2014.05.30 14:20:00.312,1.36242,1.36245,7.13,3.19
2014.05.30 14:20:00.831,1.36242,1.36244,7.88,1.00
2014.05.30 14:20:02.214,1.36242,1.36244,5.82,1.00
2014.05.30 14:20:02.265,1.36244,1.36246,3.38,3.75
2014.05.30 14:20:02.784,1.36244,1.36245,1.00,1.50
2014.05.30 14:20:04.377,1.36243,1.36245,7.13,1.50
2014.05.30 14:20:05.054,1.36244,1.36245,1.00,1.00
2014.05.30 14:20:05.576,1.36243,1.36245,7.13,1.00
2014.05.30 14:20:06.192,1.36244,1.36246,1.00,4.32
2014.05.30 14:20:06.496,1.36249,1.36251,1.00,1.13
2014.05.30 14:20:06.816,1.3625,1.36252,3.38,3.94
2014.05.30 14:20:07.321,1.3625,1.36252,5.25,1.50
2014.05.30 14:20:08.328,1.36251,1.36253,3.75,1.69
2014.05.30 14:20:08.784,1.36253,1.36254,3.38,1.50
2014.05.30 14:20:09.289,1.36253,1.36255,3.38,2.07
2014.05.30 14:20:09.748,1.36252,1.36254,5.63,2.63
2014.05.30 14:20:10.265,1.36252,1.36254,3.38,3.00
2014.05.30 14:20:23.356,1.36253,1.36254,1.00,3.00
2014.05.30 14:20:23.867,1.36252,1.36254,3.75,2.50
2014.05.30 14:20:24.342,1.36254,1.36255,1.13,1.00
2014.05.30 14:20:24.863,1.36253,1.36255,5.63,2.93
2014.05.30 14:20:28.314,1.36255,1.36256,2.25,1.00
2014.05.30 14:20:28.434,1.36255,1.36257,9.38,3.00
2014.05.30 14:20:28.688,1.36257,1.36258,1.00,2.25
2014.05.30 14:20:29.143,1.36257,1.36259,4.13,3.00
2014.05.30 14:20:29.649,1.36258,1.36261,4.38,6.19
2014.05.30 14:20:30.156,1.36259,1.3626,1.00,1.50
2014.05.30 14:20:30.964,1.3626,1.36262,1.00,6.94
2014.05.30 14:20:31.218,1.36262,1.36263,3.38,2.25
2014.05.30 14:20:31.723,1.36262,1.36264,1.00,3.57
2014.05.30 14:20:33.027,1.36261,1.36264,5.44,4.69
2014.05.30 14:20:33.850,1.36261,1.36263,2.25,1.13
2014.05.30 14:20:33.952,1.36259,1.36262,3.00,6.60
2014.05.30 14:20:34.257,1.36255,1.36257,1.13,6.94
2014.05.30 14:20:34.612,1.36256,1.36258,1.50,3.00
2014.05.30 14:20:35.146,1.36257,1.36258,3.38,1.00
2014.05.30 14:20:36.516,1.36255,1.36257,18.75,1.00
2014.05.30 14:20:36.823,1.36251,1.36254,7.95,4.01
2014.05.30 14:20:36.881,1.3625,1.36252,1.00,2.50
2014.05.30 14:20:37.389,1.36251,1.36252,1.50,1.50
2014.05.30 14:20:37.920,1.36251,1.36253,2.44,1.50
2014.05.30 14:20:38.389,1.36251,1.36254,3.42,1.00
2014.05.30 14:20:38.490,1.36254,1.36255,1.00,3.00
2014.05.30 14:20:38.743,1.36251,1.36255,3.19,8.25
2014.05.30 14:20:38.794,1.36251,1.36253,3.25,1.00
2014.05.30 14:20:38.947,1.36252,1.36255,6.00,3.00
2014.05.30 14:20:39.404,1.36252,1.36254,3.00,1.00
2014.05.30 14:20:40.162,1.36252,1.36255,3.00,3.38
2014.05.30 14:20:40.666,1.36253,1.36255,1.00,1.50
2014.05.30 14:20:41.172,1.36252,1.36255,6.19,1.50
2014.05.30 14:20:42.191,1.36254,1.36255,1.50,1.50
2014.05.30 14:20:42.494,1.36256,1.36258,1.50,1.50
2014.05.30 14:20:43.353,1.36255,1.36257,5.82,1.02
2014.05.30 14:20:43.858,1.36256,1.36257,3.19,1.00
2014.05.30 14:20:44.363,1.36256,1.36258,3.19,3.75
2014.05.30 14:20:48.079,1.36256,1.36259,5.25,3.79
2014.05.30 14:20:50.803,1.36257,1.36259,1.00,2.10
2014.05.30 14:20:51.518,1.36256,1.36259,11.07,2.85
2014.05.30 14:20:52.485,1.36256,1.36259,11.44,2.85
2014.05.30 14:20:52.794,1.3626,1.36262,4.69,1.50
2014.05.30 14:20:53.707,1.36261,1.36263,1.50,3.00
2014.05.30 14:20:54.212,1.36261,1.36264,6.94,1.69
2014.05.30 14:20:58.174,1.36262,1.36264,1.00,1.69
2014.05.30 14:21:00.213,1.36262,1.36265,2.25,5.44
2014.05.30 14:21:00.833,1.36262,1.36264,1.50,1.00
2014.05.30 14:21:01.906,1.36261,1.36263,1.69,1.50
2014.05.30 14:21:02.417,1.36261,1.36263,3.94,1.50
2014.05.30 14:21:02.922,1.36261,1.36264,8.44,1.50
2014.05.30 14:21:04.461,1.36261,1.36264,8.44,1.50
2014.05.30 14:21:08.471,1.36262,1.36264,1.25,1.50
2014.05.30 14:21:09.645,1.36261,1.36264,8.07,1.50
2014.05.30 14:21:10.170,1.36262,1.36264,1.00,1.50
2014.05.30 14:21:11.072,1.36262,1.36265,2.44,5.63
2014.05.30 14:21:11.548,1.36264,1.36267,2.88,9.00
2014.05.30 14:21:11.855,1.36268,1.3627,5.82,1.50
2014.05.30 14:21:12.362,1.36268,1.3627,5.63,1.00
2014.05.30 14:21:12.881,1.36269,1.3627,1.50,1.50
2014.05.30 14:21:14.550,1.3627,1.36271,1.25,1.00
2014.05.30 14:21:15.055,1.36269,1.36271,1.50,2.44
2014.05.30 14:21:15.459,1.36271,1.36272,1.00,1.50
2014.05.30 14:21:17.009,1.3627,1.36272,1.32,2.50
2014.05.30 14:21:17.516,1.36271,1.36272,1.50,2.25
2014.05.30 14:21:20.487,1.36269,1.36272,4.32,3.75
2014.05.30 14:21:21.445,1.36269,1.36271,6.57,1.00
2014.05.30 14:21:21.849,1.36267,1.36269,4.69,1.00
2014.05.30 14:21:22.001,1.36267,1.36268,2.44,1.00
2014.05.30 14:21:22.528,1.36267,1.36269,2.44,1.50
2014.05.30 14:21:23.832,1.36267,1.36268,2.25,1.00
2014.05.30 14:21:23.882,1.36267,1.36268,1.50,3.38
2014.05.30 14:21:24.085,1.36264,1.36266,1.50,6.23
2014.05.30 14:21:24.289,1.36266,1.36268,2.44,3.75
2014.05.30 14:21:24.495,1.36267,1.36268,1.50,1.00
2014.05.30 14:21:24.697,1.36269,1.36272,5.13,1.13
2014.05.30 14:21:24.901,1.3627,1.36272,1.50,1.88
2014.05.30 14:21:25.908,1.3627,1.36273,2.25,8.29
2014.05.30 14:21:30.025,1.3627,1.36272,2.18,1.00
2014.05.30 14:21:30.980,1.36269,1.3627,3.00,1.00
2014.05.30 14:21:31.486,1.36268,1.36269,1.50,1.00
2014.05.30 14:21:31.991,1.36268,1.3627,1.50,3.00
2014.05.30 14:21:33.985,1.36268,1.36269,1.50,1.00
2014.05.30 14:21:34.289,1.36263,1.36264,1.50,1.00
2014.05.30 14:21:34.592,1.36264,1.36265,6.94,1.00
2014.05.30 14:21:34.903,1.36265,1.36266,1.99,3.23
2014.05.30 14:21:35.004,1.36263,1.36265,3.94,2.25
2014.05.30 14:21:35.575,1.36262,1.36264,1.25,1.50
2014.05.30 14:21:37.302,1.36262,1.36265,3.68,5.63
2014.05.30 14:21:38.916,1.36263,1.36265,1.25,5.25
2014.05.30 14:21:38.967,1.36265,1.36266,2.25,4.35
2014.05.30 14:21:39.169,1.36267,1.36268,2.25,1.00
2014.05.30 14:21:41.615,1.36266,1.36268,2.82,3.00
2014.05.30 14:21:43.348,1.36265,1.36267,2.67,1.73
2014.05.30 14:21:43.399,1.36264,1.36266,12.75,1.00
2014.05.30 14:21:43.552,1.36265,1.36268,12.72,7.88
2014.05.30 14:21:44.065,1.36265,1.36268,17.44,3.75
2014.05.30 14:22:11.100,1.36267,1.36268,1.00,1.00
2014.05.30 14:22:11.647,1.36267,1.36269,1.15,2.63
2014.05.30 14:22:12.258,1.36267,1.36268,1.15,1.00
2014.05.30 14:22:13.379,1.36266,1.36269,6.68,2.63
2014.05.30 14:22:14.364,1.36266,1.36268,7.69,1.00
2014.05.30 14:22:14.869,1.36267,1.36268,1.00,1.00
2014.05.30 14:22:16.215,1.36268,1.36269,1.00,1.50
2014.05.30 14:22:16.317,1.36269,1.3627,1.41,2.25
2014.05.30 14:22:16.419,1.36269,1.36272,2.91,4.32
2014.05.30 14:22:16.925,1.3627,1.36272,1.50,3.19
2014.05.30 14:22:20.666,1.36271,1.36272,1.00,1.88
2014.05.30 14:22:21.281,1.36271,1.36274,1.50,8.44
2014.05.30 14:22:23.735,1.36272,1.36274,1.00,7.69
2014.05.30 14:22:23.988,1.36273,1.36275,1.50,9.94
2014.05.30 14:22:24.292,1.36275,1.3628,21.07,8.63
2014.05.30 14:22:24.397,1.36277,1.36279,6.38,1.00
2014.05.30 14:22:24.502,1.36278,1.3628,1.25,4.13
2014.05.30 14:22:24.553,1.36279,1.36286,1.75,4.50
2014.05.30 14:22:24.706,1.36284,1.36286,1.00,8.63
2014.05.30 14:22:24.859,1.36286,1.36289,5.10,1.00
2014.05.30 14:22:24.964,1.36288,1.3629,1.35,3.00
2014.05.30 14:22:25.232,1.36288,1.36291,4.92,1.88
2014.05.30 14:22:25.384,1.3629,1.36292,1.13,2.63
2014.05.30 14:22:25.822,1.36289,1.3629,1.50,1.00
2014.05.30 14:22:26.126,1.36285,1.36289,17.25,9.00
2014.05.30 14:22:26.282,1.36283,1.36285,1.00,4.88
2014.05.30 14:22:26.385,1.36281,1.36283,3.57,1.00
2014.05.30 14:22:26.436,1.3628,1.36283,5.44,2.25
2014.05.30 14:22:27.244,1.3628,1.36282,3.19,1.00
2014.05.30 14:22:28.220,1.36279,1.3628,1.67,2.25
2014.05.30 14:22:28.725,1.36278,1.3628,2.07,4.50
2014.05.30 14:22:29.230,1.36277,1.36279,1.50,1.50
2014.05.30 14:22:30.779,1.36277,1.36278,1.00,1.00
2014.05.30 14:22:31.234,1.36275,1.36277,4.13,1.00
2014.05.30 14:22:31.741,1.36275,1.36277,14.25,1.00
2014.05.30 14:22:32.347,1.36276,1.36278,1.88,1.69
2014.05.30 14:22:33.738,1.36276,1.36278,3.64,1.00
2014.05.30 14:22:34.339,1.36276,1.36278,4.02,1.00
2014.05.30 14:22:34.844,1.36277,1.36279,1.32,1.50
2014.05.30 14:22:35.777,1.36276,1.36279,4.58,1.50
2014.05.30 14:22:36.392,1.36277,1.36279,1.02,1.50
2014.05.30 14:22:36.697,1.36279,1.3628,1.50,2.25
2014.05.30 14:22:38.587,1.36278,1.3628,2.25,3.00
2014.05.30 14:22:40.189,1.36277,1.3628,4.69,3.00
2014.05.30 14:22:40.694,1.36278,1.3628,1.50,4.50
2014.05.30 14:22:42.803,1.36277,1.3628,3.75,8.07
2014.05.30 14:22:43.106,1.36275,1.36277,1.00,7.36
2014.05.30 14:22:43.259,1.36274,1.36275,1.50,2.63
2014.05.30 14:22:43.764,1.36273,1.36275,1.50,3.75
2014.05.30 14:22:47.746,1.36275,1.36276,1.50,1.00
2014.05.30 14:22:47.797,1.36275,1.36277,2.25,5.44
2014.05.30 14:22:47.898,1.36277,1.36278,1.00,4.88
2014.05.30 14:22:48.202,1.36277,1.36281,11.07,1.50
2014.05.30 14:22:48.505,1.36279,1.36282,2.32,3.75
2014.05.30 14:22:48.607,1.36279,1.36282,3.82,1.00
2014.05.30 14:22:48.912,1.36278,1.3628,6.57,1.00
2014.05.30 14:22:48.964,1.36278,1.3628,5.44,1.00
2014.05.30 14:22:49.067,1.36277,1.36279,9.19,1.00
2014.05.30 14:22:49.578,1.36276,1.36278,1.88,1.00
2014.05.30 14:22:50.229,1.36276,1.36277,1.88,1.00
2014.05.30 14:22:52.520,1.36277,1.3628,3.25,4.92
2014.05.30 14:22:52.820,1.36277,1.36279,1.30,2.25
2014.05.30 14:22:53.951,1.36277,1.36281,6.07,5.44
2014.05.30 14:22:54.255,1.36279,1.36281,1.00,3.19
2014.05.30 14:22:54.760,1.36278,1.3628,3.75,1.50
2014.05.30 14:22:55.333,1.36279,1.3628,1.00,1.00
2014.05.30 14:22:55.839,1.36278,1.36281,4.35,2.44
2014.05.30 14:22:56.091,1.36278,1.36281,4.73,1.69
2014.05.30 14:22:57.140,1.36278,1.36281,4.80,2.44
2014.05.30 14:23:00.281,1.36278,1.36281,4.84,2.44
2014.05.30 14:23:00.785,1.36277,1.36279,1.47,1.50
2014.05.30 14:23:00.887,1.36277,1.36279,1.47,1.50
2014.05.30 14:23:00.988,1.36277,1.36279,1.47,2.63
2014.05.30 14:23:01.089,1.36277,1.36279,1.13,2.63
2014.05.30 14:23:01.201,1.36277,1.36279,1.09,2.63
2014.05.30 14:23:01.303,1.36277,1.36279,1.09,2.63
2014.05.30 14:23:01.404,1.36277,1.36279,1.00,2.25
2014.05.30 14:23:01.505,1.36277,1.36279,1.00,2.25
2014.05.30 14:23:01.860,1.36279,1.3628,1.00,3.75
2014.05.30 14:23:02.578,1.3628,1.36282,1.50,5.07
2014.05.30 14:23:02.681,1.36281,1.36282,1.00,1.88
2014.05.30 14:23:03.226,1.36281,1.36283,3.27,3.75
2014.05.30 14:23:04.537,1.36281,1.36284,3.00,8.07
2014.05.30 14:23:04.891,1.36283,1.36284,1.00,1.00
2014.05.30 14:23:05.194,1.36283,1.36284,1.00,1.00
2014.05.30 14:23:05.746,1.36283,1.36286,1.38,7.32
2014.05.30 14:23:06.846,1.36283,1.36285,1.00,1.69
2014.05.30 14:23:07.382,1.36283,1.36286,3.77,5.44
2014.05.30 14:23:07.889,1.36283,1.36286,2.99,9.57
2014.05.30 14:23:08.212,1.36283,1.36285,2.61,1.13
2014.05.30 14:23:08.719,1.36283,1.36284,1.11,2.25
2014.05.30 14:23:09.200,1.36283,1.36284,1.11,2.25
2014.05.30 14:23:09.711,1.36282,1.36284,5.63,1.13
2014.05.30 14:23:10.217,1.36283,1.36284,1.11,1.00
2014.05.30 14:23:10.268,1.36283,1.36284,1.11,1.00
2014.05.30 14:23:10.796,1.36282,1.36284,3.57,1.13
2014.05.30 14:23:12.077,1.36281,1.36283,4.50,2.13
2014.05.30 14:23:12.197,1.36283,1.36284,1.59,1.13
2014.05.30 14:23:12.507,1.36283,1.36284,1.00,1.13
2014.05.30 14:23:13.023,1.36283,1.36284,1.86,1.13
2014.05.30 14:23:13.524,1.36282,1.36284,6.92,1.13
2014.05.30 14:23:14.190,1.36282,1.36283,6.17,1.13
2014.05.30 14:23:14.691,1.36283,1.36284,1.11,1.00
2014.05.30 14:23:16.047,1.36282,1.36284,4.88,2.13
2014.05.30 14:23:16.150,1.36282,1.36284,4.88,1.13
2014.05.30 14:23:18.447,1.36282,1.36283,2.25,7.50
2014.05.30 14:23:19.186,1.3628,1.36282,5.44,2.50
2014.05.30 14:23:19.745,1.3628,1.36281,5.07,1.88
2014.05.30 14:23:20.100,1.36278,1.3628,3.00,1.50
2014.05.30 14:23:20.706,1.36277,1.3628,5.82,6.38
2014.05.30 14:23:22.821,1.36277,1.3628,5.44,3.00
2014.05.30 14:23:25.007,1.36279,1.3628,1.00,6.38
2014.05.30 14:23:25.532,1.36279,1.36281,1.00,5.25
2014.05.30 14:23:26.050,1.3628,1.36282,1.88,1.32
2014.05.30 14:23:26.555,1.36281,1.36283,2.50,1.00
2014.05.30 14:23:27.062,1.36282,1.36283,1.00,2.63
2014.05.30 14:23:27.567,1.36282,1.36283,1.00,2.25
2014.05.30 14:23:28.452,1.36281,1.36282,1.88,1.00
2014.05.30 14:23:30.720,1.36282,1.36284,3.75,4.88
2014.05.30 14:23:30.874,1.36284,1.36286,6.10,6.00
2014.05.30 14:23:30.976,1.36284,1.36286,6.23,3.00
2014.05.30 14:23:31.380,1.36282,1.36285,6.94,3.38
2014.05.30 14:23:31.886,1.36282,1.36284,2.25,6.00
2014.05.30 14:23:37.271,1.36283,1.36284,1.00,4.88
2014.05.30 14:23:37.575,1.36284,1.36286,1.50,7.13
2014.05.30 14:23:37.827,1.36283,1.36284,1.00,1.00
2014.05.30 14:23:38.360,1.36282,1.36284,1.32,2.63
2014.05.30 14:23:39.678,1.36281,1.36283,2.82,1.00
2014.05.30 14:23:39.932,1.36282,1.36284,1.00,6.00
2014.05.30 14:23:40.467,1.36281,1.36283,5.07,1.00
2014.05.30 14:23:40.674,1.3628,1.36282,4.13,4.00
2014.05.30 14:23:40.878,1.36279,1.3628,1.00,3.00
2014.05.30 14:23:41.585,1.36278,1.3628,2.25,4.88
2014.05.30 14:23:45.481,1.36279,1.36281,2.44,3.00
2014.05.30 14:23:45.532,1.36279,1.36282,3.19,7.13
2014.05.30 14:23:49.051,1.3628,1.36281,2.25,1.00
2014.05.30 14:23:49.831,1.36279,1.36281,2.25,1.00
2014.05.30 14:23:49.934,1.36279,1.3628,2.25,1.00
2014.05.30 14:23:50.339,1.36277,1.36278,1.00,4.88
2014.05.30 14:23:50.490,1.36276,1.36278,1.25,6.38
2014.05.30 14:23:52.986,1.36277,1.36278,1.00,1.50
2014.05.30 14:23:54.111,1.36276,1.36278,4.69,1.50
2014.05.30 14:23:57.390,1.36275,1.36276,6.00,1.00
2014.05.30 14:23:57.694,1.36273,1.36275,3.94,1.50
2014.05.30 14:23:58.783,1.36272,1.36274,1.25,3.00
2014.05.30 14:23:59.288,1.36272,1.36273,1.25,1.50
2014.05.30 14:23:59.793,1.36271,1.36273,3.57,1.50
2014.05.30 14:24:02.424,1.36271,1.36273,2.82,1.50
2014.05.30 14:24:03.182,1.36271,1.36274,5.82,3.00
2014.05.30 14:24:03.787,1.36273,1.36274,1.00,1.50
2014.05.30 14:24:04.281,1.36273,1.36274,4.13,1.50
2014.05.30 14:24:04.382,1.36275,1.36276,2.25,1.50
2014.05.30 14:24:04.904,1.36275,1.36277,4.32,1.00
2014.05.30 14:24:06.141,1.36275,1.36278,6.57,3.12
2014.05.30 14:24:08.329,1.36275,1.36278,9.94,3.12
2014.05.30 14:24:10.264,1.36275,1.36278,10.32,3.12
2014.05.30 14:24:16.511,1.36275,1.36278,6.94,3.00
2014.05.30 14:24:19.352,1.36275,1.36278,10.32,3.00
2014.05.30 14:24:20.966,1.36276,1.36278,1.00,2.25
2014.05.30 14:24:22.060,1.36277,1.36278,1.50,2.25
2014.05.30 14:24:24.737,1.36278,1.36279,1.00,3.53
2014.05.30 14:24:25.243,1.36277,1.36278,3.00,1.00
2014.05.30 14:24:25.798,1.36276,1.36278,3.19,1.00
2014.05.30 14:24:29.674,1.36274,1.36278,10.50,3.63
2014.05.30 14:24:29.726,1.36267,1.36276,1.00,6.15
2014.05.30 14:24:30.083,1.3627,1.36271,2.25,1.50
2014.05.30 14:24:30.185,1.36268,1.3627,4.50,1.50
2014.05.30 14:24:30.387,1.3627,1.36271,1.50,2.25
2014.05.30 14:24:30.912,1.36268,1.36271,6.19,3.00
2014.05.30 14:24:32.283,1.3627,1.36272,2.63,4.58
2014.05.30 14:24:32.638,1.36271,1.36272,1.88,1.00
2014.05.30 14:24:32.690,1.36272,1.36276,1.13,12.49
2014.05.30 14:24:32.843,1.36275,1.36277,13.50,1.50
2014.05.30 14:24:32.895,1.36277,1.36278,2.44,1.00
2014.05.30 14:24:40.778,1.36276,1.36278,4.69,1.00
2014.05.30 14:24:44.217,1.36276,1.36278,1.50,1.00
2014.05.30 14:24:45.892,1.36275,1.36277,7.50,1.00
2014.05.30 14:24:49.080,1.36275,1.36278,5.63,4.13
2014.05.30 14:24:55.467,1.36275,1.36277,3.94,1.00
2014.05.30 14:24:55.975,1.36277,1.36278,1.00,1.88
2014.05.30 14:24:56.531,1.36277,1.36279,1.00,3.94
2014.05.30 14:24:58.400,1.36276,1.36279,2.63,4.69
2014.05.30 14:24:59.461,1.36277,1.36279,1.00,4.69
2014.05.30 14:25:02.786,1.36276,1.36279,2.63,3.94
2014.05.30 14:25:04.653,1.36277,1.36279,1.00,3.94
2014.05.30 14:25:07.822,1.36276,1.36279,2.63,4.69
2014.05.30 14:25:08.415,1.36276,1.36278,1.88,1.00
2014.05.30 14:25:08.718,1.36275,1.36276,1.50,1.13
2014.05.30 14:25:09.044,1.36273,1.36274,1.00,1.00
2014.05.30 14:25:09.557,1.36272,1.36275,1.50,6.34
2014.05.30 14:25:10.068,1.36272,1.36274,1.50,1.00
2014.05.30 14:25:10.591,1.36271,1.36273,1.50,2.25
2014.05.30 14:25:14.706,1.36271,1.36272,1.50,1.00
2014.05.30 14:25:15.247,1.3627,1.36272,1.88,1.00
2014.05.30 14:25:15.755,1.36269,1.36271,3.75,1.00
2014.05.30 14:25:16.326,1.3627,1.36271,1.00,1.00
2014.05.30 14:25:16.833,1.36269,1.36271,8.63,1.00
2014.05.30 14:25:17.338,1.36269,1.36271,7.50,2.25
2014.05.30 14:25:18.349,1.36269,1.36271,3.75,1.25
2014.05.30 14:25:19.987,1.36269,1.36272,4.13,4.69
2014.05.30 14:25:20.528,1.36269,1.36271,2.63,1.69
2014.05.30 14:25:23.015,1.3627,1.36271,1.00,1.50
2014.05.30 14:25:24.437,1.36269,1.3627,1.13,1.00
2014.05.30 14:25:24.965,1.36269,1.3627,1.50,1.00
2014.05.30 14:25:33.877,1.36269,1.36271,2.50,2.44
2014.05.30 14:25:34.383,1.3627,1.36271,2.25,1.50
2014.05.30 14:25:34.888,1.36269,1.36271,3.00,2.50
2014.05.30 14:25:35.430,1.36269,1.3627,1.88,1.00
2014.05.30 14:25:36.828,1.3627,1.36271,2.25,3.94
2014.05.30 14:25:36.930,1.3627,1.36272,7.88,1.00
2014.05.30 14:25:38.054,1.36271,1.36272,1.00,1.00
2014.05.30 14:25:38.563,1.36271,1.36273,3.00,1.50
2014.05.30 14:25:39.382,1.36272,1.36273,1.00,1.50
2014.05.30 14:25:39.911,1.36271,1.36273,3.00,1.00
2014.05.30 14:25:40.459,1.36272,1.36273,1.50,1.00
2014.05.30 14:25:43.700,1.36273,1.36274,1.50,3.94
2014.05.30 14:25:44.204,1.36273,1.36274,1.50,3.00
2014.05.30 14:25:46.445,1.36272,1.36274,3.38,3.00
2014.05.30 14:25:47.532,1.36272,1.36273,3.38,1.00
2014.05.30 14:25:50.648,1.36272,1.36274,3.75,3.38
2014.05.30 14:25:52.846,1.36272,1.36273,3.75,1.00
2014.05.30 14:26:01.268,1.36271,1.36273,4.50,1.50
2014.05.30 14:26:03.402,1.36271,1.36273,4.50,1.50
2014.05.30 14:26:03.503,1.36271,1.36273,4.50,1.50
2014.05.30 14:26:03.606,1.36271,1.36273,4.50,1.50
2014.05.30 14:26:03.809,1.36271,1.36273,4.50,1.50
2014.05.30 14:26:03.910,1.36271,1.36272,4.50,1.00
2014.05.30 14:26:04.011,1.36271,1.36272,4.50,1.00
2014.05.30 14:26:04.213,1.36271,1.36272,4.50,1.00
2014.05.30 14:26:04.324,1.36271,1.36272,4.50,1.00
2014.05.30 14:26:04.425,1.36271,1.36272,4.50,1.00
2014.05.30 14:26:04.527,1.36271,1.36272,4.50,1.00
2014.05.30 14:26:04.628,1.36271,1.36272,4.50,1.00
2014.05.30 14:26:04.729,1.36271,1.36272,4.50,1.00
2014.05.30 14:26:04.931,1.36271,1.36272,4.50,1.00
2014.05.30 14:26:05.133,1.36271,1.36272,4.50,1.00
2014.05.30 14:26:05.235,1.36271,1.36272,3.00,1.00
2014.05.30 14:26:05.337,1.36271,1.36272,3.00,1.00
2014.05.30 14:26:05.438,1.36271,1.36272,3.00,1.00
2014.05.30 14:26:05.545,1.36271,1.36272,3.00,1.00
2014.05.30 14:26:05.651,1.36271,1.36272,3.00,1.00
2014.05.30 14:26:05.752,1.36271,1.36272,3.00,1.00
2014.05.30 14:26:05.854,1.36271,1.36272,3.00,1.00
2014.05.30 14:26:05.955,1.36271,1.36272,3.00,1.00
2014.05.30 14:26:06.059,1.36271,1.36272,3.00,1.00
2014.05.30 14:26:06.165,1.36271,1.36272,3.00,1.00
2014.05.30 14:26:06.267,1.36271,1.36272,3.00,1.00
2014.05.30 14:26:06.368,1.36271,1.36272,3.00,1.00
2014.05.30 14:26:06.470,1.36271,1.36272,3.00,1.00
2014.05.30 14:26:06.571,1.36271,1.36272,3.00,1.00
2014.05.30 14:26:06.672,1.36271,1.36272,3.00,1.00
2014.05.30 14:26:06.773,1.36271,1.36272,3.00,1.00
2014.05.30 14:26:06.874,1.36271,1.36272,3.00,1.00
2014.05.30 14:26:06.976,1.36271,1.36272,3.00,1.00
2014.05.30 14:26:07.077,1.36271,1.36272,3.00,1.00
2014.05.30 14:26:07.179,1.36271,1.36272,3.00,1.00
2014.05.30 14:26:07.280,1.36271,1.36272,3.00,1.00
2014.05.30 14:26:07.381,1.36271,1.36272,3.00,1.00
2014.05.30 14:26:07.454,1.36271,1.36272,3.00,1.00
2014.05.30 14:26:07.606,1.36271,1.36272,3.00,1.00
2014.05.30 14:26:07.707,1.36271,1.36272,3.00,1.00
2014.05.30 14:26:07.808,1.36271,1.36272,3.00,1.00
2014.05.30 14:26:07.909,1.36271,1.36272,3.00,1.00
2014.05.30 14:26:08.213,1.36271,1.36272,2.25,1.00
2014.05.30 14:26:08.314,1.36271,1.36272,2.25,1.00
2014.05.30 14:26:08.415,1.36271,1.36272,2.25,1.00
2014.05.30 14:26:08.516,1.36271,1.36272,2.25,1.00
2014.05.30 14:26:08.617,1.36271,1.36272,2.25,1.00
2014.05.30 14:26:08.719,1.36271,1.36272,2.25,1.00
2014.05.30 14:26:08.820,1.36271,1.36272,2.25,1.00
2014.05.30 14:26:08.921,1.36271,1.36272,2.25,1.00
2014.05.30 14:26:09.023,1.36271,1.36272,3.00,1.00
2014.05.30 14:26:09.124,1.36271,1.36272,3.00,1.00
2014.05.30 14:26:09.225,1.36271,1.36272,3.00,1.00
2014.05.30 14:26:09.326,1.36271,1.36272,3.00,1.00
2014.05.30 14:26:09.529,1.36271,1.36272,3.00,1.00
2014.05.30 14:26:09.630,1.36271,1.36272,3.00,1.00
2014.05.30 14:26:09.731,1.36271,1.36272,3.00,1.00
2014.05.30 14:26:09.879,1.36271,1.36272,3.00,1.00
2014.05.30 14:26:09.980,1.36271,1.36272,3.00,1.00
2014.05.30 14:26:10.183,1.36271,1.36272,3.00,1.00
2014.05.30 14:26:10.284,1.36271,1.36272,3.00,1.00
2014.05.30 14:26:10.385,1.36271,1.36272,3.00,1.00
2014.05.30 14:26:10.487,1.36272,1.36273,1.00,1.00
2014.05.30 14:26:10.588,1.36271,1.36273,3.75,1.00
2014.05.30 14:26:10.690,1.36272,1.36273,1.00,1.00
2014.05.30 14:26:10.892,1.36271,1.36273,3.75,1.00
2014.05.30 14:26:10.995,1.36272,1.36273,1.00,1.00
2014.05.30 14:26:11.096,1.36272,1.36273,1.00,1.50
2014.05.30 14:26:11.197,1.36272,1.36273,1.50,1.50
2014.05.30 14:26:11.298,1.36272,1.36273,1.50,1.50
2014.05.30 14:26:11.399,1.36272,1.36273,1.50,1.50
2014.05.30 14:26:11.501,1.36272,1.36273,1.50,1.50
2014.05.30 14:26:11.602,1.36272,1.36273,1.50,1.50
2014.05.30 14:26:11.703,1.36272,1.36273,1.50,1.50
2014.05.30 14:26:11.804,1.36272,1.36273,1.50,1.50
2014.05.30 14:26:12.111,1.36272,1.36273,2.25,1.50
2014.05.30 14:26:12.213,1.36272,1.36275,3.25,7.05
2014.05.30 14:26:12.315,1.36272,1.36273,1.50,1.50
2014.05.30 14:26:12.416,1.36273,1.36275,1.50,7.80
2014.05.30 14:26:12.518,1.36272,1.36273,1.50,1.50
2014.05.30 14:26:12.619,1.36272,1.36273,3.00,1.50
2014.05.30 14:26:12.996,1.36272,1.36273,2.25,1.50
2014.05.30 14:26:13.097,1.36272,1.36273,3.00,1.50
2014.05.30 14:26:13.198,1.36272,1.36273,2.25,1.50
2014.05.30 14:26:13.299,1.36272,1.36273,3.00,1.50
2014.05.30 14:26:13.401,1.36272,1.36273,3.00,1.50
2014.05.30 14:26:13.603,1.36271,1.36273,5.07,1.00
2014.05.30 14:26:13.705,1.36271,1.36273,5.07,1.00
2014.05.30 14:26:13.807,1.36271,1.36273,4.32,1.00
2014.05.30 14:26:13.912,1.36271,1.36273,4.32,1.00
2014.05.30 14:26:14.015,1.36271,1.36273,4.32,1.00
2014.05.30 14:26:14.117,1.36271,1.36273,5.44,1.00
2014.05.30 14:26:14.220,1.36271,1.36273,5.44,1.00
2014.05.30 14:26:14.322,1.36271,1.36273,5.44,1.00
2014.05.30 14:26:14.428,1.36271,1.36273,5.44,1.00
2014.05.30 14:26:14.531,1.36271,1.36273,5.44,1.00
2014.05.30 14:26:14.634,1.36271,1.36273,5.07,1.00
2014.05.30 14:26:14.736,1.36271,1.36273,5.07,1.00
2014.05.30 14:26:15.251,1.36273,1.36275,3.75,3.00
2014.05.30 14:26:15.354,1.36274,1.36275,1.00,1.13
2014.05.30 14:26:15.861,1.36275,1.36277,17.78,1.00
2014.05.30 14:26:16.370,1.36273,1.36275,1.69,4.50
2014.05.30 14:26:16.422,1.36272,1.36275,4.69,5.74
2014.05.30 14:26:16.927,1.36271,1.36274,7.62,1.50
2014.05.30 14:26:16.977,1.36271,1.36276,5.82,10.32
2014.05.30 14:26:17.129,1.36271,1.36275,5.67,5.25
2014.05.30 14:26:17.735,1.36271,1.36275,6.42,5.93
2014.05.30 14:26:17.887,1.36271,1.36273,4.32,1.00
2014.05.30 14:26:18.191,1.36271,1.36272,3.94,1.00
2014.05.30 14:26:18.293,1.36271,1.36272,4.69,1.00
2014.05.30 14:26:18.495,1.36271,1.36274,5.44,1.65
2014.05.30 14:26:19.001,1.36272,1.36275,1.25,5.40
2014.05.30 14:26:19.506,1.36271,1.36274,5.07,1.00
2014.05.30 14:26:20.025,1.36271,1.36274,5.07,1.28
2014.05.30 14:26:20.379,1.36271,1.36274,3.94,2.78
2014.05.30 14:26:20.480,1.36271,1.36272,3.94,1.00
2014.05.30 14:26:20.562,1.36271,1.36272,3.94,1.00
2014.05.30 14:26:20.709,1.36271,1.36272,3.94,1.00
2014.05.30 14:26:20.810,1.36271,1.36273,3.94,1.00
2014.05.30 14:26:20.912,1.36271,1.36274,4.69,2.03
2014.05.30 14:26:22.465,1.36271,1.36274,4.69,1.13
2014.05.30 14:26:22.818,1.36271,1.36273,3.75,1.00
2014.05.30 14:26:22.921,1.3627,1.36272,8.44,1.00
2014.05.30 14:26:22.972,1.3627,1.36272,6.75,2.03
2014.05.30 14:26:23.174,1.36268,1.3627,1.50,2.40
2014.05.30 14:26:23.696,1.36268,1.36269,1.69,1.00
2014.05.30 14:26:23.797,1.36267,1.36269,2.25,1.00
2014.05.30 14:26:23.860,1.36267,1.36269,2.25,1.00
2014.05.30 14:26:24.013,1.36267,1.36269,2.25,1.00
2014.05.30 14:26:24.065,1.36267,1.36269,2.25,1.00
2014.05.30 14:26:24.218,1.36267,1.36269,2.25,1.00
2014.05.30 14:26:24.270,1.36267,1.36269,2.25,1.00
2014.05.30 14:26:24.373,1.36267,1.36269,2.25,1.00
2014.05.30 14:26:24.476,1.36267,1.36268,2.25,1.00
2014.05.30 14:26:24.577,1.36267,1.36268,2.25,1.00
2014.05.30 14:26:24.729,1.36267,1.36268,2.25,1.00
2014.05.30 14:26:24.830,1.36267,1.36268,2.25,1.00
2014.05.30 14:26:24.931,1.36267,1.36268,2.25,1.00
2014.05.30 14:26:25.032,1.36267,1.36268,3.00,1.00
2014.05.30 14:26:25.234,1.36267,1.36268,3.75,1.00
2014.05.30 14:26:25.421,1.36267,1.36268,3.75,1.00
2014.05.30 14:26:25.522,1.36267,1.36268,3.75,1.00
2014.05.30 14:26:25.625,1.36267,1.36268,3.75,1.00
2014.05.30 14:26:25.727,1.36267,1.36268,3.75,1.00
2014.05.30 14:26:25.806,1.36267,1.36268,3.75,1.00
2014.05.30 14:26:25.958,1.36267,1.36268,3.75,1.00
2014.05.30 14:26:26.060,1.36267,1.36268,3.75,1.00
2014.05.30 14:26:26.162,1.36267,1.36268,3.75,1.00
2014.05.30 14:26:26.516,1.36266,1.36268,1.88,1.50
2014.05.30 14:26:26.719,1.36266,1.36268,1.50,2.03
2014.05.30 14:26:26.820,1.36266,1.36268,1.50,2.03
2014.05.30 14:26:26.953,1.36266,1.36268,1.50,2.03
2014.05.30 14:26:27.054,1.36266,1.36268,1.50,2.03
2014.05.30 14:26:27.108,1.36266,1.36268,1.50,2.03
2014.05.30 14:26:27.212,1.36266,1.36268,1.50,2.03
2014.05.30 14:26:27.314,1.36266,1.36268,1.50,2.03
2014.05.30 14:26:27.415,1.36266,1.36268,1.50,2.03
2014.05.30 14:26:27.521,1.36266,1.36268,1.50,2.03
2014.05.30 14:26:27.630,1.36266,1.36268,1.50,2.03
2014.05.30 14:26:27.832,1.36266,1.36268,1.50,2.03
2014.05.30 14:26:27.941,1.36266,1.36268,1.50,2.03
2014.05.30 14:26:28.053,1.36266,1.36268,1.50,2.03
2014.05.30 14:26:28.154,1.36266,1.36268,1.50,2.03
2014.05.30 14:26:28.255,1.36266,1.36268,1.50,2.03
2014.05.30 14:26:28.457,1.36266,1.36268,1.50,2.03
2014.05.30 14:26:28.558,1.36266,1.36268,1.50,2.03
2014.05.30 14:26:28.660,1.36266,1.36268,1.50,2.03
2014.05.30 14:26:28.761,1.36266,1.36268,1.50,2.03
2014.05.30 14:26:28.885,1.36266,1.36268,1.50,2.03
2014.05.30 14:26:28.954,1.36266,1.36268,1.50,2.03
2014.05.30 14:26:29.171,1.36266,1.36268,1.50,2.97
2014.05.30 14:26:29.222,1.36266,1.36267,1.50,1.00
2014.05.30 14:26:29.528,1.36257,1.3626,1.00,16.88
2014.05.30 14:26:29.836,1.36253,1.36256,3.00,13.66
2014.05.30 14:26:29.951,1.36252,1.36255,2.50,12.00
2014.05.30 14:26:30.106,1.36251,1.36253,1.35,4.69
2014.05.30 14:26:32.322,1.36252,1.36253,1.00,1.00
2014.05.30 14:26:32.826,1.36252,1.36254,2.07,1.00
2014.05.30 14:26:35.383,1.36253,1.36255,1.68,5.25
2014.05.30 14:26:35.888,1.36254,1.36255,4.92,1.50
2014.05.30 14:26:36.336,1.36252,1.36254,6.75,2.63
2014.05.30 14:26:36.439,1.36252,1.36253,2.25,1.50
2014.05.30 14:26:36.792,1.3625,1.36252,4.88,1.00
2014.05.30 14:26:37.769,1.3625,1.36252,5.25,1.00
2014.05.30 14:26:37.871,1.3625,1.36251,5.25,1.13
2014.05.30 14:26:38.398,1.3625,1.36251,2.25,1.50
2014.05.30 14:26:41.189,1.36249,1.36251,3.19,1.50
2014.05.30 14:26:41.392,1.36249,1.36251,1.13,2.44
2014.05.30 14:26:43.602,1.36248,1.3625,6.00,2.50
2014.05.30 14:26:43.905,1.36248,1.3625,2.25,4.50
2014.05.30 14:26:45.951,1.36249,1.36251,2.50,1.00
2014.05.30 14:26:46.254,1.36248,1.3625,7.32,1.00
2014.05.30 14:26:46.557,1.36247,1.36249,5.44,1.00
2014.05.30 14:26:47.060,1.36247,1.36249,1.50,1.00
2014.05.30 14:26:47.552,1.36245,1.36249,17.67,2.69
2014.05.30 14:26:47.704,1.36245,1.36247,11.10,3.38
2014.05.30 14:26:47.756,1.36243,1.36245,1.00,2.88
2014.05.30 14:26:48.059,1.36242,1.36244,1.50,3.00
2014.05.30 14:26:49.308,1.36242,1.36244,1.50,1.50
2014.05.30 14:26:49.868,1.36244,1.36246,2.63,5.25
2014.05.30 14:26:50.174,1.36246,1.36247,2.25,1.00
2014.05.30 14:26:50.326,1.36246,1.36247,1.88,1.00
2014.05.30 14:26:51.692,1.36244,1.36246,6.00,3.00
2014.05.30 14:26:51.793,1.36243,1.36244,2.25,1.00
2014.05.30 14:26:52.197,1.36241,1.36244,5.44,3.00
2014.05.30 14:26:52.803,1.36241,1.36244,6.30,3.00
2014.05.30 14:26:53.317,1.36241,1.36244,6.94,3.00
2014.05.30 14:26:53.822,1.36241,1.36244,6.30,3.00
2014.05.30 14:26:59.181,1.36243,1.36244,1.00,2.25
2014.05.30 14:26:59.231,1.36243,1.36246,9.00,9.57
2014.05.30 14:26:59.585,1.36246,1.36247,1.88,1.00
2014.05.30 14:26:59.990,1.36247,1.36249,1.50,2.25
2014.05.30 14:27:00.700,1.36247,1.3625,3.75,5.07
2014.05.30 14:27:01.908,1.36247,1.36249,3.00,1.00
2014.05.30 14:27:05.534,1.36248,1.36249,1.00,1.50
2014.05.30 14:27:08.515,1.36249,1.36251,1.00,8.82
2014.05.30 14:27:11.343,1.36249,1.36251,3.25,1.13
2014.05.30 14:27:11.395,1.3625,1.36251,2.25,1.00
2014.05.30 14:27:11.497,1.3625,1.36253,4.69,3.75
2014.05.30 14:27:12.002,1.36251,1.36253,1.50,1.00
2014.05.30 14:27:12.908,1.36251,1.36254,1.50,5.82
2014.05.30 14:27:13.862,1.36251,1.36254,2.29,4.88
2014.05.30 14:27:13.913,1.36254,1.36255,1.13,2.63
2014.05.30 14:27:14.032,1.36255,1.36256,1.13,1.50
2014.05.30 14:27:14.540,1.36255,1.36257,2.25,1.50
2014.05.30 14:27:16.062,1.36254,1.36256,4.69,1.00
2014.05.30 14:27:17.349,1.36252,1.36255,5.44,6.00
2014.05.30 14:27:17.602,1.36252,1.36253,1.00,1.00
2014.05.30 14:27:18.107,1.36251,1.36253,2.07,2.25
2014.05.30 14:27:20.301,1.36251,1.36252,2.25,1.50
2014.05.30 14:27:20.807,1.3625,1.36251,1.00,1.50
2014.05.30 14:27:21.312,1.36249,1.36251,3.49,1.50
2014.05.30 14:27:23.913,1.36249,1.36252,6.12,1.50
2014.05.30 14:27:25.540,1.36249,1.36251,4.99,1.00
2014.05.30 14:27:26.046,1.36247,1.3625,7.50,1.50
2014.05.30 14:27:27.372,1.36249,1.36251,2.07,3.00
2014.05.30 14:27:27.877,1.36249,1.36252,4.69,2.25
2014.05.30 14:27:28.428,1.36249,1.3625,6.38,1.00
2014.05.30 14:27:28.934,1.36249,1.36251,3.19,1.50
2014.05.30 14:27:30.855,1.3625,1.36251,1.00,1.00
2014.05.30 14:27:31.401,1.3625,1.36252,1.50,1.00
2014.05.30 14:27:38.727,1.36251,1.36252,1.00,1.00
2014.05.30 14:27:39.232,1.36252,1.36253,1.00,1.35
2014.05.30 14:27:39.756,1.36251,1.36252,3.75,1.00
2014.05.30 14:27:42.231,1.3625,1.36252,6.94,1.00
2014.05.30 14:27:44.273,1.3625,1.36251,1.13,1.00
2014.05.30 14:27:44.829,1.36251,1.36252,1.00,1.50
2014.05.30 14:27:45.355,1.3625,1.36252,4.69,1.50
2014.05.30 14:27:45.971,1.36251,1.36252,1.00,1.00
2014.05.30 14:27:47.548,1.3625,1.36252,7.32,1.00
2014.05.30 14:27:48.776,1.3625,1.36253,8.25,3.75
2014.05.30 14:27:50.964,1.36251,1.36253,1.00,3.00
2014.05.30 14:27:52.884,1.36251,1.36253,6.57,2.25
2014.05.30 14:27:53.394,1.36251,1.36253,7.88,2.25
2014.05.30 14:27:54.931,1.36251,1.36252,2.44,1.00
2014.05.30 14:28:00.950,1.3625,1.36252,4.92,1.00
2014.05.30 14:28:01.493,1.3625,1.36252,3.94,2.25
2014.05.30 14:28:06.936,1.36251,1.36253,1.69,5.63
2014.05.30 14:28:07.239,1.36253,1.36255,2.44,1.13
2014.05.30 14:28:07.467,1.36256,1.36258,1.84,3.00
2014.05.30 14:28:08.547,1.36256,1.36258,4.84,1.00
2014.05.30 14:28:09.086,1.36256,1.36259,4.47,2.25
2014.05.30 14:28:09.634,1.36256,1.36259,6.34,2.25
2014.05.30 14:28:09.785,1.36259,1.3626,1.20,4.28
2014.05.30 14:28:10.303,1.36259,1.36261,3.40,2.25
2014.05.30 14:28:10.506,1.36258,1.3626,1.25,3.75
2014.05.30 14:28:11.178,1.36259,1.36261,1.00,3.00
2014.05.30 14:28:11.483,1.36257,1.3626,12.49,2.25
2014.05.30 14:28:13.199,1.36258,1.3626,1.00,1.50
2014.05.30 14:28:13.251,1.36259,1.36261,1.00,3.57
2014.05.30 14:28:13.758,1.3626,1.36261,1.00,1.50
2014.05.30 14:28:14.112,1.36258,1.3626,4.50,3.00
2014.05.30 14:28:14.625,1.36259,1.3626,1.00,1.50
2014.05.30 14:28:15.041,1.36259,1.3626,5.82,1.50
2014.05.30 14:28:15.143,1.36261,1.36263,1.00,7.50
2014.05.30 14:28:15.647,1.36261,1.36263,1.00,6.75
2014.05.30 14:28:17.121,1.3626,1.36263,6.77,6.00
2014.05.30 14:28:17.670,1.36261,1.36263,1.00,6.75
2014.05.30 14:28:18.441,1.3626,1.36262,7.52,1.00
2014.05.30 14:28:18.643,1.3626,1.36262,7.52,1.00
2014.05.30 14:28:19.249,1.36261,1.36262,1.50,1.00
2014.05.30 14:28:19.759,1.36262,1.36263,1.00,1.50
2014.05.30 14:28:20.265,1.36261,1.36263,2.44,1.50
2014.05.30 14:28:20.822,1.36263,1.36265,1.50,4.50
2014.05.30 14:28:21.229,1.36266,1.36267,1.50,1.00
