2018.04.20 11:00:00.106,1.23025,1.23028,1.12,3.06
2018.04.20 11:00:00.644,1.23025,1.23029,3.45,2.32
2018.04.20 11:00:01.233,1.23025,1.23028,1.10,1.00
2018.04.20 11:00:01.544,1.23024,1.23026,2.17,1.50
2018.04.20 11:00:01.752,1.23021,1.23025,6.45,1.95
2018.04.20 11:00:01.856,1.23021,1.23023,5.32,1.00
2018.04.20 11:00:02.194,1.2302,1.23024,1.57,3.07
2018.04.20 11:00:03.410,1.2302,1.23023,2.70,1.00
2018.04.20 11:00:03.725,1.23022,1.23025,3.07,2.14
2018.04.20 11:00:03.941,1.23025,1.2303,3.45,7.20
2018.04.20 11:00:04.454,1.23025,1.23028,1.00,1.10
2018.04.20 11:00:04.612,1.23025,1.23026,1.00,1.10
2018.04.20 11:00:05.066,1.23024,1.23028,1.20,4.55
2018.04.20 11:00:05.222,1.23024,1.23027,1.20,1.95
2018.04.20 11:00:05.877,1.23024,1.23027,2.32,2.32
2018.04.20 11:00:06.397,1.23025,1.23029,6.86,1.10
2018.04.20 11:00:06.938,1.23025,1.23028,1.12,1.57
2018.04.20 11:00:07.456,1.23025,1.23029,11.70,2.70
2018.04.20 11:00:07.969,1.23025,1.23029,10.39,1.20
2018.04.20 11:00:08.916,1.23026,1.2303,4.87,1.95
2018.04.20 11:00:09.176,1.23025,1.23028,7.18,1.00
2018.04.20 11:00:09.436,1.23025,1.23027,5.87,1.00
2018.04.20 11:00:09.549,1.23023,1.23025,1.12,1.00
2018.04.20 11:00:10.423,1.23022,1.23024,4.76,1.00
2018.04.20 11:00:10.960,1.23022,1.23024,4.57,1.00
2018.04.20 11:00:11.117,1.23022,1.23026,4.57,1.20
2018.04.20 11:00:11.277,1.23021,1.23024,11.89,1.00
2018.04.20 11:00:11.434,1.23021,1.23023,1.25,1.00
2018.04.20 11:00:12.192,1.2302,1.23023,4.76,1.00
2018.04.20 11:00:12.582,1.23022,1.23023,1.00,1.00
2018.04.20 11:00:13.577,1.2302,1.23023,1.95,1.00
2018.04.20 11:00:13.687,1.23019,1.23022,3.07,1.20
2018.04.20 11:00:14.002,1.23019,1.23022,1.50,1.10
2018.04.20 11:00:14.528,1.23019,1.23022,2.25,1.10
2018.04.20 11:00:15.343,1.2302,1.23022,1.69,1.20
2018.04.20 11:00:16.038,1.23018,1.23022,11.89,5.70
2018.04.20 11:00:16.346,1.23014,1.23017,1.57,1.00
2018.04.20 11:00:17.219,1.23015,1.23017,1.31,1.00
2018.04.20 11:00:17.740,1.23015,1.23017,1.31,1.00
2018.04.20 11:00:18.668,1.23015,1.23018,1.69,2.51
2018.04.20 11:00:19.188,1.23015,1.23018,2.81,1.57
2018.04.20 11:00:19.936,1.23014,1.23017,1.34,1.10
2018.04.20 11:00:21.155,1.23013,1.23017,7.99,1.10
2018.04.20 11:00:21.682,1.23013,1.23017,3.64,1.10
2018.04.20 11:00:23.188,1.23013,1.23017,5.32,1.20
2018.04.20 11:00:23.796,1.23013,1.23016,2.32,1.00
2018.04.20 11:00:24.420,1.23011,1.23015,7.61,1.00
2018.04.20 11:00:24.951,1.23013,1.23014,1.00,3.00
2018.04.20 11:00:25.533,1.23013,1.23015,2.70,1.00
2018.04.20 11:00:26.453,1.23013,1.23017,8.51,1.50
2018.04.20 11:00:26.998,1.23014,1.23017,1.33,1.50
2018.04.20 11:00:27.154,1.23013,1.23015,3.64,1.00
2018.04.20 11:00:27.314,1.23009,1.23011,1.12,1.10
2018.04.20 11:00:27.418,1.23007,1.23011,2.32,1.10
2018.04.20 11:00:28.242,1.23008,1.23011,1.00,2.32
2018.04.20 11:00:28.672,1.2301,1.23013,2.44,1.57
2018.04.20 11:00:29.197,1.23009,1.23013,5.14,1.10
2018.04.20 11:00:29.719,1.2301,1.23013,1.50,1.95
2018.04.20 11:00:30.627,1.23009,1.23013,2.89,1.47
2018.04.20 11:00:30.945,1.23012,1.23014,1.76,1.00
2018.04.20 11:00:31.256,1.23014,1.23016,1.00,2.89
2018.04.20 11:00:31.563,1.23012,1.23014,5.70,1.00
2018.04.20 11:00:31.615,1.23012,1.23016,3.45,4.76
2018.04.20 11:00:31.921,1.23012,1.23016,7.01,1.01
2018.04.20 11:00:32.126,1.23012,1.23016,6.26,1.01
2018.04.20 11:00:32.839,1.23012,1.23014,5.51,1.00
2018.04.20 11:00:33.150,1.23009,1.23011,1.76,1.10
2018.04.20 11:00:35.475,1.23008,1.23011,1.76,1.00
2018.04.20 11:00:36.076,1.23008,1.23011,1.57,1.20
2018.04.20 11:00:36.825,1.23008,1.23011,2.32,2.70
2018.04.20 11:00:37.366,1.23005,1.23007,1.12,2.44
2018.04.20 11:00:37.682,1.22999,1.23002,1.57,1.07
2018.04.20 11:00:37.994,1.23,1.23004,3.08,4.39
2018.04.20 11:00:38.523,1.23001,1.23005,3.37,2.32
2018.04.20 11:00:38.629,1.23003,1.23007,1.31,2.14
2018.04.20 11:00:39.704,1.23003,1.23007,1.19,4.20
2018.04.20 11:00:39.911,1.23002,1.23004,4.76,1.00
2018.04.20 11:00:40.229,1.22998,1.23002,1.20,2.51
2018.04.20 11:00:40.533,1.23003,1.23005,1.00,1.00
2018.04.20 11:00:40.846,1.23003,1.23006,1.39,2.51
2018.04.20 11:00:41.429,1.23003,1.23005,1.39,1.10
2018.04.20 11:00:42.122,1.23003,1.23005,1.01,1.10
2018.04.20 11:00:42.898,1.23003,1.23007,6.82,3.45
2018.04.20 11:00:43.431,1.23003,1.23007,2.51,2.32
2018.04.20 11:00:43.847,1.23003,1.23005,1.87,1.00
2018.04.20 11:00:44.386,1.23003,1.23005,1.00,1.20
2018.04.20 11:00:44.889,1.23003,1.23006,7.20,3.07
2018.04.20 11:00:45.205,1.23006,1.23009,1.47,1.00
2018.04.20 11:00:45.578,1.23005,1.23008,1.95,1.00
2018.04.20 11:00:46.096,1.23004,1.23008,3.64,7.95
2018.04.20 11:00:46.620,1.23005,1.23009,2.51,2.14
2018.04.20 11:00:47.648,1.23005,1.23007,1.00,1.00
2018.04.20 11:00:48.737,1.23004,1.23008,4.57,2.70
2018.04.20 11:00:49.852,1.23004,1.23008,1.95,1.95
2018.04.20 11:00:50.395,1.23004,1.23008,1.10,4.76
2018.04.20 11:00:50.604,1.23005,1.23007,1.19,1.00
2018.04.20 11:00:51.126,1.23006,1.23008,1.50,1.00
2018.04.20 11:00:51.464,1.23008,1.2301,1.00,3.07
2018.04.20 11:00:51.995,1.23008,1.23011,1.10,5.70
2018.04.20 11:00:52.556,1.23007,1.2301,4.20,1.00
2018.04.20 11:00:53.070,1.23006,1.2301,4.20,1.01
2018.04.20 11:00:53.579,1.23006,1.2301,7.95,1.69
2018.04.20 11:00:53.930,1.23009,1.23011,1.00,3.00
2018.04.20 11:00:54.469,1.23007,1.23011,7.01,3.94
2018.04.20 11:00:55.001,1.23007,1.23011,3.26,1.31
2018.04.20 11:00:56.502,1.23008,1.23011,1.20,2.44
2018.04.20 11:00:57.676,1.23007,1.23011,6.06,2.06
2018.04.20 11:00:59.912,1.23007,1.23009,1.20,1.50
2018.04.20 11:01:01.159,1.23007,1.23009,1.95,1.47
2018.04.20 11:01:01.917,1.23007,1.23009,1.20,2.70
2018.04.20 11:01:02.230,1.23009,1.23011,1.57,1.00
2018.04.20 11:01:02.563,1.2301,1.23013,3.07,3.07
2018.04.20 11:01:04.983,1.23012,1.23013,2.44,1.10
2018.04.20 11:01:05.086,1.23013,1.23015,1.25,1.00
2018.04.20 11:01:05.747,1.23013,1.23017,1.01,7.39
2018.04.20 11:01:06.276,1.23013,1.23016,1.01,1.00
2018.04.20 11:01:06.817,1.23013,1.23017,1.39,1.95
2018.04.20 11:01:07.362,1.23013,1.23016,2.14,1.00
2018.04.20 11:01:07.718,1.23011,1.23015,3.82,4.87
2018.04.20 11:01:07.771,1.2301,1.23013,1.00,4.01
2018.04.20 11:01:13.016,1.23013,1.23014,1.00,3.45
2018.04.20 11:01:13.068,1.23015,1.23017,1.50,1.12
2018.04.20 11:01:13.121,1.23017,1.23018,4.12,1.10
2018.04.20 11:01:13.410,1.23022,1.23024,1.20,1.00
2018.04.20 11:01:13.569,1.23024,1.23026,1.50,1.50
2018.04.20 11:01:13.822,1.23023,1.23027,3.45,4.12
2018.04.20 11:01:14.350,1.23024,1.23027,1.20,5.32
2018.04.20 11:01:14.885,1.23023,1.23027,2.32,1.50
2018.04.20 11:01:15.401,1.23023,1.23027,3.07,3.07
2018.04.20 11:01:15.717,1.23024,1.23027,1.20,1.57
2018.04.20 11:01:17.111,1.23023,1.23025,1.95,1.00
2018.04.20 11:01:17.216,1.23021,1.23024,4.57,1.12
2018.04.20 11:01:17.474,1.23022,1.23025,1.20,5.70
2018.04.20 11:01:17.583,1.23023,1.23027,1.20,3.07
2018.04.20 11:01:19.442,1.23023,1.23026,2.70,1.00
2018.04.20 11:01:19.959,1.23023,1.23027,1.20,1.57
2018.04.20 11:01:20.491,1.23023,1.23027,1.95,1.50
2018.04.20 11:01:21.576,1.23025,1.23027,1.20,1.20
2018.04.20 11:01:22.638,1.23024,1.23027,1.45,5.14
2018.04.20 11:01:23.181,1.23024,1.23027,1.20,5.25
2018.04.20 11:01:25.907,1.23024,1.23028,5.70,4.76
2018.04.20 11:01:26.171,1.23026,1.23028,1.95,1.57
2018.04.20 11:01:26.701,1.23024,1.23028,8.51,3.75
2018.04.20 11:01:27.168,1.23022,1.23024,7.20,4.50
2018.04.20 11:01:27.453,1.23018,1.2302,3.45,1.00
2018.04.20 11:01:27.976,1.23018,1.2302,1.95,3.19
2018.04.20 11:01:28.510,1.23017,1.23019,1.45,2.06
2018.04.20 11:01:28.667,1.23016,1.23018,1.10,3.75
2018.04.20 11:01:28.930,1.23016,1.23019,2.70,4.50
2018.04.20 11:01:29.097,1.23018,1.2302,1.00,4.31
2018.04.20 11:01:29.644,1.23018,1.2302,1.20,2.44
2018.04.20 11:01:30.148,1.23018,1.2302,1.95,2.06
2018.04.20 11:01:31.725,1.23018,1.2302,1.20,1.12
2018.04.20 11:01:32.277,1.23018,1.23021,1.45,4.95
2018.04.20 11:01:33.026,1.2302,1.23021,1.20,2.62
2018.04.20 11:01:34.050,1.2302,1.23021,1.20,1.12
2018.04.20 11:01:38.139,1.23019,1.23022,1.70,4.76
2018.04.20 11:01:38.483,1.23021,1.23024,2.14,2.44
2018.04.20 11:01:38.798,1.23024,1.23027,1.20,5.06
2018.04.20 11:01:40.123,1.23023,1.23026,1.20,3.19
2018.04.20 11:01:40.455,1.23022,1.23026,8.92,3.56
2018.04.20 11:01:42.735,1.23023,1.23025,1.20,1.69
2018.04.20 11:01:43.326,1.23023,1.23025,1.45,1.69
2018.04.20 11:01:45.112,1.23022,1.23025,1.00,3.07
2018.04.20 11:01:45.307,1.23019,1.23021,4.12,1.87
2018.04.20 11:01:45.464,1.23015,1.23019,3.82,3.82
2018.04.20 11:01:45.568,1.23014,1.23016,1.10,2.25
2018.04.20 11:01:45.673,1.23011,1.23014,3.45,1.87
2018.04.20 11:01:46.196,1.23011,1.23014,1.20,1.12
2018.04.20 11:01:46.249,1.23011,1.23014,2.17,1.87
2018.04.20 11:01:46.759,1.2301,1.23014,1.99,1.57
2018.04.20 11:01:47.056,1.23009,1.23011,1.12,2.70
2018.04.20 11:01:47.369,1.23009,1.2301,1.00,1.10
2018.04.20 11:01:48.055,1.23009,1.23011,1.10,1.20
2018.04.20 11:01:50.224,1.23008,1.23011,1.19,1.57
2018.04.20 11:01:50.277,1.23007,1.23011,1.58,2.32
2018.04.20 11:01:50.329,1.23007,1.2301,1.45,1.12
2018.04.20 11:01:50.850,1.23007,1.2301,1.25,2.32
2018.04.20 11:01:51.056,1.23009,1.2301,1.00,1.87
2018.04.20 11:01:51.574,1.23007,1.23011,5.89,3.64
2018.04.20 11:01:53.842,1.23006,1.23009,3.07,5.25
2018.04.20 11:01:53.895,1.23004,1.23007,3.82,1.10
2018.04.20 11:01:53.999,1.23003,1.23007,3.45,2.70
2018.04.20 11:01:54.433,1.23002,1.23004,3.07,3.37
2018.04.20 11:01:54.750,1.23004,1.23007,1.29,3.07
2018.04.20 11:01:55.160,1.23006,1.23008,1.00,1.50
2018.04.20 11:01:55.859,1.23004,1.23008,10.61,1.00
2018.04.20 11:01:56.387,1.23005,1.23008,2.70,1.00
2018.04.20 11:02:02.270,1.23005,1.23007,1.20,4.54
2018.04.20 11:02:02.373,1.23002,1.23005,4.57,1.01
2018.04.20 11:02:02.911,1.23003,1.23006,3.83,1.00
2018.04.20 11:02:04.027,1.23004,1.23007,1.33,1.95
2018.04.20 11:02:04.538,1.23004,1.23007,1.10,1.50
2018.04.20 11:02:05.061,1.23004,1.23007,1.95,1.10
2018.04.20 11:02:05.776,1.23004,1.23007,1.95,2.14
2018.04.20 11:02:08.995,1.23002,1.23004,3.45,1.00
2018.04.20 11:02:09.101,1.23,1.23003,2.89,1.50
2018.04.20 11:02:09.153,1.23,1.23003,2.32,1.50
2018.04.20 11:02:09.312,1.22999,1.23003,2.32,2.51
2018.04.20 11:02:09.861,1.22999,1.23002,1.39,1.39
2018.04.20 11:02:10.359,1.23002,1.23005,2.51,1.24
2018.04.20 11:02:10.412,1.23003,1.23006,1.05,2.32
2018.04.20 11:02:11.009,1.23003,1.23006,2.36,2.70
2018.04.20 11:02:11.510,1.23001,1.23004,1.00,1.95
2018.04.20 11:02:11.624,1.23002,1.23005,1.85,1.10
2018.04.20 11:02:12.138,1.23002,1.23006,4.03,1.12
2018.04.20 11:02:12.875,1.23002,1.23005,1.39,1.87
2018.04.20 11:02:12.979,1.23001,1.23004,1.50,1.95
2018.04.20 11:02:15.134,1.23,1.23003,1.39,1.20
2018.04.20 11:02:15.290,1.22999,1.23001,1.20,1.25
2018.04.20 11:02:15.447,1.22998,1.23002,1.57,4.01
2018.04.20 11:02:15.984,1.22998,1.23,1.76,1.12
2018.04.20 11:02:16.892,1.22998,1.23,1.29,1.00
2018.04.20 11:02:17.422,1.22998,1.23,1.01,1.00
2018.04.20 11:02:18.382,1.22998,1.23,1.29,1.00
2018.04.20 11:02:19.010,1.22998,1.23,1.57,1.00
2018.04.20 11:02:25.374,1.22997,1.22998,2.70,1.12
2018.04.20 11:02:25.426,1.22994,1.22998,3.07,4.31
2018.04.20 11:02:25.530,1.22993,1.22997,3.64,1.39
2018.04.20 11:02:26.039,1.22994,1.22997,1.12,1.95
2018.04.20 11:02:28.920,1.22993,1.22997,2.32,1.20
2018.04.20 11:02:29.246,1.22988,1.2299,1.57,1.00
2018.04.20 11:02:29.811,1.22988,1.2299,1.76,2.06
2018.04.20 11:02:30.264,1.22989,1.22992,1.19,5.14
2018.04.20 11:02:30.889,1.22989,1.22992,1.50,4.20
2018.04.20 11:02:31.402,1.22989,1.22992,2.14,3.07
2018.04.20 11:02:31.816,1.22991,1.22993,1.29,3.26
2018.04.20 11:02:32.361,1.22994,1.22995,1.76,1.00
2018.04.20 11:02:32.777,1.22992,1.22993,1.57,1.00
2018.04.20 11:02:33.038,1.22989,1.22992,1.01,3.56
2018.04.20 11:02:33.995,1.22989,1.22992,1.29,5.06
2018.04.20 11:02:34.151,1.22988,1.22991,1.01,1.00
2018.04.20 11:02:34.626,1.22988,1.22991,3.11,1.69
2018.04.20 11:02:34.782,1.22989,1.22993,5.33,3.82
2018.04.20 11:02:35.325,1.22991,1.22993,1.00,2.44
2018.04.20 11:02:35.538,1.2299,1.22993,1.58,2.25
2018.04.20 11:02:36.321,1.2299,1.22993,1.76,2.44
2018.04.20 11:02:36.841,1.2299,1.22993,2.51,1.50
2018.04.20 11:02:37.722,1.2299,1.22993,2.51,2.44
2018.04.20 11:02:38.251,1.22991,1.22994,1.25,2.70
2018.04.20 11:02:38.771,1.22991,1.22993,2.51,1.00
2018.04.20 11:02:39.374,1.22991,1.22993,1.00,1.69
2018.04.20 11:02:40.122,1.22991,1.22992,1.00,1.00
2018.04.20 11:02:42.278,1.22991,1.22993,1.01,1.10
2018.04.20 11:02:42.814,1.22991,1.22993,1.29,1.10
2018.04.20 11:02:44.548,1.22991,1.22993,1.01,1.10
2018.04.20 11:02:49.937,1.22992,1.22994,1.76,2.51
2018.04.20 11:02:49.990,1.22991,1.22992,1.20,1.50
2018.04.20 11:02:50.043,1.22989,1.22993,4.76,3.00
2018.04.20 11:02:50.195,1.22991,1.22993,1.19,1.50
2018.04.20 11:02:50.247,1.22992,1.22995,2.44,4.95
2018.04.20 11:02:50.708,1.22993,1.22996,1.76,2.81
2018.04.20 11:02:51.233,1.22994,1.22997,1.20,3.45
2018.04.20 11:02:51.390,1.23,1.23002,1.00,2.25
2018.04.20 11:02:51.934,1.23,1.23003,1.57,1.87
2018.04.20 11:02:53.280,1.23,1.23003,1.95,1.57
2018.04.20 11:02:53.720,1.23003,1.23005,3.22,5.14
2018.04.20 11:02:53.827,1.23005,1.23006,1.00,1.00
2018.04.20 11:02:54.038,1.23002,1.23006,2.32,3.37
2018.04.20 11:02:54.632,1.23005,1.23006,3.00,1.10
2018.04.20 11:02:55.169,1.23004,1.23006,1.00,2.62
2018.04.20 11:02:55.899,1.23003,1.23004,1.00,1.00
2018.04.20 11:02:56.003,1.23001,1.23003,1.10,1.76
2018.04.20 11:02:56.055,1.23002,1.23005,3.94,2.51
2018.04.20 11:02:56.106,1.23006,1.23008,1.00,2.70
2018.04.20 11:02:56.656,1.23006,1.23008,1.00,1.00
2018.04.20 11:02:57.183,1.23006,1.23008,1.20,1.00
2018.04.20 11:02:57.589,1.23004,1.23007,1.57,2.70
2018.04.20 11:02:57.744,1.23002,1.23004,1.20,1.00
2018.04.20 11:02:57.954,1.23004,1.23007,1.01,1.12
2018.04.20 11:02:59.449,1.23004,1.23008,1.39,1.76
2018.04.20 11:02:59.984,1.23004,1.23008,1.39,1.57
2018.04.20 11:03:00.488,1.23004,1.23008,1.29,1.95
2018.04.20 11:03:01.012,1.23006,1.23008,1.00,1.87
2018.04.20 11:03:02.342,1.23005,1.23007,1.57,1.00
2018.04.20 11:03:02.394,1.23003,1.23007,3.82,5.70
2018.04.20 11:03:03.789,1.23003,1.23007,3.64,3.75
2018.04.20 11:03:04.368,1.23003,1.23007,1.10,3.26
2018.04.20 11:03:04.693,1.23001,1.23003,7.52,1.69
2018.04.20 11:03:04.746,1.23,1.23001,1.12,1.00
2018.04.20 11:03:04.934,1.23001,1.23003,2.57,6.26
2018.04.20 11:03:04.987,1.23003,1.23006,1.10,1.87
2018.04.20 11:03:05.406,1.23002,1.23005,1.95,3.45
2018.04.20 11:03:05.755,1.22999,1.23003,2.14,3.45
2018.04.20 11:03:07.945,1.22999,1.23003,1.25,8.55
2018.04.20 11:03:08.727,1.22998,1.23002,2.32,2.92
2018.04.20 11:03:08.780,1.22996,1.22998,10.20,1.00
2018.04.20 11:03:09.093,1.22998,1.23,1.20,1.12
2018.04.20 11:03:09.601,1.22998,1.23,4.76,2.06
2018.04.20 11:03:10.117,1.22999,1.23001,1.00,3.19
2018.04.20 11:03:10.710,1.22998,1.23002,1.50,7.39
2018.04.20 11:03:12.935,1.22997,1.22998,1.10,1.00
2018.04.20 11:03:13.041,1.22995,1.22998,1.00,2.32
2018.04.20 11:03:13.093,1.22994,1.22997,3.26,1.47
2018.04.20 11:03:13.524,1.22992,1.22996,5.14,2.55
2018.04.20 11:03:15.745,1.22992,1.22995,4.01,2.06
2018.04.20 11:03:15.851,1.22985,1.22986,3.07,1.00
2018.04.20 11:03:15.956,1.22983,1.22985,2.51,1.20
2018.04.20 11:03:16.013,1.22984,1.22986,1.00,1.20
2018.04.20 11:03:17.022,1.22985,1.22987,1.00,2.70
2018.04.20 11:03:17.866,1.22983,1.22987,2.14,3.45
2018.04.20 11:03:18.556,1.22983,1.22987,4.39,3.45
2018.04.20 11:03:19.475,1.22983,1.22987,2.14,1.95
2018.04.20 11:03:19.921,1.22983,1.22985,2.70,1.00
2018.04.20 11:03:20.455,1.22983,1.22987,1.10,3.67
2018.04.20 11:03:20.820,1.22983,1.22987,1.95,1.80
2018.04.20 11:03:20.873,1.22985,1.22987,1.00,2.70
2018.04.20 11:03:21.133,1.22983,1.22987,5.32,4.20
2018.04.20 11:03:21.821,1.22983,1.22986,5.32,1.50
2018.04.20 11:03:22.826,1.22983,1.22986,1.10,2.32
2018.04.20 11:03:23.338,1.22983,1.22987,1.01,3.26
2018.04.20 11:03:23.889,1.22983,1.22987,1.29,3.26
2018.04.20 11:03:24.556,1.22983,1.22987,1.01,3.26
2018.04.20 11:03:27.359,1.22983,1.22987,1.29,1.57
2018.04.20 11:03:29.347,1.22983,1.22987,1.20,5.32
2018.04.20 11:03:31.777,1.22983,1.22987,1.39,7.20
2018.04.20 11:03:35.131,1.22983,1.22986,1.25,1.80
2018.04.20 11:03:35.938,1.22983,1.22987,2.25,7.24
2018.04.20 11:03:36.452,1.22983,1.22986,1.95,1.12
2018.04.20 11:03:37.071,1.22983,1.22986,1.20,1.07
2018.04.20 11:03:37.176,1.2298,1.22982,5.89,4.79
2018.04.20 11:03:37.386,1.22976,1.22978,1.31,1.00
2018.04.20 11:03:37.754,1.22975,1.22977,1.00,2.89
2018.04.20 11:03:38.273,1.22975,1.22977,1.00,1.57
2018.04.20 11:03:38.606,1.22973,1.22975,2.14,1.00
2018.04.20 11:03:39.242,1.22975,1.22976,1.00,1.10
2018.04.20 11:03:39.504,1.22975,1.22977,1.12,1.39
2018.04.20 11:03:40.007,1.22977,1.22979,1.00,1.76
2018.04.20 11:03:40.695,1.22975,1.22977,5.89,1.00
2018.04.20 11:03:40.930,1.22973,1.22977,1.39,2.92
2018.04.20 11:03:41.438,1.22973,1.22977,2.14,7.57
2018.04.20 11:03:41.996,1.22973,1.22977,1.00,5.36
2018.04.20 11:03:42.503,1.22973,1.22975,1.00,1.00
2018.04.20 11:03:42.608,1.22971,1.22972,1.57,1.50
2018.04.20 11:03:42.662,1.22969,1.2297,1.10,1.35
2018.04.20 11:03:43.077,1.22967,1.22971,3.45,2.51
2018.04.20 11:03:43.130,1.22968,1.2297,1.12,1.20
2018.04.20 11:03:43.268,1.22968,1.22971,1.12,3.82
2018.04.20 11:03:43.939,1.22968,1.22971,3.75,5.89
2018.04.20 11:03:45.376,1.22967,1.22971,4.69,5.89
2018.04.20 11:03:45.684,1.22969,1.2297,1.00,1.10
2018.04.20 11:03:46.204,1.22969,1.22971,1.31,2.14
2018.04.20 11:03:46.715,1.22969,1.22971,1.31,1.95
2018.04.20 11:03:47.220,1.22969,1.22971,3.19,1.95
2018.04.20 11:03:47.819,1.22969,1.22971,1.25,2.32
2018.04.20 11:03:48.744,1.22969,1.22971,1.69,2.32
2018.04.20 11:03:49.356,1.22969,1.22971,1.25,2.32
2018.04.20 11:03:49.886,1.22967,1.22971,3.64,2.32
2018.04.20 11:03:50.464,1.22967,1.22971,3.07,2.32
2018.04.20 11:03:50.973,1.22968,1.22971,1.31,2.32
2018.04.20 11:03:52.558,1.22969,1.22971,1.00,1.57
2018.04.20 11:03:53.133,1.22968,1.2297,1.76,1.20
2018.04.20 11:03:54.140,1.22968,1.2297,1.76,1.20
2018.04.20 11:03:56.950,1.22968,1.2297,1.29,1.20
2018.04.20 11:03:57.492,1.22967,1.2297,4.01,1.57
2018.04.20 11:04:00.084,1.22967,1.22971,7.39,2.89
2018.04.20 11:04:00.705,1.22968,1.22971,1.39,1.95
2018.04.20 11:04:03.123,1.22969,1.22971,1.50,3.56
2018.04.20 11:04:03.641,1.22967,1.22971,5.51,5.06
2018.04.20 11:04:03.949,1.22966,1.22967,1.20,1.00
2018.04.20 11:04:04.004,1.22964,1.22966,5.62,3.56
2018.04.20 11:04:04.122,1.22962,1.22964,1.10,1.10
2018.04.20 11:04:04.227,1.22958,1.22962,1.20,7.05
2018.04.20 11:04:04.813,1.22958,1.22961,2.51,1.25
2018.04.20 11:04:05.536,1.22958,1.22961,1.39,1.39
2018.04.20 11:04:06.066,1.22958,1.22962,1.25,6.64
2018.04.20 11:04:06.584,1.22958,1.22962,1.76,1.57
2018.04.20 11:04:06.810,1.22959,1.22962,3.94,4.39
2018.04.20 11:04:06.914,1.22961,1.22964,1.00,11.17
2018.04.20 11:04:07.070,1.22962,1.22966,3.56,8.55
2018.04.20 11:04:07.582,1.22963,1.22966,1.01,4.20
2018.04.20 11:04:08.084,1.22962,1.22964,2.70,3.00
2018.04.20 11:04:08.394,1.22962,1.22966,3.26,4.05
2018.04.20 11:04:08.497,1.22964,1.22966,1.00,1.95
2018.04.20 11:04:09.018,1.22964,1.22966,1.00,1.57
2018.04.20 11:04:15.189,1.22961,1.22964,1.45,2.81
2018.04.20 11:04:15.293,1.22961,1.22963,1.10,1.57
2018.04.20 11:04:15.823,1.2296,1.22962,1.87,1.20
2018.04.20 11:04:16.278,1.22958,1.22961,2.44,4.01
2018.04.20 11:04:16.416,1.22957,1.2296,3.26,1.45
2018.04.20 11:04:17.168,1.22957,1.2296,4.87,1.20
2018.04.20 11:04:17.479,1.22955,1.22958,1.12,4.80
2018.04.20 11:04:17.989,1.22954,1.22958,3.75,5.55
2018.04.20 11:04:18.520,1.22954,1.22958,3.75,6.67
2018.04.20 11:04:19.297,1.22954,1.22957,3.26,1.20
2018.04.20 11:04:19.972,1.22955,1.22957,1.44,1.20
2018.04.20 11:04:20.409,1.22954,1.22958,1.87,5.70
2018.04.20 11:04:20.925,1.22954,1.22957,2.89,1.20
2018.04.20 11:04:21.134,1.22956,1.22958,1.50,1.20
2018.04.20 11:04:21.291,1.22958,1.22959,1.00,1.20
2018.04.20 11:04:21.811,1.22959,1.2296,1.25,1.20
2018.04.20 11:04:22.324,1.22958,1.2296,4.01,1.20
2018.04.20 11:04:22.869,1.22958,1.2296,1.69,1.20
2018.04.20 11:04:23.519,1.22958,1.2296,2.51,1.20
2018.04.20 11:04:24.068,1.22958,1.2296,2.51,1.20
2018.04.20 11:04:24.585,1.22958,1.2296,2.33,1.20
2018.04.20 11:04:26.228,1.22958,1.2296,1.76,1.20
2018.04.20 11:04:26.735,1.22958,1.2296,2.51,1.20
2018.04.20 11:04:27.300,1.22959,1.22962,4.31,2.70
2018.04.20 11:04:27.507,1.22962,1.22965,4.50,1.10
2018.04.20 11:04:28.022,1.22963,1.22965,1.00,1.20
2018.04.20 11:04:28.125,1.22963,1.22966,1.00,1.57
2018.04.20 11:04:28.959,1.22963,1.22965,1.00,1.00
2018.04.20 11:04:29.064,1.22961,1.22964,1.50,4.80
2018.04.20 11:04:29.451,1.22962,1.22964,7.01,1.20
2018.04.20 11:04:30.001,1.22964,1.22965,1.00,1.95
2018.04.20 11:04:30.544,1.22964,1.22966,1.00,3.45
2018.04.20 11:04:32.108,1.22962,1.22964,5.86,1.00
2018.04.20 11:04:32.366,1.22962,1.22966,8.86,1.10
2018.04.20 11:04:32.895,1.22963,1.22967,3.99,3.45
2018.04.20 11:04:33.208,1.22964,1.22967,1.83,6.45
2018.04.20 11:04:33.755,1.22963,1.22967,3.57,2.70
2018.04.20 11:04:34.667,1.22964,1.22967,2.58,2.70
2018.04.20 11:04:35.215,1.22964,1.22967,1.66,3.45
2018.04.20 11:04:36.060,1.22967,1.22968,1.00,1.00
2018.04.20 11:04:36.474,1.22967,1.2297,5.11,2.25
2018.04.20 11:04:37.059,1.22967,1.22971,7.10,8.32
2018.04.20 11:04:37.269,1.2297,1.22971,1.00,1.00
2018.04.20 11:04:37.429,1.2297,1.22974,4.57,1.95
2018.04.20 11:04:37.620,1.2297,1.22974,4.39,4.20
2018.04.20 11:04:37.929,1.22973,1.22976,1.57,3.07
2018.04.20 11:04:38.472,1.22972,1.22976,4.74,3.07
2018.04.20 11:04:38.796,1.22973,1.22976,1.36,3.82
2018.04.20 11:04:39.352,1.22973,1.22976,1.39,2.32
2018.04.20 11:04:41.860,1.22975,1.22976,3.00,1.10
2018.04.20 11:04:42.372,1.22973,1.22976,2.49,2.51
2018.04.20 11:04:42.527,1.22971,1.22975,3.82,3.67
2018.04.20 11:04:43.211,1.22971,1.22975,4.20,3.45
2018.04.20 11:04:45.204,1.22971,1.22975,3.26,3.07
2018.04.20 11:04:45.307,1.22973,1.22976,2.44,1.57
2018.04.20 11:04:46.611,1.22974,1.22975,1.12,1.25
2018.04.20 11:04:47.126,1.22973,1.22976,1.95,1.25
2018.04.20 11:04:47.857,1.22973,1.22975,2.51,1.25
2018.04.20 11:04:48.377,1.22973,1.22976,1.20,4.50
2018.04.20 11:04:49.422,1.22972,1.22974,3.26,1.69
2018.04.20 11:04:52.397,1.22972,1.22975,1.20,3.64
2018.04.20 11:04:52.911,1.22974,1.22976,1.00,1.00
2018.04.20 11:04:55.885,1.22975,1.22978,1.50,7.95
2018.04.20 11:04:56.398,1.22975,1.22978,1.20,3.45
2018.04.20 11:04:57.042,1.22976,1.22978,1.00,2.44
2018.04.20 11:04:57.148,1.22979,1.2298,1.00,1.20
2018.04.20 11:04:57.254,1.22976,1.2298,4.57,3.94
2018.04.20 11:04:57.777,1.22976,1.22978,2.14,1.25
2018.04.20 11:04:58.673,1.22976,1.22979,1.76,1.25
2018.04.20 11:05:00.087,1.22976,1.22979,3.45,1.69
2018.04.20 11:05:01.751,1.22976,1.22978,2.89,1.25
2018.04.20 11:05:02.346,1.22977,1.22979,1.00,2.29
2018.04.20 11:05:02.607,1.22979,1.22981,1.25,1.31
2018.04.20 11:05:02.659,1.22981,1.22983,1.01,2.62
2018.04.20 11:05:02.712,1.22982,1.22985,1.50,2.89
2018.04.20 11:05:02.816,1.22984,1.22986,1.00,1.50
2018.04.20 11:05:03.527,1.22984,1.22986,1.76,1.00
2018.04.20 11:05:03.747,1.22982,1.22985,3.86,3.56
2018.04.20 11:05:04.955,1.2298,1.22983,3.82,1.00
2018.04.20 11:05:05.543,1.2298,1.22982,1.00,3.94
2018.04.20 11:05:06.062,1.2298,1.22982,1.00,3.07
2018.04.20 11:05:07.445,1.22977,1.22981,6.11,1.31
2018.04.20 11:05:08.345,1.22977,1.2298,2.14,1.00
2018.04.20 11:05:08.653,1.22977,1.22979,1.76,1.69
2018.04.20 11:05:08.705,1.22976,1.22978,1.57,1.10
2018.04.20 11:05:08.810,1.22974,1.22978,2.32,2.89
2018.04.20 11:05:09.366,1.22975,1.22979,4.57,5.32
2018.04.20 11:05:09.682,1.22981,1.22984,2.14,1.07
2018.04.20 11:05:10.216,1.22981,1.22985,2.14,5.89
2018.04.20 11:05:10.741,1.22981,1.22985,2.89,5.32
2018.04.20 11:05:12.502,1.22981,1.22983,1.12,1.00
2018.04.20 11:05:13.053,1.2298,1.22982,3.07,1.00
2018.04.20 11:05:13.466,1.22983,1.22985,1.00,4.95
2018.04.20 11:05:13.986,1.22981,1.22985,3.26,2.51
2018.04.20 11:05:17.406,1.22981,1.22984,2.89,1.25
2018.04.20 11:05:17.918,1.22981,1.22985,3.64,3.26
2018.04.20 11:05:21.874,1.22982,1.22985,2.32,4.57
2018.04.20 11:05:22.080,1.22981,1.22984,1.12,2.32
2018.04.20 11:05:22.797,1.22981,1.22984,1.39,1.00
2018.04.20 11:05:23.339,1.22981,1.22984,2.89,1.00
2018.04.20 11:05:23.732,1.22983,1.22985,1.00,1.31
2018.04.20 11:05:24.487,1.22982,1.22986,5.51,2.70
2018.04.20 11:05:25.011,1.22983,1.22986,1.50,4.95
2018.04.20 11:05:25.683,1.22982,1.22986,3.26,2.32
2018.04.20 11:05:27.371,1.22982,1.22986,3.26,3.82
2018.04.20 11:05:28.772,1.22982,1.22986,3.26,7.01
2018.04.20 11:05:30.390,1.22982,1.22985,1.57,2.25
2018.04.20 11:05:31.405,1.22981,1.22983,1.01,2.25
2018.04.20 11:05:31.956,1.2298,1.22983,1.57,1.50
2018.04.20 11:05:32.744,1.2298,1.22982,1.10,1.00
2018.04.20 11:05:33.279,1.22979,1.22983,6.11,7.20
2018.04.20 11:05:34.121,1.22979,1.22983,1.76,4.01
2018.04.20 11:05:34.553,1.22981,1.22983,1.00,2.70
2018.04.20 11:05:34.784,1.22982,1.22984,1.25,1.69
2018.04.20 11:05:35.315,1.22982,1.22985,1.25,4.76
2018.04.20 11:05:36.004,1.22983,1.22985,2.25,4.01
2018.04.20 11:05:36.579,1.22982,1.22984,3.37,1.25
2018.04.20 11:05:37.158,1.22982,1.22985,1.69,6.64
2018.04.20 11:05:37.729,1.22981,1.22984,8.32,1.25
2018.04.20 11:05:39.132,1.22981,1.22983,1.10,1.10
2018.04.20 11:05:39.318,1.22978,1.22981,1.10,1.95
2018.04.20 11:05:39.865,1.22979,1.22981,1.00,2.25
2018.04.20 11:05:41.346,1.22978,1.22981,2.14,2.62
2018.04.20 11:05:41.882,1.22977,1.2298,2.89,2.25
2018.04.20 11:05:42.479,1.22977,1.2298,2.51,2.25
2018.04.20 11:05:43.013,1.22977,1.2298,2.32,4.01
2018.04.20 11:05:46.764,1.22977,1.2298,1.76,3.45
2018.04.20 11:05:48.530,1.22977,1.2298,2.51,4.39
2018.04.20 11:05:49.374,1.22977,1.2298,2.51,2.70
2018.04.20 11:05:49.926,1.22978,1.2298,1.25,5.89
2018.04.20 11:05:50.470,1.22977,1.2298,2.51,2.70
2018.04.20 11:05:50.981,1.22977,1.2298,2.51,2.44
2018.04.20 11:05:51.035,1.22978,1.22982,4.01,2.70
2018.04.20 11:05:51.554,1.22978,1.22982,5.32,2.70
2018.04.20 11:05:52.096,1.22978,1.22981,1.57,1.10
2018.04.20 11:05:52.639,1.22977,1.2298,4.01,1.50
2018.04.20 11:05:53.488,1.22975,1.22979,6.07,1.69
2018.04.20 11:05:53.702,1.22975,1.22977,2.44,2.25
2018.04.20 11:06:16.211,1.22974,1.22977,1.00,1.20
2018.04.20 11:06:16.707,1.22973,1.22974,1.76,1.50
2018.04.20 11:06:17.049,1.22964,1.22967,1.70,1.50
2018.04.20 11:06:17.256,1.22964,1.22966,1.76,1.12
2018.04.20 11:06:20.816,1.22965,1.22966,1.10,1.00
2018.04.20 11:06:21.322,1.22963,1.22965,1.20,1.00
2018.04.20 11:06:23.542,1.22962,1.22965,4.76,1.00
2018.04.20 11:06:25.699,1.22962,1.22965,1.76,1.69
2018.04.20 11:06:26.687,1.22962,1.22965,1.01,1.00
2018.04.20 11:06:27.428,1.22962,1.22965,5.51,1.00
2018.04.20 11:06:34.466,1.22964,1.22965,1.00,1.00
2018.04.20 11:06:35.069,1.22963,1.22965,1.57,1.00
2018.04.20 11:06:35.638,1.22964,1.22967,1.69,1.10
2018.04.20 11:06:35.742,1.22967,1.22969,2.36,1.10
2018.04.20 11:06:36.344,1.22967,1.22969,4.01,1.00
2018.04.20 11:06:36.558,1.2297,1.22972,1.39,1.00
2018.04.20 11:06:37.101,1.2297,1.22973,3.64,1.20
2018.04.20 11:06:39.796,1.22972,1.22974,3.79,1.10
2018.04.20 11:06:39.903,1.22973,1.22976,2.89,1.00
2018.04.20 11:06:40.679,1.22974,1.22976,1.00,1.00
2018.04.20 11:06:41.478,1.22975,1.22977,2.25,1.20
2018.04.20 11:06:41.988,1.22975,1.22977,1.10,1.10
2018.04.20 11:06:42.269,1.22976,1.22978,3.07,1.10
2018.04.20 11:06:42.530,1.22978,1.2298,1.00,1.31
2018.04.20 11:06:42.860,1.22979,1.22982,2.51,1.95
2018.04.20 11:06:43.173,1.22983,1.22985,1.50,1.20
2018.04.20 11:06:43.934,1.22984,1.22986,1.00,1.00
2018.04.20 11:06:44.458,1.22984,1.22986,2.32,1.00
2018.04.20 11:06:44.717,1.22987,1.2299,3.82,1.00
2018.04.20 11:06:44.976,1.22988,1.22992,1.10,1.57
2018.04.20 11:06:45.351,1.2299,1.22992,1.00,1.00
2018.04.20 11:06:45.513,1.22991,1.22994,1.00,1.10
2018.04.20 11:06:46.026,1.22991,1.22993,1.87,1.00
2018.04.20 11:06:46.387,1.2299,1.22992,3.82,1.00
2018.04.20 11:06:46.783,1.22989,1.22993,1.57,2.17
2018.04.20 11:06:47.308,1.22989,1.22992,2.32,1.00
2018.04.20 11:06:47.827,1.22989,1.22993,2.32,4.84
2018.04.20 11:06:48.590,1.22989,1.22992,1.57,1.50
2018.04.20 11:06:49.246,1.22989,1.22993,1.57,3.52
2018.04.20 11:06:50.600,1.22986,1.22988,3.45,1.00
2018.04.20 11:06:50.707,1.22986,1.22988,2.25,1.00
2018.04.20 11:06:51.358,1.22986,1.22987,1.00,1.00
2018.04.20 11:06:51.463,1.22984,1.22987,1.10,2.10
2018.04.20 11:06:52.080,1.22984,1.22986,1.00,1.00
2018.04.20 11:06:52.612,1.22983,1.22987,3.82,2.92
2018.04.20 11:06:53.129,1.22984,1.22986,1.00,1.00
2018.04.20 11:06:53.410,1.22986,1.22988,5.12,6.82
2018.04.20 11:06:53.571,1.22991,1.22992,1.00,1.10
2018.04.20 11:06:53.728,1.2299,1.22994,4.57,5.70
2018.04.20 11:06:54.544,1.2299,1.22993,3.82,1.00
2018.04.20 11:06:54.846,1.22993,1.22995,1.00,1.20
2018.04.20 11:06:55.104,1.22994,1.22996,1.57,1.10
2018.04.20 11:07:02.160,1.22994,1.22998,2.14,2.70
2018.04.20 11:07:02.213,1.22996,1.22998,3.00,1.20
2018.04.20 11:07:02.507,1.22994,1.22997,1.50,1.10
2018.04.20 11:07:03.033,1.22994,1.22997,2.32,1.95
2018.04.20 11:07:03.548,1.22993,1.22995,1.50,1.10
2018.04.20 11:07:04.158,1.22993,1.22994,1.00,1.00
2018.04.20 11:07:04.314,1.22991,1.22994,2.32,2.25
2018.04.20 11:07:04.872,1.22992,1.22994,1.00,1.57
2018.04.20 11:07:05.393,1.22991,1.22994,2.25,1.57
2018.04.20 11:07:06.071,1.22991,1.22993,1.87,1.00
2018.04.20 11:07:06.538,1.22994,1.22995,1.00,1.20
2018.04.20 11:07:06.648,1.22996,1.22998,1.12,2.70
2018.04.20 11:07:06.701,1.22997,1.22999,4.00,2.70
2018.04.20 11:07:06.754,1.22999,1.23001,1.00,1.57
2018.04.20 11:07:06.914,1.22997,1.22999,4.20,1.00
2018.04.20 11:07:07.019,1.22997,1.23001,2.70,5.36
2018.04.20 11:07:07.555,1.22996,1.22997,1.95,2.81
2018.04.20 11:07:07.660,1.22993,1.22995,1.20,2.10
2018.04.20 11:07:08.220,1.22995,1.22997,1.12,1.35
2018.04.20 11:07:08.756,1.22994,1.22998,4.20,1.95
2018.04.20 11:07:10.028,1.22996,1.22998,1.00,1.57
2018.04.20 11:07:10.548,1.22995,1.22998,2.32,2.70
2018.04.20 11:07:15.957,1.22996,1.22998,1.00,1.20
2018.04.20 11:07:16.538,1.22995,1.22998,1.10,1.20
2018.04.20 11:07:16.847,1.22999,1.23001,1.50,1.00
2018.04.20 11:07:17.388,1.22999,1.23001,1.00,1.20
2018.04.20 11:07:19.539,1.22998,1.22999,2.25,1.00
2018.04.20 11:07:19.863,1.22996,1.22998,1.00,1.95
2018.04.20 11:07:21.304,1.22996,1.22999,1.50,1.07
2018.04.20 11:07:22.227,1.22995,1.22997,1.50,1.00
2018.04.20 11:07:22.767,1.22996,1.22998,1.00,2.32
2018.04.20 11:07:23.295,1.22995,1.22998,2.25,2.55
2018.04.20 11:07:24.058,1.23,1.23001,1.87,2.06
2018.04.20 11:07:24.342,1.23004,1.23007,1.20,1.69
2018.04.20 11:07:24.394,1.23003,1.23005,5.70,1.00
2018.04.20 11:07:24.498,1.23002,1.23004,3.07,1.00
2018.04.20 11:07:25.008,1.23003,1.23005,1.20,3.07
2018.04.20 11:07:26.126,1.23002,1.23004,1.20,3.60
2018.04.20 11:07:26.666,1.23004,1.23007,1.20,5.10
2018.04.20 11:07:26.771,1.23004,1.23008,4.20,3.07
2018.04.20 11:07:27.288,1.23004,1.23007,2.25,1.10
2018.04.20 11:07:27.566,1.23006,1.23008,1.00,1.20
2018.04.20 11:07:28.133,1.23005,1.23008,1.87,1.20
2018.04.20 11:07:29.110,1.23006,1.23008,4.69,1.10
2018.04.20 11:07:29.636,1.23005,1.23009,2.32,1.95
2018.04.20 11:07:29.942,1.23005,1.23009,2.32,2.32
2018.04.20 11:07:30.460,1.23005,1.23009,2.70,2.32
2018.04.20 11:07:32.230,1.23004,1.23008,3.22,1.95
2018.04.20 11:07:32.777,1.23004,1.23006,1.50,1.00
2018.04.20 11:07:33.297,1.23004,1.23006,3.64,1.00
2018.04.20 11:07:33.821,1.23004,1.23008,1.76,1.20
2018.04.20 11:07:34.310,1.23004,1.23005,1.50,1.00
2018.04.20 11:07:35.054,1.23003,1.23005,3.07,1.00
2018.04.20 11:07:35.890,1.23004,1.23007,1.00,1.10
2018.04.20 11:07:36.489,1.23005,1.23007,1.25,1.00
2018.04.20 11:07:36.595,1.23003,1.23007,3.07,1.20
2018.04.20 11:07:37.131,1.23004,1.23008,4.57,1.76
2018.04.20 11:07:37.678,1.23004,1.23007,5.32,1.00
2018.04.20 11:07:38.225,1.23004,1.23008,2.32,1.01
2018.04.20 11:07:39.468,1.23005,1.23008,1.25,2.51
2018.04.20 11:07:39.987,1.23004,1.23008,2.46,2.89
2018.04.20 11:07:40.500,1.23005,1.23008,1.07,2.51
2018.04.20 11:07:40.556,1.23007,1.2301,1.12,2.32
2018.04.20 11:07:41.077,1.23009,1.2301,1.00,1.00
2018.04.20 11:07:41.233,1.23006,1.2301,4.57,3.45
2018.04.20 11:07:41.739,1.23007,1.2301,1.20,1.95
2018.04.20 11:07:42.407,1.23006,1.2301,1.00,9.26
2018.04.20 11:07:42.910,1.23005,1.23009,2.70,1.20
2018.04.20 11:07:43.694,1.23005,1.23008,2.70,1.00
2018.04.20 11:07:43.746,1.23007,1.23009,1.50,1.95
2018.04.20 11:07:44.122,1.23009,1.23011,1.00,1.10
2018.04.20 11:07:48.755,1.23008,1.2301,1.50,1.00
2018.04.20 11:07:48.807,1.23007,1.23009,1.28,1.00
2018.04.20 11:07:49.354,1.23006,1.23009,1.00,1.20
2018.04.20 11:07:49.868,1.23005,1.23009,1.95,1.20
2018.04.20 11:07:53.080,1.23005,1.23008,2.70,1.00
2018.04.20 11:07:53.623,1.23006,1.23009,1.00,1.95
2018.04.20 11:07:54.203,1.23006,1.23008,1.00,1.00
2018.04.20 11:07:54.753,1.23006,1.23009,1.00,2.70
2018.04.20 11:07:54.805,1.23006,1.23007,1.00,1.00
2018.04.20 11:07:55.167,1.23006,1.23009,1.00,3.45
2018.04.20 11:07:55.766,1.23006,1.23008,1.00,1.00
2018.04.20 11:07:56.319,1.23006,1.23009,1.00,2.32
2018.04.20 11:07:57.650,1.23006,1.23008,1.00,1.00
2018.04.20 11:07:58.165,1.23006,1.23009,1.00,2.32
2018.04.20 11:07:58.682,1.23007,1.2301,1.25,1.10
2018.04.20 11:08:00.116,1.23007,1.23008,1.00,1.00
2018.04.20 11:08:00.220,1.23005,1.23007,1.00,1.00
2018.04.20 11:08:00.724,1.23004,1.23006,1.12,1.37
2018.04.20 11:08:01.310,1.23002,1.23005,4.20,7.87
2018.04.20 11:08:01.485,1.23003,1.23005,2.44,1.00
2018.04.20 11:08:02.049,1.23003,1.23005,1.01,1.00
2018.04.20 11:08:03.887,1.23004,1.23006,1.00,1.87
2018.04.20 11:08:04.675,1.23003,1.23005,1.20,1.50
2018.04.20 11:08:05.192,1.23002,1.23005,1.10,2.81
2018.04.20 11:08:06.527,1.23003,1.23005,1.57,1.12
2018.04.20 11:08:06.784,1.23002,1.23004,3.45,1.00
2018.04.20 11:08:08.406,1.23002,1.23004,1.00,1.07
2018.04.20 11:08:08.821,1.23005,1.23006,1.00,5.51
2018.04.20 11:08:08.950,1.23005,1.23009,3.26,1.95
2018.04.20 11:08:09.057,1.23009,1.2301,1.00,1.95
2018.04.20 11:08:09.323,1.23011,1.23014,1.57,1.50
2018.04.20 11:08:11.246,1.2301,1.23014,6.45,1.50
2018.04.20 11:08:12.024,1.2301,1.23014,6.82,1.57
2018.04.20 11:08:12.232,1.23011,1.23014,1.76,2.44
2018.04.20 11:08:12.543,1.23014,1.23017,1.39,1.00
2018.04.20 11:08:13.238,1.23016,1.23018,1.00,1.00
2018.04.20 11:08:13.545,1.23017,1.23021,2.89,1.57
2018.04.20 11:08:13.703,1.2302,1.23022,1.31,1.50
2018.04.20 11:08:14.205,1.23021,1.23023,1.50,1.00
2018.04.20 11:08:14.780,1.2302,1.23022,1.20,1.00
2018.04.20 11:08:15.294,1.2302,1.23023,1.95,1.57
2018.04.20 11:08:15.886,1.23021,1.23023,3.82,1.00
2018.04.20 11:08:16.195,1.2302,1.23021,4.12,1.00
2018.04.20 11:08:16.247,1.2302,1.23023,4.12,2.70
2018.04.20 11:08:16.792,1.2302,1.23023,4.57,1.57
2018.04.20 11:08:19.811,1.2302,1.23024,3.83,1.10
2018.04.20 11:08:19.863,1.23022,1.23025,5.70,5.44
2018.04.20 11:08:19.971,1.23023,1.23027,7.57,1.88
2018.04.20 11:08:20.652,1.23024,1.23027,1.95,1.00
2018.04.20 11:08:21.117,1.23024,1.23027,1.10,1.50
2018.04.20 11:08:21.170,1.23022,1.23024,2.70,1.00
2018.04.20 11:08:21.327,1.2302,1.23024,3.82,2.32
2018.04.20 11:08:21.690,1.2302,1.23022,1.95,1.00
2018.04.20 11:08:22.033,1.23016,1.23018,1.20,1.10
2018.04.20 11:08:22.263,1.23017,1.23021,1.69,4.01
2018.04.20 11:08:22.792,1.23018,1.23021,1.95,1.00
2018.04.20 11:08:22.997,1.23019,1.23021,1.07,1.00
2018.04.20 11:08:23.310,1.23017,1.23019,1.95,1.00
2018.04.20 11:08:23.362,1.23017,1.23018,1.00,1.10
2018.04.20 11:08:23.771,1.2302,1.23022,1.50,2.32
2018.04.20 11:08:23.825,1.23023,1.23025,2.25,1.50
2018.04.20 11:08:23.879,1.23024,1.23027,2.25,1.20
2018.04.20 11:08:24.104,1.23029,1.23031,1.95,1.00
2018.04.20 11:08:24.471,1.23028,1.23029,1.10,1.00
2018.04.20 11:08:24.575,1.23025,1.23028,1.57,1.58
2018.04.20 11:08:26.225,1.23025,1.23027,1.00,1.20
2018.04.20 11:08:26.431,1.23023,1.23025,2.70,1.00
2018.04.20 11:08:28.430,1.23024,1.23026,1.25,1.12
2018.04.20 11:08:28.845,1.23024,1.23028,3.82,1.57
2018.04.20 11:08:29.381,1.23024,1.23028,1.76,1.20
2018.04.20 11:08:29.581,1.23027,1.23028,1.50,1.00
2018.04.20 11:08:29.686,1.2303,1.23033,1.57,4.57
2018.04.20 11:08:29.949,1.23032,1.23034,1.00,1.45
2018.04.20 11:08:30.003,1.23032,1.23034,1.12,1.00
2018.04.20 11:08:30.515,1.23032,1.23034,1.12,1.95
2018.04.20 11:08:31.026,1.23032,1.23034,1.00,1.10
2018.04.20 11:08:31.579,1.23031,1.23035,1.12,8.70
2018.04.20 11:08:31.634,1.23029,1.23032,2.70,1.12
2018.04.20 11:08:31.847,1.23023,1.23028,3.82,1.57
2018.04.20 11:08:32.394,1.23024,1.23027,1.10,1.00
2018.04.20 11:08:32.652,1.23023,1.23025,3.82,2.25
2018.04.20 11:08:32.759,1.23022,1.23026,1.20,1.95
2018.04.20 11:08:33.309,1.23023,1.23026,1.10,1.12
2018.04.20 11:08:33.899,1.23023,1.23028,2.32,1.76
2018.04.20 11:08:34.488,1.23024,1.23028,1.10,2.89
2018.04.20 11:08:34.846,1.23028,1.23029,2.06,2.70
2018.04.20 11:08:34.898,1.23029,1.23031,3.73,1.00
2018.04.20 11:08:34.952,1.23032,1.23034,1.00,3.45
2018.04.20 11:08:35.004,1.2303,1.23033,1.10,1.50
2018.04.20 11:08:35.196,1.23032,1.23036,3.45,4.46
2018.04.20 11:08:35.300,1.23032,1.23037,6.07,3.07
2018.04.20 11:08:35.403,1.23032,1.23037,2.14,2.51
2018.04.20 11:08:35.506,1.23032,1.23037,2.14,2.14
2018.04.20 11:08:35.863,1.23032,1.23035,2.70,5.25
2018.04.20 11:08:36.241,1.23033,1.23037,1.10,1.95
2018.04.20 11:08:37.361,1.23031,1.23035,6.26,1.50
2018.04.20 11:08:37.889,1.23033,1.23036,1.10,1.07
2018.04.20 11:08:38.446,1.23033,1.23037,1.10,1.47
2018.04.20 11:08:38.987,1.23033,1.23038,3.45,5.32
2018.04.20 11:08:39.510,1.23033,1.23038,1.47,3.82
2018.04.20 11:08:40.229,1.23037,1.23039,1.00,6.64
2018.04.20 11:08:40.333,1.2304,1.23043,2.06,1.20
2018.04.20 11:08:40.385,1.23042,1.23045,1.07,3.45
2018.04.20 11:08:40.593,1.23039,1.23043,3.07,6.07
2018.04.20 11:08:41.113,1.2304,1.23043,1.20,1.07
2018.04.20 11:08:41.269,1.23039,1.23044,8.89,1.10
2018.04.20 11:08:41.321,1.23041,1.23044,1.00,3.07
2018.04.20 11:08:41.747,1.23039,1.23041,1.20,1.00
2018.04.20 11:08:42.258,1.23039,1.23041,1.57,1.00
2018.04.20 11:08:42.310,1.23038,1.23041,4.57,4.31
2018.04.20 11:08:42.854,1.23038,1.23043,1.07,6.26
2018.04.20 11:08:43.568,1.23038,1.23042,2.06,7.01
2018.04.20 11:08:44.082,1.23039,1.23042,1.10,1.07
2018.04.20 11:08:44.684,1.2304,1.23042,1.00,2.14
2018.04.20 11:08:45.196,1.23039,1.23043,1.20,4.39
2018.04.20 11:08:45.721,1.23039,1.23043,1.00,4.20
2018.04.20 11:08:46.254,1.2304,1.23043,1.69,1.47
2018.04.20 11:08:46.796,1.23041,1.23043,1.00,1.47
2018.04.20 11:08:47.307,1.2304,1.23044,1.25,5.51
2018.04.20 11:08:48.675,1.2304,1.23044,2.44,7.01
2018.04.20 11:08:49.190,1.2304,1.23044,1.25,4.01
2018.04.20 11:08:49.705,1.2304,1.23044,3.56,5.51
2018.04.20 11:08:50.266,1.2304,1.23044,1.69,5.14
2018.04.20 11:08:50.808,1.23041,1.23044,1.00,7.39
2018.04.20 11:08:50.963,1.23038,1.23042,3.00,7.12
2018.04.20 11:08:51.433,1.2304,1.23043,1.00,5.46
2018.04.20 11:08:51.956,1.23038,1.23042,4.01,1.07
2018.04.20 11:08:52.506,1.2304,1.23043,1.00,1.87
2018.04.20 11:08:53.042,1.23039,1.23043,1.20,1.12
2018.04.20 11:08:53.352,1.23041,1.23044,2.25,1.95
2018.04.20 11:08:53.456,1.23043,1.23047,3.56,1.95
2018.04.20 11:08:54.260,1.23043,1.23046,2.26,1.57
2018.04.20 11:08:56.197,1.23045,1.23047,1.00,2.14
2018.04.20 11:08:56.722,1.23044,1.23048,1.50,3.26
2018.04.20 11:08:57.032,1.23042,1.23046,5.32,1.20
2018.04.20 11:08:57.565,1.23043,1.23047,3.03,1.07
2018.04.20 11:08:58.104,1.23043,1.23048,4.30,5.89
2018.04.20 11:08:59.609,1.23043,1.23047,2.32,1.95
2018.04.20 11:08:59.713,1.23043,1.23048,2.70,6.45
2018.04.20 11:09:00.219,1.23045,1.23047,1.00,1.39
2018.04.20 11:09:02.041,1.23044,1.23048,1.12,7.76
2018.04.20 11:09:02.560,1.23044,1.23047,1.39,1.07
2018.04.20 11:09:04.066,1.23044,1.23047,3.30,1.20
2018.04.20 11:09:04.119,1.23057,1.23059,2.70,7.39
2018.04.20 11:09:04.447,1.2306,1.23062,1.00,1.07
2018.04.20 11:09:04.987,1.2306,1.23062,1.20,1.00
2018.04.20 11:09:05.292,1.23064,1.23068,2.70,1.20
2018.04.20 11:09:05.546,1.23064,1.23068,2.17,1.20
2018.04.20 11:09:06.191,1.23064,1.23068,1.20,2.32
2018.04.20 11:09:06.298,1.23063,1.23065,1.12,1.00
2018.04.20 11:09:06.618,1.23065,1.23067,1.12,1.57
2018.04.20 11:09:07.158,1.23063,1.23067,1.95,2.32
2018.04.20 11:09:07.261,1.23062,1.23066,1.95,1.00
2018.04.20 11:09:07.772,1.23064,1.23066,1.00,1.20
2018.04.20 11:09:07.927,1.23062,1.23064,1.12,1.12
2018.04.20 11:09:08.372,1.23061,1.23063,1.00,1.57
2018.04.20 11:09:08.580,1.2306,1.23064,1.10,5.70
2018.04.20 11:09:08.964,1.23058,1.23062,2.70,1.95
2018.04.20 11:09:09.486,1.23059,1.23061,1.00,1.00
2018.04.20 11:09:09.871,1.23059,1.23063,2.14,1.57
2018.04.20 11:09:10.383,1.2306,1.23063,1.57,1.20
2018.04.20 11:09:11.764,1.23058,1.23059,3.00,1.50
2018.04.20 11:09:11.819,1.23056,1.23059,1.10,1.50
2018.04.20 11:09:12.366,1.23057,1.2306,1.00,2.70
2018.04.20 11:09:12.522,1.23058,1.23061,1.57,1.20
2018.04.20 11:09:13.079,1.23058,1.2306,1.07,1.00
2018.04.20 11:09:13.135,1.23055,1.23059,6.07,1.95
2018.04.20 11:09:13.192,1.23056,1.23057,1.50,1.00
2018.04.20 11:09:13.771,1.23055,1.23057,1.50,1.95
2018.04.20 11:09:14.358,1.23052,1.23055,1.20,1.50
2018.04.20 11:09:14.713,1.23054,1.23058,2.62,2.89
2018.04.20 11:09:15.338,1.23053,1.23056,1.95,2.32
2018.04.20 11:09:15.869,1.23054,1.23058,2.25,4.20
2018.04.20 11:09:16.699,1.23053,1.23056,2.32,2.25
2018.04.20 11:09:17.231,1.23054,1.23058,3.75,6.45
2018.04.20 11:09:17.770,1.23055,1.23059,10.13,1.95
2018.04.20 11:09:17.874,1.23058,1.23061,1.25,2.70
2018.04.20 11:09:18.081,1.23061,1.23064,1.07,1.20
2018.04.20 11:09:18.345,1.23063,1.23065,3.45,1.12
2018.04.20 11:09:18.847,1.23064,1.23066,1.00,1.20
2018.04.20 11:09:19.442,1.23062,1.23065,2.32,1.87
2018.04.20 11:09:19.494,1.23061,1.23065,1.95,1.95
2018.04.20 11:09:19.645,1.23064,1.23065,1.00,1.57
2018.04.20 11:09:20.179,1.23063,1.23065,1.50,1.00
2018.04.20 11:09:21.385,1.23064,1.23065,3.00,1.00
2018.04.20 11:09:21.748,1.23068,1.2307,13.57,1.50
2018.04.20 11:09:21.804,1.2307,1.23073,1.49,2.70
2018.04.20 11:09:22.329,1.2307,1.23073,1.00,1.10
2018.04.20 11:09:22.844,1.23071,1.23073,1.00,2.75
2018.04.20 11:09:23.154,1.23069,1.2307,2.70,3.00
2018.04.20 11:09:23.303,1.23069,1.23072,1.12,1.57
2018.04.20 11:09:23.356,1.2307,1.23073,1.39,4.92
2018.04.20 11:09:24.316,1.23071,1.23072,1.12,1.00
2018.04.20 11:09:24.784,1.23069,1.2307,1.00,3.00
2018.04.20 11:09:24.995,1.23069,1.23072,3.07,2.25
2018.04.20 11:09:25.889,1.23068,1.23069,2.70,1.00
2018.04.20 11:09:26.425,1.23068,1.2307,3.45,1.00
2018.04.20 11:09:26.938,1.23066,1.2307,3.82,2.32
2018.04.20 11:09:27.131,1.23065,1.23068,2.25,1.57
2018.04.20 11:09:27.456,1.23062,1.23065,2.32,1.25
2018.04.20 11:09:27.925,1.23063,1.23067,2.70,1.76
2018.04.20 11:09:28.388,1.23062,1.23066,7.20,1.39
2018.04.20 11:09:29.321,1.23063,1.23067,2.70,3.07
2018.04.20 11:09:29.834,1.23064,1.23068,1.00,3.07
2018.04.20 11:09:30.385,1.23064,1.23068,1.95,4.57
2018.04.20 11:09:31.005,1.23064,1.23068,1.57,4.20
2018.04.20 11:09:31.368,1.23064,1.23068,1.57,1.57
2018.04.20 11:09:31.877,1.23064,1.23068,4.20,2.70
2018.04.20 11:09:32.549,1.23064,1.23068,3.37,2.32
2018.04.20 11:09:33.083,1.23065,1.23069,2.70,1.47
2018.04.20 11:09:33.190,1.23067,1.2307,4.20,1.20
2018.04.20 11:09:33.296,1.23068,1.23071,1.00,1.10
2018.04.20 11:09:33.853,1.23068,1.23071,2.32,1.57
2018.04.20 11:09:33.906,1.2307,1.23072,1.00,1.57
2018.04.20 11:09:34.443,1.2307,1.23073,1.50,1.01
2018.04.20 11:09:34.968,1.23069,1.23072,1.50,1.57
2018.04.20 11:09:35.502,1.2307,1.23073,1.10,2.62
2018.04.20 11:09:36.022,1.23071,1.23073,1.10,1.10
2018.04.20 11:09:37.154,1.2307,1.23073,5.14,1.00
2018.04.20 11:09:37.671,1.2307,1.23074,2.14,4.06
2018.04.20 11:09:38.382,1.2307,1.23073,5.89,1.17
2018.04.20 11:09:38.773,1.23068,1.2307,4.76,1.00
2018.04.20 11:09:39.287,1.23068,1.23069,1.39,1.00
2018.04.20 11:09:39.833,1.23068,1.2307,1.20,1.57
2018.04.20 11:09:40.476,1.23067,1.23069,1.10,1.00
2018.04.20 11:09:40.634,1.23064,1.23068,3.82,1.20
2018.04.20 11:09:40.687,1.23064,1.23066,1.57,1.00
2018.04.20 11:09:41.374,1.23064,1.23068,1.20,2.70
2018.04.20 11:09:42.494,1.23065,1.23068,1.50,2.70
2018.04.20 11:09:43.016,1.23064,1.23068,5.14,1.00
2018.04.20 11:09:44.043,1.23066,1.23069,1.39,3.45
2018.04.20 11:09:44.148,1.23069,1.23071,1.00,2.70
2018.04.20 11:09:44.698,1.23068,1.23071,1.10,2.70
2018.04.20 11:09:45.710,1.23069,1.23072,2.62,2.32
2018.04.20 11:09:46.083,1.23072,1.23073,1.00,1.00
2018.04.20 11:09:46.600,1.23071,1.23073,1.69,1.50
2018.04.20 11:09:48.432,1.2307,1.23072,2.51,1.00
2018.04.20 11:09:48.586,1.2307,1.23074,1.76,4.57
2018.04.20 11:09:49.068,1.23069,1.23072,6.82,2.25
2018.04.20 11:09:49.377,1.23067,1.2307,2.14,1.12
2018.04.20 11:09:50.185,1.23067,1.23069,1.95,1.00
2018.04.20 11:09:50.700,1.23067,1.2307,3.07,1.00
2018.04.20 11:09:51.370,1.23067,1.2307,1.07,3.07
2018.04.20 11:09:52.508,1.23068,1.23069,1.00,1.00
2018.04.20 11:09:53.076,1.23068,1.2307,1.00,8.62
2018.04.20 11:09:54.348,1.2307,1.23071,1.00,1.57
2018.04.20 11:09:54.505,1.2307,1.23073,1.31,3.82
2018.04.20 11:09:55.226,1.2307,1.23072,1.25,1.00
2018.04.20 11:09:55.918,1.2307,1.23073,1.18,9.45
2018.04.20 11:09:56.422,1.2307,1.23072,1.50,3.00
2018.04.20 11:09:56.935,1.2307,1.23071,1.00,1.25
2018.04.20 11:09:58.624,1.23069,1.23071,1.31,1.25
2018.04.20 11:09:58.904,1.23067,1.23069,3.45,1.50
2018.04.20 11:09:59.455,1.23067,1.23069,1.37,1.50
2018.04.20 11:10:01.279,1.23069,1.2307,1.87,2.25
2018.04.20 11:10:01.423,1.2307,1.23072,2.32,1.57
2018.04.20 11:10:01.482,1.2307,1.23074,3.82,8.32
2018.04.20 11:10:01.794,1.23069,1.23071,8.36,1.00
2018.04.20 11:10:01.847,1.23071,1.23072,1.00,1.00
2018.04.20 11:10:02.380,1.23069,1.23073,5.51,6.19
2018.04.20 11:10:02.894,1.2307,1.23073,1.10,1.95
2018.04.20 11:10:03.738,1.23069,1.2307,1.20,1.00
2018.04.20 11:10:03.951,1.2307,1.23072,1.95,3.07
2018.04.20 11:10:05.494,1.23068,1.2307,1.10,3.00
2018.04.20 11:10:06.021,1.23067,1.23069,1.10,1.12
2018.04.20 11:10:06.332,1.23069,1.23071,1.00,3.45
2018.04.20 11:10:08.823,1.23068,1.23069,1.10,1.00
2018.04.20 11:10:09.334,1.23067,1.2307,1.00,1.20
2018.04.20 11:10:09.644,1.23066,1.23069,2.32,4.01
2018.04.20 11:10:11.060,1.23065,1.23069,2.14,7.39
2018.04.20 11:10:11.394,1.23063,1.23067,4.57,1.76
2018.04.20 11:10:12.441,1.23064,1.23067,2.89,1.95
2018.04.20 11:10:12.955,1.23064,1.23067,1.20,3.07
2018.04.20 11:10:13.470,1.23063,1.23065,4.87,1.00
2018.04.20 11:10:14.064,1.23063,1.23065,5.51,1.00
2018.04.20 11:10:15.410,1.23063,1.23066,5.89,1.06
2018.04.20 11:10:16.150,1.23063,1.23067,4.95,5.19
2018.04.20 11:10:16.690,1.23063,1.23066,6.26,1.06
2018.04.20 11:10:17.368,1.23063,1.23067,5.32,5.56
2018.04.20 11:10:17.893,1.23063,1.23067,5.32,6.26
2018.04.20 11:10:18.848,1.23063,1.23066,2.62,1.10
2018.04.20 11:10:21.835,1.23063,1.23066,1.57,1.01
2018.04.20 11:10:22.434,1.23062,1.23065,3.45,5.25
2018.04.20 11:10:22.655,1.2306,1.23063,1.00,4.20
2018.04.20 11:10:23.166,1.2306,1.23063,1.57,2.70
2018.04.20 11:10:24.284,1.23059,1.23061,3.07,1.00
2018.04.20 11:10:24.956,1.23059,1.23062,3.95,2.25
2018.04.20 11:10:26.933,1.23059,1.23061,3.82,1.50
2018.04.20 11:10:27.946,1.23059,1.23061,3.45,1.00
2018.04.20 11:10:28.049,1.23059,1.23062,3.64,3.75
2018.04.20 11:10:28.102,1.2306,1.23062,1.95,2.25
2018.04.20 11:10:28.606,1.2306,1.23062,1.95,1.57
2018.04.20 11:10:29.158,1.2306,1.23063,4.14,1.69
2018.04.20 11:10:29.627,1.23062,1.23064,2.70,1.76
2018.04.20 11:10:29.759,1.23063,1.23067,9.64,6.37
2018.04.20 11:10:29.812,1.23063,1.23065,1.95,1.50
2018.04.20 11:10:30.331,1.23062,1.23064,1.01,1.50
2018.04.20 11:10:32.070,1.23061,1.23064,2.70,5.81
2018.04.20 11:10:32.572,1.2306,1.23063,2.51,1.12
2018.04.20 11:10:33.277,1.2306,1.23063,3.82,7.57
2018.04.20 11:10:34.383,1.2306,1.23063,2.51,4.95
2018.04.20 11:10:34.897,1.2306,1.23063,2.51,3.37
2018.04.20 11:10:36.399,1.23061,1.23064,5.98,4.20
2018.04.20 11:10:36.657,1.23062,1.23065,1.50,7.69
2018.04.20 11:10:37.176,1.23063,1.23065,2.81,1.00
2018.04.20 11:10:37.521,1.23064,1.23067,5.31,1.00
2018.04.20 11:10:38.039,1.23065,1.23068,1.95,6.00
2018.04.20 11:10:40.986,1.23065,1.23068,1.45,1.95
2018.04.20 11:10:41.195,1.23063,1.23065,1.12,5.25
2018.04.20 11:10:41.452,1.23061,1.23064,1.20,4.87
2018.04.20 11:10:41.960,1.23062,1.23064,2.62,1.12
2018.04.20 11:10:42.477,1.23062,1.23064,2.44,1.50
2018.04.20 11:10:42.852,1.23063,1.23066,3.00,1.01
2018.04.20 11:10:43.523,1.23064,1.23066,1.57,1.25
2018.04.20 11:10:44.021,1.23063,1.23065,1.20,1.57
2018.04.20 11:10:44.646,1.23063,1.23064,1.01,1.69
2018.04.20 11:10:45.187,1.23062,1.23064,1.95,1.76
2018.04.20 11:10:46.071,1.23062,1.23064,1.95,3.26
2018.04.20 11:10:46.542,1.23062,1.23065,3.64,1.57
2018.04.20 11:10:47.070,1.23063,1.23066,3.60,1.10
2018.04.20 11:10:47.215,1.23063,1.23065,2.14,4.69
2018.04.20 11:10:47.267,1.23062,1.23065,1.69,5.32
2018.04.20 11:10:47.787,1.23061,1.23064,2.32,2.06
2018.04.20 11:10:48.226,1.23061,1.23062,1.20,1.00
2018.04.20 11:10:48.769,1.2306,1.23063,2.32,2.70
2018.04.20 11:10:49.303,1.23059,1.23063,5.14,3.37
2018.04.20 11:10:49.655,1.23059,1.23062,2.25,4.57
2018.04.20 11:10:50.278,1.23059,1.23062,2.70,2.25
2018.04.20 11:10:50.479,1.2306,1.23063,2.14,4.50
2018.04.20 11:10:50.637,1.23062,1.23063,1.00,3.00
2018.04.20 11:10:50.796,1.23062,1.23065,1.57,3.00
2018.04.20 11:10:51.352,1.23061,1.23064,5.51,1.12
2018.04.20 11:10:51.860,1.23062,1.23065,2.55,6.37
2018.04.20 11:10:52.410,1.23062,1.23065,2.55,4.12
2018.04.20 11:10:53.092,1.23062,1.23065,3.30,3.75
2018.04.20 11:10:53.751,1.23062,1.23065,1.20,1.87
2018.04.20 11:10:54.701,1.23062,1.23065,5.32,1.87
2018.04.20 11:10:55.167,1.23061,1.23064,2.89,3.56
2018.04.20 11:10:55.719,1.23062,1.23064,2.32,1.50
2018.04.20 11:10:56.392,1.23062,1.23063,1.69,1.00
2018.04.20 11:10:58.951,1.23061,1.23063,5.14,1.00
2018.04.20 11:10:59.466,1.23062,1.23063,4.69,1.00
2018.04.20 11:11:00.182,1.23061,1.23063,4.39,1.00
2018.04.20 11:11:00.731,1.23062,1.23063,1.50,1.00
2018.04.20 11:11:01.423,1.23062,1.23064,3.64,1.31
2018.04.20 11:11:02.309,1.23062,1.23063,1.25,1.00
2018.04.20 11:11:02.829,1.23061,1.23062,1.10,1.00
2018.04.20 11:11:03.636,1.23061,1.23063,1.50,1.12
2018.04.20 11:11:04.152,1.2306,1.23063,5.51,2.25
2018.04.20 11:11:04.885,1.23061,1.23063,1.00,1.00
2018.04.20 11:11:05.413,1.2306,1.23063,4.20,1.25
2018.04.20 11:11:06.045,1.2306,1.23063,6.20,3.45
2018.04.20 11:11:06.673,1.2306,1.23063,7.39,1.87
2018.04.20 11:11:07.276,1.23061,1.23063,1.00,1.87
2018.04.20 11:11:07.535,1.23065,1.23069,5.74,2.14
2018.04.20 11:11:07.589,1.23069,1.2307,4.50,2.32
2018.04.20 11:11:08.095,1.23067,1.2307,3.64,1.12
2018.04.20 11:11:09.867,1.23067,1.23069,4.20,1.00
2018.04.20 11:11:10.482,1.23066,1.23069,3.75,1.10
2018.04.20 11:11:11.014,1.23066,1.23069,5.32,3.45
2018.04.20 11:11:11.565,1.23066,1.23068,1.20,1.20
2018.04.20 11:11:12.888,1.23067,1.23068,1.20,1.00
2018.04.20 11:11:13.113,1.23069,1.2307,1.35,6.45
2018.04.20 11:11:13.165,1.2307,1.23073,4.20,6.00
2018.04.20 11:11:13.436,1.2307,1.23072,2.55,1.00
2018.04.20 11:11:13.960,1.23069,1.2307,1.20,1.00
2018.04.20 11:11:14.012,1.23067,1.2307,4.76,1.31
2018.04.20 11:11:15.205,1.23066,1.23069,2.32,1.50
2018.04.20 11:11:15.721,1.23066,1.23069,3.45,1.10
2018.04.20 11:11:16.222,1.23066,1.23068,3.45,3.19
2018.04.20 11:11:16.726,1.23066,1.23068,1.12,2.62
2018.04.20 11:11:19.191,1.23065,1.23067,2.81,1.25
2018.04.20 11:11:19.357,1.23063,1.23066,2.32,1.12
2018.04.20 11:11:19.873,1.23064,1.23067,6.07,1.50
2018.04.20 11:11:20.841,1.23064,1.23066,1.57,1.00
2018.04.20 11:11:21.050,1.23066,1.23068,1.00,2.32
2018.04.20 11:11:25.977,1.23065,1.23068,1.57,3.07
2018.04.20 11:11:26.585,1.23066,1.23068,1.00,2.25
2018.04.20 11:11:27.417,1.23066,1.23067,1.00,1.50
2018.04.20 11:11:28.030,1.23064,1.23068,5.70,4.76
2018.04.20 11:11:29.252,1.23065,1.23068,3.37,3.97
2018.04.20 11:11:29.305,1.23065,1.23068,3.00,2.51
2018.04.20 11:11:30.030,1.23065,1.23067,2.62,1.00
2018.04.20 11:11:30.598,1.23065,1.23068,3.37,2.32
2018.04.20 11:11:32.702,1.23065,1.23067,1.12,1.50
2018.04.20 11:11:33.251,1.23065,1.23068,1.95,1.54
2018.04.20 11:11:33.767,1.23065,1.23069,2.14,6.82
2018.04.20 11:11:34.608,1.23065,1.23068,4.01,1.50
2018.04.20 11:11:34.662,1.23068,1.23069,1.00,2.25
2018.04.20 11:11:34.768,1.23068,1.2307,1.69,1.69
2018.04.20 11:11:35.423,1.23068,1.2307,1.69,6.56
2018.04.20 11:11:35.968,1.23069,1.2307,1.00,1.00
2018.04.20 11:11:36.434,1.23067,1.2307,8.14,6.64
2018.04.20 11:11:37.985,1.23068,1.2307,1.00,1.95
2018.04.20 11:11:38.245,1.23066,1.23069,3.07,4.50
2018.04.20 11:11:38.782,1.23066,1.23068,1.95,1.00
2018.04.20 11:11:42.733,1.23065,1.23068,4.20,1.00
2018.04.20 11:11:43.257,1.23065,1.23068,6.64,2.25
2018.04.20 11:11:43.985,1.23065,1.23068,2.70,1.50
2018.04.20 11:11:46.000,1.23066,1.23069,1.00,4.57
2018.04.20 11:11:47.167,1.23067,1.23069,1.00,1.50
2018.04.20 11:11:50.526,1.23066,1.23068,1.10,1.00
2018.04.20 11:11:51.062,1.23065,1.23067,1.45,1.00
2018.04.20 11:11:51.600,1.23065,1.23068,1.95,3.45
2018.04.20 11:11:52.118,1.23065,1.23067,2.32,1.50
2018.04.20 11:11:55.541,1.23065,1.23066,1.20,1.00
2018.04.20 11:11:56.044,1.23064,1.23067,1.57,4.50
2018.04.20 11:11:56.558,1.23065,1.23066,1.25,1.00
2018.04.20 11:11:57.154,1.23065,1.23067,2.89,1.00
2018.04.20 11:11:58.828,1.23065,1.23067,1.69,1.25
2018.04.20 11:11:59.506,1.23064,1.23065,1.95,2.47
2018.04.20 11:11:59.913,1.23065,1.23068,2.32,2.62
2018.04.20 11:12:00.485,1.23066,1.23068,1.25,2.81
2018.04.20 11:12:01.021,1.23065,1.23068,2.14,2.25
2018.04.20 11:12:01.751,1.23066,1.23068,1.25,1.31
2018.04.20 11:12:02.280,1.23065,1.23068,3.64,1.12
2018.04.20 11:12:03.866,1.23065,1.23066,4.01,1.00
2018.04.20 11:12:04.403,1.23064,1.23065,1.76,1.00
2018.04.20 11:12:04.611,1.23065,1.23068,1.50,6.45
2018.04.20 11:12:06.339,1.23065,1.23068,1.12,1.20
2018.04.20 11:12:06.981,1.23064,1.23066,1.01,1.87
2018.04.20 11:12:07.377,1.23061,1.23065,7.20,2.70
2018.04.20 11:12:07.430,1.23061,1.23065,5.32,2.32
2018.04.20 11:12:08.002,1.23062,1.23065,1.20,4.57
2018.04.20 11:12:09.441,1.23061,1.23065,4.57,7.57
2018.04.20 11:12:10.162,1.23061,1.23064,4.57,1.00
2018.04.20 11:12:10.472,1.23061,1.23062,1.57,1.00
2018.04.20 11:12:10.997,1.23061,1.23063,1.00,2.25
2018.04.20 11:12:11.590,1.2306,1.23063,6.07,4.12
2018.04.20 11:12:12.098,1.2306,1.23062,1.12,1.00
2018.04.20 11:12:12.637,1.23061,1.23063,1.00,3.07
2018.04.20 11:12:13.332,1.2306,1.23062,1.12,1.00
2018.04.20 11:12:13.822,1.23059,1.23061,2.70,4.35
2018.04.20 11:12:13.982,1.2306,1.23062,1.00,5.17
2018.04.20 11:12:14.035,1.23059,1.23062,1.20,5.70
2018.04.20 11:12:14.292,1.23061,1.23063,2.70,3.82
2018.04.20 11:12:15.028,1.23062,1.23063,1.00,1.50
2018.04.20 11:12:15.448,1.23064,1.23067,1.25,4.20
2018.04.20 11:12:15.557,1.23064,1.23068,1.69,3.64
2018.04.20 11:12:16.154,1.23064,1.23068,2.14,2.70
2018.04.20 11:12:16.361,1.23067,1.23068,1.00,1.00
2018.04.20 11:12:17.595,1.23066,1.23068,1.76,1.00
2018.04.20 11:12:18.096,1.23067,1.23068,1.00,1.00
2018.04.20 11:12:18.612,1.23066,1.23068,2.51,1.00
2018.04.20 11:12:19.990,1.23067,1.23068,1.00,1.00
2018.04.20 11:12:20.538,1.23066,1.23068,2.89,1.00
2018.04.20 11:12:21.049,1.23066,1.23067,1.12,1.00
2018.04.20 11:12:26.013,1.23067,1.23069,4.50,1.07
2018.04.20 11:12:26.551,1.23067,1.23069,1.69,1.25
2018.04.20 11:12:32.623,1.23066,1.23068,1.87,1.00
2018.04.20 11:12:33.167,1.23065,1.23068,3.82,3.00
2018.04.20 11:12:33.669,1.23065,1.23067,1.20,1.10
2018.04.20 11:12:39.165,1.23065,1.23067,1.00,1.69
2018.04.20 11:12:39.692,1.23065,1.23067,1.00,1.25
2018.04.20 11:12:40.417,1.23064,1.23066,1.20,1.00
2018.04.20 11:12:40.731,1.23061,1.23065,3.07,4.57
2018.04.20 11:12:41.267,1.23061,1.23064,2.32,1.95
2018.04.20 11:12:41.783,1.23061,1.23064,2.62,1.20
2018.04.20 11:12:42.345,1.23061,1.23063,2.25,1.00
2018.04.20 11:12:42.722,1.23063,1.23064,1.00,1.10
2018.04.20 11:12:43.330,1.23062,1.23065,1.69,3.64
2018.04.20 11:12:44.168,1.23064,1.23066,1.00,5.14
2018.04.20 11:12:44.988,1.23063,1.23065,2.44,1.00
2018.04.20 11:12:45.648,1.23063,1.23066,2.25,1.20
2018.04.20 11:12:46.169,1.23063,1.23066,1.20,1.95
2018.04.20 11:12:46.484,1.23062,1.23065,1.10,4.87
2018.04.20 11:12:47.408,1.23061,1.23063,1.07,1.50
2018.04.20 11:12:47.998,1.23061,1.23062,1.20,1.50
2018.04.20 11:12:48.609,1.23061,1.23063,1.12,1.87
2018.04.20 11:12:51.379,1.23061,1.23062,1.12,1.00
2018.04.20 11:12:51.882,1.23061,1.23063,1.95,1.00
2018.04.20 11:12:52.683,1.23062,1.23064,1.00,2.25
2018.04.20 11:12:53.196,1.23062,1.23065,4.50,1.95
2018.04.20 11:12:53.737,1.23063,1.23065,1.00,1.00
2018.04.20 11:12:54.615,1.23063,1.23065,1.31,1.19
2018.04.20 11:12:55.237,1.23062,1.23065,6.64,1.25
2018.04.20 11:12:55.623,1.23064,1.23066,4.87,1.25
2018.04.20 11:12:55.685,1.23071,1.23073,1.00,2.62
2018.04.20 11:12:56.191,1.2307,1.23073,5.17,3.00
2018.04.20 11:12:57.832,1.2307,1.23073,1.20,1.57
2018.04.20 11:12:58.089,1.23071,1.23075,5.32,5.70
2018.04.20 11:12:58.601,1.23071,1.23074,4.20,1.31
2018.04.20 11:12:59.144,1.23072,1.23076,1.95,6.15
2018.04.20 11:12:59.405,1.2307,1.23073,1.95,1.50
2018.04.20 11:13:00.924,1.23069,1.23072,6.82,1.25
2018.04.20 11:13:01.928,1.23069,1.23072,5.32,1.00
2018.04.20 11:13:03.189,1.23071,1.23073,1.95,1.10
2018.04.20 11:13:03.728,1.2307,1.23072,1.80,1.00
2018.04.20 11:13:04.303,1.23068,1.23071,12.11,1.00
2018.04.20 11:13:04.813,1.23069,1.23072,1.20,1.00
2018.04.20 11:13:05.250,1.2307,1.23073,1.95,2.51
2018.04.20 11:13:05.802,1.23071,1.23073,1.57,1.12
2018.04.20 11:13:06.742,1.23072,1.23075,2.70,4.20
2018.04.20 11:13:07.264,1.23071,1.23075,4.01,2.89
2018.04.20 11:13:07.610,1.23075,1.23078,1.20,1.50
2018.04.20 11:13:08.630,1.23076,1.23078,1.50,1.00
2018.04.20 11:13:08.785,1.23077,1.2308,1.20,1.25
2018.04.20 11:13:08.889,1.23076,1.23078,1.95,1.12
2018.04.20 11:13:09.211,1.23072,1.23075,1.57,3.94
2018.04.20 11:13:10.332,1.23072,1.23074,1.07,1.87
2018.04.20 11:13:10.844,1.23072,1.23075,4.01,1.87
2018.04.20 11:13:11.627,1.23072,1.23075,6.64,2.62
2018.04.20 11:13:13.674,1.23072,1.23075,3.82,3.19
2018.04.20 11:13:14.351,1.23072,1.23074,1.20,2.25
2018.04.20 11:13:14.879,1.23072,1.23074,1.20,1.00
2018.04.20 11:13:16.446,1.23073,1.23076,1.10,6.64
2018.04.20 11:13:16.970,1.23073,1.23076,4.94,2.06
2018.04.20 11:13:17.584,1.23072,1.23073,1.95,1.00
2018.04.20 11:13:18.101,1.23073,1.23074,1.00,1.00
2018.04.20 11:13:18.651,1.23072,1.23074,2.32,1.00
2018.04.20 11:13:20.326,1.23071,1.23075,10.57,3.00
2018.04.20 11:13:22.171,1.23071,1.23074,4.05,1.00
2018.04.20 11:13:24.845,1.23073,1.23075,3.37,1.00
2018.04.20 11:13:26.105,1.23073,1.23075,4.95,3.19
2018.04.20 11:13:26.213,1.2307,1.23072,1.95,1.00
2018.04.20 11:13:28.500,1.2307,1.23072,2.70,1.69
2018.04.20 11:13:29.052,1.2307,1.23072,1.57,2.44
2018.04.20 11:13:29.532,1.23069,1.2307,1.10,1.00
2018.04.20 11:13:29.586,1.23069,1.23072,1.50,1.57
2018.04.20 11:13:31.224,1.2307,1.23073,1.00,4.76
2018.04.20 11:13:32.446,1.23069,1.23073,4.20,2.51
2018.04.20 11:13:34.353,1.2307,1.23073,1.20,2.25
2018.04.20 11:13:35.538,1.23071,1.23073,1.25,1.25
2018.04.20 11:13:39.726,1.23073,1.23074,1.00,1.10
2018.04.20 11:13:39.831,1.23073,1.23075,1.50,1.25
2018.04.20 11:13:41.363,1.23074,1.23075,1.00,1.25
2018.04.20 11:13:42.132,1.23073,1.23075,1.50,1.25
2018.04.20 11:13:42.813,1.23074,1.23075,1.00,1.25
2018.04.20 11:13:43.534,1.23073,1.23075,1.50,1.31
2018.04.20 11:13:44.133,1.23074,1.23075,1.00,1.31
2018.04.20 11:13:44.735,1.23073,1.23075,1.00,1.31
2018.04.20 11:13:47.156,1.23074,1.23075,1.00,1.39
2018.04.20 11:13:47.663,1.23073,1.23075,3.82,1.39
2018.04.20 11:13:48.187,1.23074,1.23075,1.00,1.31
2018.04.20 11:13:49.776,1.23073,1.23075,4.20,1.31
2018.04.20 11:13:50.569,1.23073,1.23074,1.57,1.00
2018.04.20 11:13:51.078,1.23072,1.23075,1.10,1.31
2018.04.20 11:13:54.775,1.23075,1.23077,1.00,9.26
2018.04.20 11:13:54.828,1.23077,1.23078,4.39,3.75
2018.04.20 11:13:54.880,1.23078,1.23081,1.50,3.45
2018.04.20 11:13:55.398,1.23079,1.23082,1.00,9.86
2018.04.20 11:13:55.930,1.23078,1.23081,3.07,3.19
2018.04.20 11:13:56.779,1.23078,1.23081,2.92,1.25
2018.04.20 11:13:56.935,1.23079,1.23083,7.05,2.51
2018.04.20 11:13:57.053,1.23079,1.23081,7.05,1.00
2018.04.20 11:13:57.581,1.23079,1.2308,1.57,1.00
2018.04.20 11:13:58.529,1.23079,1.23081,1.12,2.06
2018.04.20 11:13:59.201,1.23079,1.23081,1.12,2.06
2018.04.20 11:13:59.708,1.23079,1.23081,1.12,2.81
2018.04.20 11:14:01.777,1.23077,1.23078,1.20,1.00
2018.04.20 11:14:01.882,1.23075,1.23078,5.32,1.29
2018.04.20 11:14:01.987,1.23075,1.23079,5.32,3.26
2018.04.20 11:14:02.862,1.23076,1.23079,2.10,3.26
2018.04.20 11:14:03.018,1.23078,1.23079,1.00,1.50
2018.04.20 11:14:03.554,1.23077,1.23079,1.50,1.00
2018.04.20 11:14:04.081,1.23078,1.23079,1.00,1.10
2018.04.20 11:14:04.667,1.23076,1.2308,7.60,2.51
2018.04.20 11:14:05.674,1.23078,1.2308,1.95,2.70
2018.04.20 11:14:06.217,1.23079,1.23081,1.12,2.02
2018.04.20 11:14:07.375,1.2308,1.23082,1.12,1.10
2018.04.20 11:14:07.738,1.2308,1.23084,5.02,4.01
2018.04.20 11:14:08.244,1.2308,1.23083,3.82,1.50
2018.04.20 11:14:12.157,1.2308,1.23082,2.32,1.00
2018.04.20 11:14:12.314,1.23079,1.23082,3.45,1.50
2018.04.20 11:14:12.626,1.23081,1.23084,7.50,1.57
2018.04.20 11:14:12.968,1.23083,1.23085,1.12,1.07
2018.04.20 11:14:13.173,1.23081,1.23085,5.92,1.39
2018.04.20 11:14:14.508,1.23081,1.23085,2.92,5.14
2018.04.20 11:14:16.017,1.23081,1.23085,2.55,4.70
2018.04.20 11:14:16.592,1.23081,1.23085,2.55,3.45
2018.04.20 11:14:17.325,1.23081,1.23084,4.05,1.00
2018.04.20 11:14:17.855,1.2308,1.23083,2.70,1.57
2018.04.20 11:14:17.957,1.23079,1.23082,4.05,1.12
2018.04.20 11:14:18.162,1.23078,1.23081,1.10,3.22
2018.04.20 11:14:20.250,1.23076,1.23078,3.45,2.29
2018.04.20 11:14:20.463,1.23072,1.23074,1.50,2.06
2018.04.20 11:14:20.979,1.23073,1.23075,1.20,1.00
2018.04.20 11:14:21.724,1.23073,1.23077,1.57,4.20
2018.04.20 11:14:23.451,1.23074,1.23077,1.00,3.45
2018.04.20 11:14:23.970,1.23074,1.23076,6.30,1.00
2018.04.20 11:14:24.262,1.23073,1.23076,3.82,1.19
2018.04.20 11:14:24.799,1.23073,1.23077,4.57,1.31
2018.04.20 11:14:24.851,1.23073,1.23076,4.57,1.19
2018.04.20 11:14:24.904,1.23073,1.23077,4.57,1.31
2018.04.20 11:14:25.419,1.23074,1.23076,1.10,1.25
2018.04.20 11:14:27.359,1.23076,1.23078,1.00,2.14
2018.04.20 11:14:27.898,1.23076,1.23079,1.00,2.14
2018.04.20 11:14:28.438,1.23076,1.23079,1.87,2.32
2018.04.20 11:14:29.380,1.23076,1.23079,1.50,5.51
2018.04.20 11:14:29.693,1.23074,1.23076,1.00,1.20
2018.04.20 11:14:30.220,1.23073,1.23076,1.50,1.20
2018.04.20 11:14:31.352,1.23074,1.23076,1.00,1.20
2018.04.20 11:14:31.912,1.23075,1.23077,1.12,1.45
2018.04.20 11:14:33.033,1.23074,1.23077,2.70,1.45
2018.04.20 11:14:35.204,1.23075,1.23077,4.69,1.20
2018.04.20 11:14:35.754,1.23075,1.23077,1.50,1.00
2018.04.20 11:14:38.161,1.23075,1.23078,1.50,1.10
2018.04.20 11:14:38.482,1.23078,1.2308,1.00,1.45
2018.04.20 11:14:39.069,1.23077,1.2308,9.64,1.45
2018.04.20 11:14:39.604,1.23076,1.23079,2.62,1.39
2018.04.20 11:14:40.544,1.23076,1.23078,1.12,1.45
2018.04.20 11:14:41.482,1.23076,1.23079,1.87,2.70
2018.04.20 11:14:44.587,1.23076,1.23078,1.50,1.20
2018.04.20 11:14:45.177,1.23078,1.23079,2.25,2.51
2018.04.20 11:14:45.281,1.23082,1.23083,1.00,1.57
2018.04.20 11:14:45.334,1.23085,1.23086,1.00,3.22
2018.04.20 11:14:45.561,1.23081,1.23084,8.74,1.20
2018.04.20 11:14:46.670,1.23082,1.23085,8.36,1.57
2018.04.20 11:14:46.777,1.23084,1.23087,1.50,1.20
2018.04.20 11:14:48.060,1.23083,1.23086,2.47,1.10
2018.04.20 11:14:48.515,1.23081,1.23084,4.57,1.00
2018.04.20 11:14:48.703,1.2308,1.23083,1.50,2.89
2018.04.20 11:14:49.016,1.23082,1.23083,1.00,1.20
2018.04.20 11:14:49.483,1.2308,1.23082,1.00,1.95
2018.04.20 11:14:50.001,1.2308,1.23082,1.00,1.20
2018.04.20 11:14:50.894,1.23081,1.23082,1.00,1.10
2018.04.20 11:14:51.501,1.2308,1.23082,2.62,1.10
2018.04.20 11:14:51.961,1.23081,1.23083,6.37,1.57
2018.04.20 11:14:52.065,1.2308,1.23084,5.47,2.70
2018.04.20 11:14:52.117,1.23081,1.23084,3.00,2.70
2018.04.20 11:14:52.480,1.23082,1.23085,5.31,1.00
2018.04.20 11:14:53.015,1.23084,1.23087,1.50,2.32
2018.04.20 11:14:53.639,1.23083,1.23085,2.32,1.95
2018.04.20 11:14:53.865,1.23084,1.23086,1.00,1.57
2018.04.20 11:14:54.392,1.23085,1.23086,1.00,1.10
2018.04.20 11:14:54.547,1.23083,1.23087,2.25,1.95
2018.04.20 11:14:54.702,1.23082,1.23085,1.00,5.70
2018.04.20 11:14:55.224,1.23083,1.23086,1.00,4.39
2018.04.20 11:14:56.152,1.23083,1.23086,1.00,2.32
2018.04.20 11:14:57.404,1.23084,1.23086,1.00,2.32
2018.04.20 11:14:57.865,1.23086,1.23088,1.00,4.76
2018.04.20 11:15:00.555,1.23085,1.23087,1.00,1.20
2018.04.20 11:15:01.197,1.23086,1.23088,1.00,8.51
2018.04.20 11:15:01.775,1.23087,1.23088,3.00,3.45
2018.04.20 11:15:01.834,1.23089,1.2309,1.00,1.20
2018.04.20 11:15:02.342,1.2309,1.23091,1.00,1.20
2018.04.20 11:15:02.546,1.23087,1.23091,3.75,8.89
2018.04.20 11:15:02.649,1.23089,1.2309,1.00,1.00
2018.04.20 11:15:03.476,1.23088,1.2309,1.00,2.51
2018.04.20 11:15:03.990,1.23089,1.2309,1.00,1.76
2018.04.20 11:15:05.102,1.23087,1.2309,3.19,1.57
2018.04.20 11:15:05.364,1.23089,1.2309,1.00,1.10
2018.04.20 11:15:05.691,1.23091,1.23093,1.00,2.37
2018.04.20 11:15:07.351,1.23089,1.23092,1.12,5.51
2018.04.20 11:15:07.402,1.23088,1.2309,4.20,1.00
2018.04.20 11:15:07.916,1.23089,1.2309,1.00,1.20
2018.04.20 11:15:08.165,1.23087,1.2309,1.69,2.32
2018.04.20 11:15:08.672,1.23088,1.2309,1.00,2.32
2018.04.20 11:15:09.191,1.23087,1.2309,1.54,2.32
2018.04.20 11:15:10.751,1.23087,1.2309,1.01,2.32
2018.04.20 11:15:10.938,1.23085,1.23087,1.10,1.00
2018.04.20 11:15:11.480,1.23084,1.23087,3.45,1.00
2018.04.20 11:15:12.039,1.23084,1.23088,3.07,4.57
2018.04.20 11:15:12.861,1.23084,1.23087,3.07,1.00
2018.04.20 11:15:13.679,1.23084,1.23086,3.07,1.00
2018.04.20 11:15:14.049,1.23087,1.23089,1.12,7.95
2018.04.20 11:15:14.209,1.23091,1.23092,1.00,1.10
2018.04.20 11:15:14.262,1.23092,1.23094,2.62,4.17
2018.04.20 11:15:14.528,1.23093,1.23095,2.51,1.24
2018.04.20 11:15:14.838,1.23095,1.23097,1.00,4.76
2018.04.20 11:15:15.391,1.23094,1.23097,1.50,1.57
2018.04.20 11:15:15.730,1.23092,1.23095,7.05,1.00
2018.04.20 11:15:16.611,1.23092,1.23095,1.00,4.61
2018.04.20 11:15:17.127,1.23091,1.23095,5.47,3.11
2018.04.20 11:15:17.647,1.23092,1.23095,1.00,2.74
2018.04.20 11:15:18.156,1.23092,1.23095,1.76,3.07
2018.04.20 11:15:18.515,1.23094,1.23096,1.00,1.95
2018.04.20 11:15:19.034,1.23093,1.23095,3.07,1.20
2018.04.20 11:15:21.909,1.23095,1.23096,1.00,2.32
2018.04.20 11:15:22.015,1.23096,1.23098,1.00,5.32
2018.04.20 11:15:22.542,1.23095,1.23098,1.50,1.20
2018.04.20 11:15:23.202,1.23095,1.23096,1.00,1.00
2018.04.20 11:15:23.305,1.23092,1.23095,1.00,1.61
2018.04.20 11:15:23.833,1.23091,1.23094,4.24,1.35
2018.04.20 11:15:24.380,1.23091,1.23095,4.57,3.07
2018.04.20 11:15:25.003,1.23091,1.23094,1.50,4.24
2018.04.20 11:15:25.717,1.2309,1.23093,5.32,1.00
2018.04.20 11:15:27.517,1.23088,1.2309,3.45,1.00
2018.04.20 11:15:27.705,1.23086,1.23089,3.26,1.16
2018.04.20 11:15:27.910,1.23089,1.2309,1.12,1.00
2018.04.20 11:15:28.013,1.2309,1.23092,1.10,1.20
2018.04.20 11:15:30.116,1.23091,1.23092,1.00,1.00
2018.04.20 11:15:34.084,1.2309,1.23091,1.12,1.50
2018.04.20 11:15:34.295,1.23088,1.23092,1.95,4.00
2018.04.20 11:15:34.609,1.23091,1.23093,6.75,1.20
2018.04.20 11:15:34.720,1.23092,1.23094,1.12,1.00
2018.04.20 11:15:35.270,1.23091,1.23093,3.07,1.50
2018.04.20 11:15:36.118,1.2309,1.23093,2.14,1.00
2018.04.20 11:15:36.649,1.2309,1.23094,2.89,2.32
2018.04.20 11:15:37.310,1.23092,1.23095,1.76,5.77
2018.04.20 11:15:37.851,1.23091,1.23095,3.11,6.94
2018.04.20 11:15:38.163,1.23093,1.23095,2.51,1.20
2018.04.20 11:15:38.827,1.23093,1.23095,1.76,1.08
2018.04.20 11:15:39.364,1.23093,1.23095,2.14,1.10
2018.04.20 11:15:40.780,1.23093,1.23095,1.76,1.10
2018.04.20 11:15:41.296,1.23093,1.23095,3.07,1.08
2018.04.20 11:15:41.894,1.23093,1.23095,1.69,1.00
2018.04.20 11:15:42.049,1.23092,1.23095,3.26,1.00
2018.04.20 11:15:43.893,1.23093,1.23096,2.25,3.14
2018.04.20 11:15:43.946,1.23095,1.23097,3.00,1.57
2018.04.20 11:15:44.052,1.23095,1.23098,5.74,2.32
2018.04.20 11:15:44.604,1.23097,1.231,1.25,6.11
2018.04.20 11:15:45.589,1.23097,1.231,1.25,5.32
2018.04.20 11:15:45.642,1.23097,1.23098,1.25,1.00
2018.04.20 11:15:46.004,1.23097,1.231,1.25,2.89
2018.04.20 11:15:46.516,1.23096,1.23099,6.07,1.54
2018.04.20 11:15:47.213,1.23095,1.23098,2.70,1.00
2018.04.20 11:15:47.729,1.23095,1.23098,3.07,1.10
2018.04.20 11:15:48.744,1.23095,1.23097,1.10,1.10
2018.04.20 11:15:49.354,1.23095,1.23098,2.62,2.70
2018.04.20 11:15:49.920,1.23094,1.23097,2.32,1.00
2018.04.20 11:15:50.786,1.23094,1.23098,1.57,3.82
2018.04.20 11:15:53.149,1.23095,1.23097,4.50,1.00
2018.04.20 11:15:53.710,1.23094,1.23098,1.76,1.95
2018.04.20 11:15:54.680,1.23094,1.23098,2.14,3.07
2018.04.20 11:15:56.129,1.23095,1.23098,4.50,7.95
2018.04.20 11:15:56.183,1.23094,1.23095,1.00,1.00
2018.04.20 11:15:56.704,1.23094,1.23097,1.31,1.47
2018.04.20 11:15:56.860,1.23094,1.23098,2.89,7.95
2018.04.20 11:15:57.419,1.23095,1.23097,1.00,1.00
2018.04.20 11:15:57.946,1.23094,1.23098,4.01,4.95
2018.04.20 11:15:58.472,1.23095,1.23098,1.10,6.82
2018.04.20 11:15:59.409,1.23097,1.23099,1.00,2.70
2018.04.20 11:15:59.462,1.23097,1.23099,1.10,1.57
2018.04.20 11:15:59.989,1.23098,1.231,1.00,1.50
2018.04.20 11:16:00.427,1.231,1.23102,2.55,1.50
2018.04.20 11:16:00.741,1.23103,1.23105,1.00,1.50
2018.04.20 11:16:02.318,1.23102,1.23105,1.20,4.16
2018.04.20 11:16:02.837,1.23102,1.23104,1.31,2.66
2018.04.20 11:16:03.162,1.23098,1.231,1.50,1.00
2018.04.20 11:16:03.216,1.23099,1.23101,1.50,1.20
2018.04.20 11:16:03.732,1.23098,1.23101,5.89,2.25
2018.04.20 11:16:05.419,1.23099,1.23101,1.50,1.50
2018.04.20 11:16:06.143,1.23099,1.23101,1.07,1.50
2018.04.20 11:16:06.463,1.23098,1.23102,3.45,2.32
2018.04.20 11:16:06.825,1.23097,1.231,13.76,1.00
2018.04.20 11:16:07.404,1.23099,1.23101,1.00,3.00
2018.04.20 11:16:08.019,1.23098,1.23101,1.57,2.25
2018.04.20 11:16:08.543,1.23099,1.23102,1.76,5.06
2018.04.20 11:16:09.210,1.231,1.23102,1.00,5.25
2018.04.20 11:16:10.104,1.23099,1.23102,1.10,6.00
2018.04.20 11:16:10.623,1.23098,1.23101,1.50,4.57
2018.04.20 11:16:11.609,1.231,1.23102,1.25,1.95
2018.04.20 11:16:11.896,1.23099,1.23103,1.57,5.32
2018.04.20 11:16:12.667,1.23098,1.23101,4.61,1.87
2018.04.20 11:16:13.503,1.231,1.23103,2.25,5.14
2018.04.20 11:16:14.033,1.231,1.23102,2.44,1.31
2018.04.20 11:16:15.534,1.23101,1.23102,1.00,1.01
2018.04.20 11:16:16.687,1.23101,1.23103,1.25,1.12
2018.04.20 11:16:17.249,1.231,1.23103,5.25,3.19
2018.04.20 11:16:18.163,1.23101,1.23103,1.00,3.94
2018.04.20 11:16:19.783,1.231,1.23103,5.25,3.19
2018.04.20 11:16:22.674,1.23101,1.23103,1.00,1.50
2018.04.20 11:16:23.097,1.23103,1.23104,1.12,3.94
2018.04.20 11:16:23.255,1.23103,1.23106,1.31,3.54
2018.04.20 11:16:23.951,1.23102,1.23105,6.07,1.00
2018.04.20 11:16:24.472,1.23104,1.23106,1.00,3.82
2018.04.20 11:16:24.980,1.23105,1.23106,1.00,1.10
2018.04.20 11:16:27.479,1.23103,1.23105,1.26,1.00
2018.04.20 11:16:27.655,1.23102,1.23104,3.60,1.69
2018.04.20 11:16:28.168,1.23101,1.23104,2.14,3.07
2018.04.20 11:16:30.021,1.23101,1.23104,1.62,3.45
2018.04.20 11:16:31.795,1.23103,1.23105,3.37,1.57
2018.04.20 11:16:32.158,1.23105,1.23107,2.10,3.37
2018.04.20 11:16:32.677,1.23105,1.23107,1.87,1.50
2018.04.20 11:16:33.007,1.23107,1.23109,2.44,2.25
2018.04.20 11:16:33.164,1.23106,1.23109,1.87,1.10
2018.04.20 11:16:33.524,1.23105,1.23106,1.00,1.00
2018.04.20 11:16:34.067,1.23105,1.23108,1.01,3.07
2018.04.20 11:16:34.649,1.23104,1.23108,2.32,3.82
2018.04.20 11:16:35.501,1.23103,1.23105,1.07,1.87
2018.04.20 11:16:36.018,1.23103,1.23105,1.00,4.57
2018.04.20 11:16:36.630,1.23103,1.23105,1.00,2.32
2018.04.20 11:16:37.017,1.23101,1.23103,1.87,2.25
2018.04.20 11:16:37.619,1.23101,1.23102,1.50,1.12
2018.04.20 11:16:38.131,1.231,1.23103,2.81,3.45
2018.04.20 11:16:38.184,1.23101,1.23103,2.44,2.25
2018.04.20 11:16:38.238,1.23103,1.23105,3.94,3.45
2018.04.20 11:16:38.499,1.23105,1.23107,1.00,1.00
2018.04.20 11:16:39.023,1.23104,1.23105,2.25,1.00
2018.04.20 11:16:39.233,1.23104,1.23108,1.76,3.26
2018.04.20 11:16:39.943,1.23104,1.23108,4.01,3.26
2018.04.20 11:16:40.756,1.23104,1.23108,1.76,2.32
2018.04.20 11:16:41.303,1.23104,1.23107,1.57,1.12
2018.04.20 11:16:43.022,1.23104,1.23106,1.00,1.50
2018.04.20 11:16:45.617,1.23102,1.23106,8.74,1.12
2018.04.20 11:16:45.670,1.23101,1.23103,2.06,1.00
2018.04.20 11:16:46.186,1.23099,1.23102,4.20,2.32
2018.04.20 11:16:46.735,1.23099,1.23101,1.20,1.20
2018.04.20 11:16:47.807,1.23099,1.23101,2.32,1.12
2018.04.20 11:16:49.056,1.23099,1.23101,1.50,1.00
2018.04.20 11:16:49.675,1.23099,1.23101,2.70,1.00
2018.04.20 11:16:50.226,1.23099,1.23103,3.64,2.32
2018.04.20 11:16:50.740,1.231,1.23103,1.76,5.70
2018.04.20 11:16:52.489,1.23099,1.231,3.82,1.50
2018.04.20 11:16:52.595,1.23097,1.23099,1.12,1.00
2018.04.20 11:16:52.910,1.23098,1.23101,4.12,6.07
2018.04.20 11:16:53.427,1.23099,1.23101,1.00,1.20
2018.04.20 11:16:53.723,1.23098,1.23099,1.20,1.00
2018.04.20 11:16:56.175,1.23099,1.23102,1.87,3.07
2018.04.20 11:16:56.278,1.231,1.23103,2.51,1.95
2018.04.20 11:16:56.381,1.231,1.23104,18.60,1.20
2018.04.20 11:16:57.656,1.23102,1.23106,3.60,4.72
2018.04.20 11:16:59.659,1.23103,1.23105,1.00,1.57
2018.04.20 11:17:00.273,1.23102,1.23105,2.74,1.20
2018.04.20 11:17:00.334,1.23105,1.23106,1.35,2.02
2018.04.20 11:17:00.545,1.23107,1.2311,3.45,1.24
2018.04.20 11:17:00.781,1.23105,1.23108,3.26,1.69
2018.04.20 11:17:01.301,1.23103,1.23107,1.95,4.95
2018.04.20 11:17:02.194,1.23103,1.23106,2.32,1.57
2018.04.20 11:17:03.196,1.23103,1.23105,1.00,1.00
2018.04.20 11:17:03.720,1.23103,1.23104,1.12,1.00
2018.04.20 11:17:04.079,1.231,1.23102,6.82,1.00
2018.04.20 11:17:04.293,1.23098,1.23102,2.14,4.01
2018.04.20 11:17:04.811,1.23099,1.23102,3.07,1.50
2018.04.20 11:17:05.443,1.231,1.23102,1.00,1.00
2018.04.20 11:17:06.922,1.23098,1.23102,4.20,1.12
2018.04.20 11:17:07.448,1.23098,1.23101,1.76,1.00
2018.04.20 11:17:07.987,1.23098,1.23101,1.01,1.69
2018.04.20 11:17:09.224,1.23097,1.23099,5.14,1.10
2018.04.20 11:17:09.329,1.23094,1.23096,1.87,1.00
2018.04.20 11:17:10.477,1.23093,1.23096,1.57,1.50
2018.04.20 11:17:10.893,1.23091,1.23094,1.57,4.50
2018.04.20 11:17:11.238,1.23089,1.23092,4.76,2.51
2018.04.20 11:17:11.750,1.23091,1.23094,1.50,1.57
2018.04.20 11:17:13.599,1.23091,1.23094,2.25,3.26
2018.04.20 11:17:14.124,1.2309,1.23093,2.06,4.39
2018.04.20 11:17:14.627,1.2309,1.23092,1.31,1.00
2018.04.20 11:17:15.143,1.2309,1.23093,1.12,7.57
2018.04.20 11:17:15.595,1.23089,1.23091,1.87,2.25
2018.04.20 11:17:16.110,1.23089,1.23092,1.12,3.45
2018.04.20 11:17:16.789,1.23089,1.23093,2.89,7.95
2018.04.20 11:17:17.300,1.2309,1.23092,1.00,2.25
2018.04.20 11:17:17.829,1.23089,1.23092,1.95,1.50
2018.04.20 11:17:18.484,1.2309,1.23092,1.00,2.25
2018.04.20 11:17:18.794,1.23088,1.23091,4.95,2.70
2018.04.20 11:17:18.898,1.23087,1.23089,1.50,2.25
2018.04.20 11:17:19.486,1.23087,1.2309,6.45,1.00
2018.04.20 11:17:20.030,1.23088,1.2309,1.00,1.57
2018.04.20 11:17:20.805,1.23087,1.23089,2.32,1.00
2018.04.20 11:17:20.858,1.23086,1.23089,2.25,4.39
2018.04.20 11:17:21.398,1.23086,1.23088,1.00,1.00
2018.04.20 11:17:21.924,1.23085,1.23089,6.45,1.95
2018.04.20 11:17:22.261,1.23085,1.23087,1.10,1.10
2018.04.20 11:17:22.812,1.23084,1.23086,1.20,1.00
2018.04.20 11:17:23.756,1.23084,1.23085,1.00,1.00
2018.04.20 11:17:24.282,1.23084,1.23087,1.50,2.32
2018.04.20 11:17:25.041,1.23083,1.23087,7.42,1.57
2018.04.20 11:17:25.817,1.23085,1.23088,4.12,3.82
2018.04.20 11:17:26.470,1.23085,1.23088,4.42,1.12
2018.04.20 11:17:26.986,1.23085,1.23087,1.00,3.00
2018.04.20 11:17:28.696,1.23083,1.23087,8.17,4.20
2018.04.20 11:17:29.250,1.23083,1.23087,6.82,4.20
2018.04.20 11:17:29.811,1.23084,1.23087,1.50,3.45
2018.04.20 11:17:30.322,1.23083,1.23087,9.07,2.32
2018.04.20 11:17:30.957,1.23084,1.23087,1.00,3.07
2018.04.20 11:17:31.497,1.23083,1.23087,4.57,3.07
2018.04.20 11:17:33.353,1.23085,1.23087,2.25,3.07
2018.04.20 11:17:33.805,1.23083,1.23087,6.90,1.10
2018.04.20 11:17:33.911,1.23086,1.23088,2.06,1.10
2018.04.20 11:17:34.225,1.23089,1.2309,1.00,1.77
2018.04.20 11:17:41.562,1.23086,1.23087,2.70,1.50
2018.04.20 11:17:41.667,1.23085,1.23087,1.00,1.12
2018.04.20 11:17:44.801,1.23085,1.23086,1.00,1.00
2018.04.20 11:17:46.081,1.23085,1.23087,1.00,2.14
2018.04.20 11:17:47.282,1.23084,1.23086,1.39,1.01
2018.04.20 11:17:47.695,1.23081,1.23083,3.26,1.12
2018.04.20 11:17:47.799,1.23079,1.23082,4.80,1.00
2018.04.20 11:17:48.035,1.23079,1.23081,1.00,9.00
2018.04.20 11:17:48.086,1.23077,1.2308,1.10,2.85
2018.04.20 11:17:48.190,1.23077,1.23078,1.00,1.00
2018.04.20 11:17:48.295,1.23077,1.2308,4.20,2.62
2018.04.20 11:17:48.400,1.23075,1.23078,1.32,2.70
2018.04.20 11:17:48.778,1.23078,1.23081,1.00,4.57
2018.04.20 11:17:49.191,1.23078,1.23082,5.86,2.32
2018.04.20 11:17:49.763,1.23079,1.23082,1.00,2.32
2018.04.20 11:17:50.359,1.23078,1.23082,2.32,2.70
2018.04.20 11:17:50.985,1.23078,1.23082,2.25,2.70
2018.04.20 11:17:51.649,1.23077,1.23079,2.32,1.00
2018.04.20 11:17:51.702,1.23076,1.23078,1.10,1.20
2018.04.20 11:17:51.805,1.23073,1.23076,1.95,1.00
2018.04.20 11:17:52.540,1.23073,1.23077,1.00,4.57
2018.04.20 11:17:54.355,1.23074,1.23077,1.00,4.57
2018.04.20 11:17:54.868,1.23073,1.23077,4.09,2.32
2018.04.20 11:17:55.177,1.2307,1.23072,1.00,1.87
2018.04.20 11:17:55.708,1.23069,1.23071,1.00,1.50
2018.04.20 11:17:55.965,1.23069,1.23073,3.31,2.32
2018.04.20 11:17:56.488,1.23071,1.23073,1.10,1.10
2018.04.20 11:17:57.046,1.23072,1.23073,1.00,1.20
2018.04.20 11:17:57.981,1.23071,1.23073,2.70,1.20
2018.04.20 11:17:58.034,1.23073,1.23075,1.31,1.20
2018.04.20 11:17:58.140,1.23073,1.23076,5.89,1.87
2018.04.20 11:17:58.736,1.23074,1.23076,1.50,1.12
2018.04.20 11:18:05.766,1.23075,1.23077,1.00,3.37
2018.04.20 11:18:06.252,1.23072,1.23076,4.95,4.57
2018.04.20 11:18:06.357,1.23074,1.23076,1.00,1.57
2018.04.20 11:18:10.781,1.23073,1.23075,1.12,2.25
2018.04.20 11:18:11.103,1.23065,1.23068,1.95,4.57
2018.04.20 11:18:11.431,1.23064,1.23066,1.10,2.32
2018.04.20 11:18:12.609,1.23064,1.23065,2.32,1.00
2018.04.20 11:18:12.921,1.23062,1.23065,6.49,6.75
2018.04.20 11:18:13.070,1.23062,1.23064,1.10,3.19
2018.04.20 11:18:13.334,1.23063,1.23065,1.00,1.31
2018.04.20 11:18:13.872,1.23063,1.23065,1.00,2.81
2018.04.20 11:18:14.481,1.23063,1.23065,1.12,1.12
2018.04.20 11:18:15.100,1.23061,1.23063,3.86,1.25
2018.04.20 11:18:15.154,1.23061,1.23064,1.20,3.37
2018.04.20 11:18:15.208,1.2306,1.23064,1.57,4.20
2018.04.20 11:18:15.394,1.23061,1.23062,1.00,1.00
2018.04.20 11:18:15.838,1.23059,1.23063,1.10,5.89
2018.04.20 11:18:16.371,1.23059,1.23063,1.20,8.70
2018.04.20 11:18:17.046,1.23059,1.23062,1.20,1.95
2018.04.20 11:18:17.557,1.23059,1.23063,2.70,15.64
2018.04.20 11:18:20.738,1.23062,1.23063,4.83,1.20
2018.04.20 11:18:20.843,1.23065,1.23067,1.00,4.39
2018.04.20 11:18:20.954,1.23068,1.2307,2.58,2.14
2018.04.20 11:18:21.006,1.23068,1.23072,1.57,6.26
2018.04.20 11:18:21.111,1.23069,1.23071,1.20,1.12
2018.04.20 11:18:21.267,1.23068,1.23071,4.75,1.12
2018.04.20 11:18:22.382,1.23069,1.23072,1.00,5.51
2018.04.20 11:18:22.964,1.23068,1.23072,1.80,4.01
2018.04.20 11:18:23.489,1.23068,1.2307,1.10,1.00
2018.04.20 11:18:24.075,1.23067,1.2307,2.70,2.25
2018.04.20 11:18:24.547,1.23067,1.23071,3.45,2.89
2018.04.20 11:18:25.944,1.23067,1.23071,6.86,1.01
2018.04.20 11:18:28.077,1.2307,1.23072,1.00,3.45
2018.04.20 11:18:28.625,1.23069,1.23071,1.20,1.25
2018.04.20 11:18:28.785,1.23064,1.23068,1.95,1.95
2018.04.20 11:18:28.889,1.23064,1.23066,1.20,1.00
2018.04.20 11:18:29.429,1.23064,1.23066,1.00,1.00
2018.04.20 11:18:29.739,1.23066,1.23068,1.00,1.57
2018.04.20 11:18:29.791,1.23067,1.2307,3.07,1.50
2018.04.20 11:18:30.325,1.23068,1.23071,1.10,1.19
2018.04.20 11:18:31.335,1.23065,1.23067,3.75,1.00
2018.04.20 11:18:31.491,1.23062,1.23065,3.67,1.50
2018.04.20 11:18:32.048,1.23062,1.23065,2.32,1.00
2018.04.20 11:18:32.101,1.23063,1.23067,1.20,4.76
2018.04.20 11:18:32.623,1.23062,1.23066,6.07,1.00
2018.04.20 11:18:37.188,1.23064,1.23066,1.00,1.00
2018.04.20 11:18:37.701,1.23063,1.23066,1.20,1.00
2018.04.20 11:18:38.318,1.23064,1.23066,1.00,1.00
2018.04.20 11:18:38.853,1.23063,1.23066,2.32,1.00
2018.04.20 11:18:40.570,1.23064,1.23066,1.00,1.00
2018.04.20 11:18:41.081,1.23063,1.23066,1.36,1.00
2018.04.20 11:18:41.803,1.23064,1.23066,1.00,1.50
2018.04.20 11:18:42.558,1.23063,1.23066,2.11,1.00
2018.04.20 11:18:43.724,1.23064,1.23066,1.00,1.00
2018.04.20 11:18:44.270,1.23063,1.23066,2.86,1.00
2018.04.20 11:18:45.249,1.23068,1.2307,2.12,9.82
2018.04.20 11:18:45.406,1.23072,1.23075,1.31,2.51
2018.04.20 11:18:45.930,1.23071,1.23075,9.64,1.95
2018.04.20 11:18:47.592,1.23071,1.23075,10.20,1.57
2018.04.20 11:18:47.697,1.2307,1.23072,1.20,1.50
2018.04.20 11:18:48.235,1.23069,1.23071,2.32,1.00
2018.04.20 11:18:48.917,1.2307,1.23071,1.00,1.00
2018.04.20 11:18:49.456,1.23069,1.23072,2.32,1.00
2018.04.20 11:18:50.003,1.2307,1.23072,1.12,1.00
2018.04.20 11:18:50.510,1.23069,1.23073,4.20,2.32
2018.04.20 11:18:51.018,1.2307,1.23073,1.00,1.57
2018.04.20 11:18:53.535,1.23071,1.23073,1.00,1.00
2018.04.20 11:18:54.571,1.23072,1.23074,1.00,1.31
2018.04.20 11:18:55.219,1.23071,1.23074,2.32,1.50
2018.04.20 11:18:55.745,1.23072,1.23074,1.00,1.00
2018.04.20 11:18:56.531,1.23071,1.23075,3.45,5.32
2018.04.20 11:18:57.201,1.23072,1.23075,1.00,6.07
2018.04.20 11:18:58.594,1.23071,1.23075,3.45,3.82
2018.04.20 11:18:59.170,1.23072,1.23075,1.00,7.57
2018.04.20 11:18:59.710,1.23071,1.23075,2.70,3.82
2018.04.20 11:19:00.253,1.23072,1.23075,1.00,6.07
2018.04.20 11:19:00.818,1.23071,1.23075,2.70,5.32
2018.04.20 11:19:05.409,1.23069,1.23072,8.32,3.00
2018.04.20 11:19:05.471,1.23069,1.23072,2.32,2.25
2018.04.20 11:19:06.002,1.23069,1.23073,2.32,4.01
2018.04.20 11:19:06.506,1.23069,1.23072,2.32,1.00
2018.04.20 11:19:07.706,1.23069,1.23071,3.82,2.25
2018.04.20 11:19:08.354,1.23069,1.23072,3.07,3.00
2018.04.20 11:19:12.218,1.23069,1.23072,1.57,1.69
2018.04.20 11:19:12.764,1.23069,1.23072,2.32,1.00
2018.04.20 11:19:14.750,1.23069,1.23072,1.57,2.44
2018.04.20 11:19:15.324,1.23069,1.23072,1.57,1.50
2018.04.20 11:19:15.525,1.23067,1.23069,7.57,1.00
2018.04.20 11:19:15.577,1.23067,1.23069,5.25,1.50
2018.04.20 11:19:15.938,1.23065,1.23068,7.39,1.50
2018.04.20 11:19:16.248,1.23067,1.23068,1.00,1.50
2018.04.20 11:19:16.352,1.2307,1.23073,3.19,3.82
2018.04.20 11:19:16.871,1.23071,1.23074,1.20,1.20
2018.04.20 11:19:20.289,1.2307,1.23072,2.32,4.57
2018.04.20 11:19:22.127,1.2307,1.23074,3.45,3.82
2018.04.20 11:19:22.650,1.2307,1.23073,1.00,1.20
2018.04.20 11:19:23.162,1.23069,1.23073,4.01,1.20
2018.04.20 11:19:24.400,1.2307,1.23073,1.00,2.70
2018.04.20 11:19:24.922,1.23071,1.23073,1.10,1.10
2018.04.20 11:19:34.256,1.2307,1.23072,1.50,1.69
2018.04.20 11:19:34.869,1.2307,1.23073,1.00,1.39
2018.04.20 11:19:40.242,1.23071,1.23073,1.00,1.12
2018.04.20 11:19:41.095,1.23072,1.23075,1.87,2.14
2018.04.20 11:19:41.306,1.23072,1.23073,1.25,1.25
2018.04.20 11:19:41.848,1.23071,1.23073,1.00,1.00
2018.04.20 11:19:42.890,1.23069,1.23072,3.86,1.00
2018.04.20 11:19:43.424,1.23069,1.23073,4.61,2.17
2018.04.20 11:19:46.097,1.23069,1.23073,3.49,1.61
2018.04.20 11:19:49.043,1.2307,1.23073,1.25,1.01
2018.04.20 11:19:49.577,1.2307,1.23072,1.00,1.00
2018.04.20 11:19:50.115,1.2307,1.23073,3.00,3.45
2018.04.20 11:19:50.426,1.23069,1.23072,7.05,1.19
2018.04.20 11:19:50.477,1.23069,1.23073,7.05,7.99
2018.04.20 11:19:51.046,1.23069,1.23072,7.05,1.00
2018.04.20 11:19:51.567,1.23069,1.23073,4.05,3.67
2018.04.20 11:19:52.253,1.23071,1.23072,2.25,1.00
2018.04.20 11:19:52.618,1.23073,1.23074,6.00,1.57
2018.04.20 11:19:52.967,1.23081,1.23082,1.10,1.00
2018.04.20 11:19:53.783,1.23079,1.2308,2.70,1.72
2018.04.20 11:19:53.891,1.23078,1.2308,1.87,3.26
2018.04.20 11:19:53.944,1.23076,1.2308,2.70,3.26
2018.04.20 11:19:54.572,1.23077,1.2308,1.01,2.62
2018.04.20 11:19:55.086,1.23077,1.2308,1.10,2.62
2018.04.20 11:19:57.330,1.23076,1.2308,1.57,2.14
2018.04.20 11:19:57.435,1.23076,1.23079,1.10,1.39
2018.04.20 11:19:57.701,1.23072,1.23076,7.95,6.26
2018.04.20 11:19:58.277,1.23074,1.23075,1.00,1.12
2018.04.20 11:19:58.895,1.23074,1.23076,1.00,4.12
2018.04.20 11:19:59.542,1.23074,1.23075,1.50,1.00
2018.04.20 11:20:00.067,1.23073,1.23075,4.20,1.00
2018.04.20 11:20:00.606,1.23073,1.23074,1.20,1.00
2018.04.20 11:20:00.818,1.2307,1.23072,1.95,1.00
2018.04.20 11:20:04.370,1.23069,1.23073,7.39,6.45
2018.04.20 11:20:04.952,1.23072,1.23074,3.00,1.95
2018.04.20 11:20:05.006,1.23074,1.23077,2.25,6.07
2018.04.20 11:20:05.143,1.23075,1.23079,11.32,4.76
2018.04.20 11:20:05.656,1.23075,1.23079,4.57,2.14
2018.04.20 11:20:06.172,1.23077,1.23079,2.25,2.89
2018.04.20 11:20:06.698,1.23075,1.23079,8.70,2.14
2018.04.20 11:20:07.240,1.23076,1.23079,1.20,2.70
2018.04.20 11:20:07.894,1.23077,1.23079,1.00,2.51
2018.04.20 11:20:08.422,1.23077,1.23079,1.00,3.26
2018.04.20 11:20:08.791,1.23075,1.23077,1.50,1.95
2018.04.20 11:20:09.358,1.23076,1.23077,1.25,1.39
2018.04.20 11:20:09.898,1.23075,1.23077,2.44,1.20
2018.04.20 11:20:10.857,1.23076,1.23077,1.25,1.31
2018.04.20 11:20:11.066,1.23073,1.23076,3.26,2.62
2018.04.20 11:20:11.345,1.23074,1.23077,2.25,1.57
2018.04.20 11:20:11.405,1.23076,1.23077,1.25,1.57
2018.04.20 11:20:11.929,1.23075,1.23077,1.25,1.39
2018.04.20 11:20:13.655,1.23076,1.23077,1.25,3.82
2018.04.20 11:20:14.203,1.23075,1.23077,4.01,1.39
2018.04.20 11:20:15.882,1.23075,1.23077,1.25,1.57
2018.04.20 11:20:17.206,1.23075,1.23077,1.25,3.82
2018.04.20 11:20:17.734,1.23074,1.23076,2.44,1.00
2018.04.20 11:20:19.060,1.23075,1.23076,1.00,1.57
2018.04.20 11:20:19.270,1.23065,1.23067,1.50,2.74
2018.04.20 11:20:19.375,1.23068,1.2307,1.00,6.94
2018.04.20 11:20:19.901,1.23068,1.2307,1.31,1.10
2018.04.20 11:20:20.497,1.23067,1.23069,6.26,1.20
2018.04.20 11:20:21.016,1.23068,1.2307,3.19,1.10
2018.04.20 11:20:21.619,1.23069,1.2307,1.00,1.57
2018.04.20 11:20:22.128,1.23068,1.2307,1.50,2.32
2018.04.20 11:20:23.468,1.23069,1.23071,1.00,3.82
2018.04.20 11:20:24.017,1.23068,1.23071,2.62,2.70
2018.04.20 11:20:24.640,1.23068,1.2307,1.00,1.25
2018.04.20 11:20:25.619,1.23068,1.23071,1.00,2.89
2018.04.20 11:20:26.780,1.23069,1.23071,1.00,1.12
2018.04.20 11:20:27.284,1.23069,1.2307,1.00,1.00
2018.04.20 11:20:27.819,1.23069,1.23072,3.00,5.32
2018.04.20 11:20:29.177,1.23069,1.23072,2.25,6.45
2018.04.20 11:20:30.021,1.23068,1.23072,4.76,4.80
2018.04.20 11:20:30.565,1.23069,1.23072,1.00,4.80
2018.04.20 11:20:31.326,1.23068,1.23072,3.37,3.67
2018.04.20 11:20:31.882,1.23068,1.23072,5.62,5.17
2018.04.20 11:20:33.476,1.23068,1.23072,2.25,4.05
2018.04.20 11:20:34.048,1.23068,1.23072,3.67,5.92
2018.04.20 11:20:34.854,1.23068,1.23072,4.05,5.55
2018.04.20 11:20:36.737,1.23068,1.23072,2.55,3.30
2018.04.20 11:20:37.493,1.23069,1.23072,1.25,4.80
2018.04.20 11:20:40.353,1.23069,1.2307,1.25,1.00
2018.04.20 11:20:40.406,1.23067,1.23069,4.01,1.54
2018.04.20 11:20:40.511,1.23065,1.23068,3.82,1.50
2018.04.20 11:20:41.016,1.23064,1.23067,1.87,1.01
2018.04.20 11:20:41.538,1.23065,1.23068,1.00,7.99
2018.04.20 11:20:42.043,1.23064,1.23067,1.50,3.30
2018.04.20 11:20:42.635,1.23065,1.23066,1.00,1.10
2018.04.20 11:20:45.463,1.23063,1.23065,2.25,1.87
2018.04.20 11:20:47.494,1.23063,1.23065,1.50,1.19
2018.04.20 11:20:47.809,1.23061,1.23064,1.39,2.06
2018.04.20 11:20:47.912,1.2306,1.23062,1.00,2.70
2018.04.20 11:20:48.447,1.2306,1.23062,1.00,2.32
2018.04.20 11:20:52.009,1.23058,1.23062,3.37,10.01
2018.04.20 11:20:58.163,1.2306,1.23061,1.00,1.99
2018.04.20 11:20:58.679,1.23059,1.23061,1.25,1.57
2018.04.20 11:20:58.970,1.23057,1.2306,2.32,2.47
2018.04.20 11:20:59.485,1.23058,1.2306,2.25,1.00
2018.04.20 11:21:00.333,1.23059,1.23061,1.00,1.20
2018.04.20 11:21:00.544,1.23061,1.23062,6.00,1.10
2018.04.20 11:21:00.704,1.23062,1.23065,11.25,9.82
2018.04.20 11:21:04.482,1.23062,1.23065,1.25,1.42
2018.04.20 11:21:04.998,1.23062,1.23065,1.50,7.24
2018.04.20 11:21:05.051,1.2306,1.23061,1.57,1.00
2018.04.20 11:21:05.598,1.23059,1.23061,2.62,1.00
2018.04.20 11:21:09.208,1.2306,1.23061,3.75,1.12
2018.04.20 11:21:09.647,1.23058,1.23061,7.01,1.76
2018.04.20 11:21:18.690,1.23059,1.23061,1.25,1.39
2018.04.20 11:21:23.065,1.23058,1.23061,6.64,1.57
2018.04.20 11:21:24.039,1.23059,1.23061,1.00,1.57
2018.04.20 11:21:24.687,1.23058,1.23061,5.89,1.20
2018.04.20 11:21:25.220,1.23059,1.23061,1.00,1.20
2018.04.20 11:21:25.935,1.23058,1.23061,6.64,1.39
2018.04.20 11:21:29.276,1.23059,1.23061,1.00,2.14
2018.04.20 11:21:30.790,1.23058,1.23061,5.14,2.70
2018.04.20 11:21:34.576,1.23059,1.23061,1.00,1.39
2018.04.20 11:21:35.749,1.23058,1.23061,4.76,1.39
2018.04.20 11:21:36.279,1.23059,1.23061,1.00,1.20
2018.04.20 11:21:36.886,1.23059,1.23062,1.50,1.24
2018.04.20 11:21:40.745,1.2306,1.23062,1.00,3.45
2018.04.20 11:21:41.517,1.23059,1.23062,6.56,1.20
2018.04.20 11:21:42.026,1.2306,1.23062,2.25,2.14
2018.04.20 11:21:42.604,1.23059,1.23063,3.56,5.89
2018.04.20 11:21:43.192,1.2306,1.23063,3.00,7.57
2018.04.20 11:21:44.093,1.23059,1.23063,3.56,5.89
2018.04.20 11:21:44.628,1.2306,1.23063,4.50,5.89
2018.04.20 11:21:56.112,1.2306,1.23062,1.00,2.51
2018.04.20 11:21:56.635,1.2306,1.23062,1.00,1.10
2018.04.20 11:22:00.093,1.2306,1.23061,1.00,1.00
2018.04.20 11:22:01.248,1.2306,1.23062,1.00,1.76
2018.04.20 11:22:01.936,1.2306,1.23062,3.00,2.51
2018.04.20 11:22:03.285,1.2306,1.23062,1.10,1.10
2018.04.20 11:22:03.390,1.23062,1.23064,9.56,3.75
2018.04.20 11:22:03.759,1.23064,1.23067,4.01,1.10
2018.04.20 11:22:04.146,1.23064,1.23067,1.31,2.28
2018.04.20 11:22:04.658,1.23063,1.23065,1.95,1.10
2018.04.20 11:22:05.320,1.23064,1.23065,1.00,1.10
2018.04.20 11:22:05.821,1.23063,1.23065,1.95,1.08
2018.04.20 11:22:10.603,1.23063,1.23067,4.61,3.49
2018.04.20 11:22:11.116,1.23063,1.23067,5.55,2.78
2018.04.20 11:22:11.638,1.23063,1.23067,5.92,3.34
2018.04.20 11:22:12.149,1.23064,1.23067,3.37,3.86
2018.04.20 11:22:12.676,1.23064,1.23067,2.89,3.30
2018.04.20 11:22:14.217,1.23065,1.23067,1.00,3.07
2018.04.20 11:22:14.413,1.23065,1.23068,2.14,2.32
2018.04.20 11:22:21.380,1.23063,1.23064,2.44,1.10
2018.04.20 11:22:21.645,1.23056,1.23057,1.57,1.00
2018.04.20 11:22:21.865,1.23059,1.2306,1.50,2.32
2018.04.20 11:22:21.917,1.23057,1.2306,3.07,1.00
2018.04.20 11:22:21.970,1.23077,1.23079,1.10,1.00
2018.04.20 11:22:22.025,1.23081,1.23084,1.19,24.41
2018.04.20 11:22:22.078,1.23078,1.2308,2.70,1.00
2018.04.20 11:22:22.134,1.23081,1.23083,1.31,2.32
2018.04.20 11:22:22.242,1.23079,1.23081,1.45,1.50
2018.04.20 11:22:22.553,1.23076,1.23077,1.10,1.50
2018.04.20 11:22:22.837,1.23073,1.23076,1.57,1.10
2018.04.20 11:22:23.357,1.23072,1.23076,7.57,2.06
2018.04.20 11:22:23.514,1.23074,1.23076,1.20,1.12
2018.04.20 11:22:24.019,1.23075,1.23077,1.10,1.76
2018.04.20 11:22:25.721,1.23077,1.23078,1.00,1.00
2018.04.20 11:22:26.333,1.23077,1.23079,1.95,1.00
2018.04.20 11:22:26.924,1.23077,1.23081,3.07,9.26
2018.04.20 11:22:27.236,1.23081,1.23082,1.00,1.87
2018.04.20 11:22:27.288,1.23081,1.23085,4.31,5.32
2018.04.20 11:22:27.444,1.2308,1.23083,1.39,1.50
2018.04.20 11:22:27.496,1.2308,1.23084,2.70,3.75
2018.04.20 11:22:27.549,1.2308,1.23082,3.07,1.50
2018.04.20 11:22:28.098,1.2308,1.23084,1.57,7.95
2018.04.20 11:22:28.410,1.23079,1.23082,2.32,1.69
2018.04.20 11:22:28.956,1.23079,1.23082,1.57,1.25
2018.04.20 11:22:29.676,1.23079,1.23083,1.76,2.14
2018.04.20 11:22:29.847,1.2308,1.23084,3.07,4.57
2018.04.20 11:22:30.013,1.2308,1.23082,3.78,1.00
2018.04.20 11:22:30.532,1.2308,1.23082,1.00,1.00
2018.04.20 11:22:31.076,1.23078,1.23082,2.09,1.25
2018.04.20 11:22:31.598,1.23078,1.23082,3.78,1.69
2018.04.20 11:22:32.869,1.23079,1.23082,1.00,3.45
2018.04.20 11:22:33.411,1.23079,1.23081,1.00,1.00
2018.04.20 11:22:33.724,1.23075,1.23078,1.76,1.12
2018.04.20 11:22:33.777,1.23077,1.23078,5.25,1.12
2018.04.20 11:22:34.034,1.23078,1.23082,1.76,3.26
2018.04.20 11:22:34.692,1.23077,1.23079,4.57,1.00
2018.04.20 11:22:35.035,1.23078,1.23081,1.20,1.76
2018.04.20 11:22:36.535,1.23078,1.23081,1.95,1.01
2018.04.20 11:22:37.178,1.23077,1.2308,1.95,1.25
2018.04.20 11:22:37.706,1.23077,1.23081,1.57,7.39
2018.04.20 11:22:38.261,1.23077,1.23081,1.10,3.64
2018.04.20 11:22:39.822,1.23077,1.23081,1.10,5.70
2018.04.20 11:22:40.001,1.23074,1.23076,3.45,1.00
2018.04.20 11:22:41.240,1.23074,1.23076,1.20,1.00
2018.04.20 11:22:46.703,1.23072,1.23074,3.45,1.00
2018.04.20 11:22:46.807,1.23071,1.23073,5.25,1.00
2018.04.20 11:22:50.326,1.23071,1.23072,2.32,1.00
2018.04.20 11:22:50.856,1.23071,1.23073,2.32,1.10
2018.04.20 11:22:52.461,1.23071,1.23072,1.00,1.00
2018.04.20 11:22:52.603,1.23069,1.23071,1.10,1.12
2018.04.20 11:22:52.760,1.23068,1.23071,1.95,6.26
2018.04.20 11:22:53.294,1.23068,1.23071,1.20,2.51
2018.04.20 11:22:53.814,1.23068,1.23071,1.10,6.64
2018.04.20 11:22:54.593,1.23067,1.23071,1.76,2.14
2018.04.20 11:22:55.106,1.23067,1.23071,1.10,5.89
2018.04.20 11:22:55.612,1.23067,1.2307,1.10,2.32
2018.04.20 11:22:57.686,1.23066,1.23069,1.12,3.64
2018.04.20 11:22:58.001,1.23065,1.23068,1.57,2.70
2018.04.20 11:22:58.424,1.23064,1.23066,1.00,1.37
2018.04.20 11:22:58.949,1.23064,1.23066,1.00,1.00
2018.04.20 11:23:09.618,1.23065,1.23066,1.00,1.00
2018.04.20 11:23:10.347,1.23064,1.23067,2.44,1.01
2018.04.20 11:23:10.659,1.23069,1.23072,3.00,1.45
2018.04.20 11:23:10.712,1.2307,1.23074,1.69,2.70
2018.04.20 11:23:10.871,1.23073,1.23075,1.00,1.07
2018.04.20 11:23:11.218,1.2307,1.23073,3.26,1.00
2018.04.20 11:23:11.748,1.2307,1.23072,1.00,1.00
2018.04.20 11:23:13.143,1.23071,1.23072,1.00,1.00
2018.04.20 11:23:13.783,1.2307,1.23072,1.00,2.14
2018.04.20 11:23:13.886,1.23069,1.23072,1.00,4.01
2018.04.20 11:23:15.175,1.23068,1.23072,5.14,4.76
2018.04.20 11:23:15.695,1.23067,1.2307,3.07,2.32
2018.04.20 11:23:16.397,1.23067,1.23068,2.25,3.07
2018.04.20 11:23:16.450,1.23065,1.23066,1.95,1.50
2018.04.20 11:23:16.503,1.23063,1.23064,1.00,2.25
2018.04.20 11:23:16.767,1.23061,1.23063,1.12,1.01
2018.04.20 11:23:17.747,1.23061,1.23062,2.25,1.00
2018.04.20 11:23:17.852,1.2306,1.23062,1.00,3.67
2018.04.20 11:23:18.970,1.23058,1.2306,1.31,1.00
2018.04.20 11:23:19.022,1.23057,1.2306,6.07,1.00
2018.04.20 11:23:19.543,1.23057,1.2306,4.20,1.12
2018.04.20 11:23:20.261,1.23058,1.23061,1.00,1.57
2018.04.20 11:23:20.470,1.23057,1.23059,2.25,1.00
2018.04.20 11:23:21.883,1.23056,1.23058,5.32,1.57
2018.04.20 11:23:22.203,1.23054,1.23055,1.00,1.12
2018.04.20 11:23:22.740,1.23053,1.23055,1.00,1.12
2018.04.20 11:23:23.578,1.23053,1.23054,1.50,1.00
2018.04.20 11:23:25.693,1.23052,1.23053,2.44,1.00
2018.04.20 11:23:25.950,1.2305,1.23053,3.07,4.42
2018.04.20 11:23:26.614,1.2305,1.23051,1.87,1.00
2018.04.20 11:23:26.925,1.23048,1.2305,4.95,1.00
2018.04.20 11:23:27.463,1.23047,1.23049,5.32,1.25
2018.04.20 11:23:27.980,1.23048,1.23051,4.39,2.70
2018.04.20 11:23:28.289,1.23049,1.23051,1.00,3.64
2018.04.20 11:23:28.498,1.23052,1.23054,2.25,2.32
2018.04.20 11:23:29.035,1.23052,1.23053,4.95,1.00
2018.04.20 11:23:29.382,1.23049,1.2305,2.70,1.50
2018.04.20 11:23:29.540,1.23048,1.23049,2.32,1.00
2018.04.20 11:23:30.076,1.23049,1.2305,1.00,2.25
2018.04.20 11:23:30.607,1.23048,1.2305,3.82,1.00
2018.04.20 11:23:32.219,1.23048,1.23049,2.32,1.00
2018.04.20 11:23:32.746,1.23047,1.23048,3.82,1.25
2018.04.20 11:23:33.047,1.23049,1.2305,1.00,3.82
2018.04.20 11:23:33.560,1.23049,1.23051,1.00,6.00
2018.04.20 11:23:34.067,1.23049,1.2305,1.00,1.00
2018.04.20 11:23:34.529,1.23045,1.23046,8.25,1.50
2018.04.20 11:23:34.635,1.23044,1.23045,1.50,5.81
2018.04.20 11:23:34.689,1.23042,1.23043,1.57,1.00
2018.04.20 11:23:34.910,1.23044,1.23046,2.62,1.25
2018.04.20 11:23:34.965,1.23047,1.23048,1.00,1.00
2018.04.20 11:23:35.070,1.23045,1.23048,4.39,2.25
2018.04.20 11:23:35.123,1.23047,1.23048,1.00,3.75
2018.04.20 11:23:35.176,1.23047,1.2305,4.20,2.25
2018.04.20 11:23:35.229,1.23048,1.2305,1.95,1.00
2018.04.20 11:23:35.756,1.23051,1.23052,1.00,2.06
2018.04.20 11:23:36.267,1.2305,1.23052,1.00,2.06
2018.04.20 11:23:36.797,1.23049,1.23051,1.20,1.57
2018.04.20 11:23:37.645,1.23049,1.2305,1.95,1.00
2018.04.20 11:23:38.285,1.23049,1.23051,1.95,1.10
2018.04.20 11:23:38.624,1.23048,1.23049,1.20,1.00
2018.04.20 11:23:38.941,1.23045,1.23047,1.00,6.11
2018.04.20 11:23:39.147,1.23044,1.23047,1.12,3.11
2018.04.20 11:23:39.697,1.23045,1.23047,1.00,4.76
2018.04.20 11:23:40.345,1.23044,1.23047,2.70,2.51
2018.04.20 11:23:41.052,1.23045,1.23046,1.00,1.10
2018.04.20 11:23:41.620,1.23044,1.23046,1.95,1.76
2018.04.20 11:23:42.133,1.23045,1.23046,1.00,1.76
2018.04.20 11:23:42.656,1.23044,1.23046,3.45,1.76
2018.04.20 11:23:42.917,1.23046,1.23048,3.37,3.07
2018.04.20 11:23:42.969,1.23047,1.2305,2.25,3.07
2018.04.20 11:23:43.819,1.23048,1.23049,1.00,1.00
2018.04.20 11:23:44.511,1.23047,1.2305,1.57,3.00
2018.04.20 11:23:45.049,1.23048,1.2305,1.00,1.12
2018.04.20 11:23:46.457,1.23047,1.2305,5.51,1.12
2018.04.20 11:23:47.358,1.23047,1.23048,3.00,1.25
2018.04.20 11:23:47.880,1.23047,1.23049,1.50,3.22
2018.04.20 11:23:48.418,1.23047,1.23048,1.00,1.25
2018.04.20 11:23:48.945,1.23047,1.23049,1.00,5.70
2018.04.20 11:23:49.213,1.23045,1.23048,1.20,3.75
2018.04.20 11:23:50.103,1.23045,1.23048,2.44,4.01
2018.04.20 11:23:50.626,1.23044,1.23046,1.20,2.89
2018.04.20 11:23:51.311,1.23046,1.23048,2.25,1.37
2018.04.20 11:23:51.417,1.23047,1.23049,8.51,1.10
2018.04.20 11:23:52.866,1.23048,1.2305,1.00,3.00
2018.04.20 11:23:53.071,1.2305,1.23051,3.75,1.00
2018.04.20 11:23:53.125,1.23053,1.23054,1.00,1.10
2018.04.20 11:23:53.662,1.23052,1.23055,4.01,1.00
2018.04.20 11:23:54.188,1.23052,1.23055,2.70,1.10
2018.04.20 11:23:55.395,1.23052,1.23055,1.39,1.20
2018.04.20 11:23:58.545,1.23052,1.23055,1.20,1.00
2018.04.20 11:23:58.598,1.23052,1.23054,1.10,3.00
2018.04.20 11:23:58.764,1.2305,1.23053,4.12,2.55
2018.04.20 11:23:59.341,1.2305,1.23053,1.50,2.14
2018.04.20 11:24:00.145,1.23049,1.23053,3.64,4.61
2018.04.20 11:24:00.664,1.23049,1.23052,1.87,1.57
2018.04.20 11:24:02.197,1.23051,1.23053,1.00,4.80
2018.04.20 11:24:04.866,1.23052,1.23053,1.00,1.10
2018.04.20 11:24:04.971,1.23052,1.23055,5.81,3.09
2018.04.20 11:24:06.920,1.23052,1.23056,1.57,4.44
2018.04.20 11:24:10.474,1.23052,1.23056,6.26,4.07
2018.04.20 11:24:10.526,1.23054,1.23056,1.00,3.32
2018.04.20 11:24:11.039,1.23054,1.23056,1.00,1.25
2018.04.20 11:24:11.353,1.23056,1.2306,5.55,2.70
2018.04.20 11:24:11.890,1.23057,1.23061,7.05,4.57
2018.04.20 11:24:11.942,1.23058,1.23061,1.39,3.82
2018.04.20 11:24:12.719,1.23059,1.23062,1.95,1.95
2018.04.20 11:24:15.787,1.23059,1.23062,1.50,2.32
2018.04.20 11:24:16.297,1.23058,1.23062,1.95,1.57
2018.04.20 11:24:16.849,1.23058,1.23061,5.89,1.25
2018.04.20 11:24:17.359,1.23058,1.23062,4.20,9.26
2018.04.20 11:24:17.707,1.23058,1.2306,2.70,1.00
2018.04.20 11:24:18.573,1.23058,1.23061,2.70,1.00
2018.04.20 11:24:19.102,1.23058,1.23062,1.95,1.57
2018.04.20 11:24:19.786,1.23059,1.23062,1.00,2.32
2018.04.20 11:24:20.350,1.23058,1.23062,1.95,1.57
2018.04.20 11:24:20.886,1.23058,1.23062,3.82,2.70
2018.04.20 11:24:22.435,1.23058,1.23062,2.70,2.32
2018.04.20 11:24:22.988,1.23058,1.23062,3.07,7.20
2018.04.20 11:24:25.825,1.23059,1.23061,1.00,2.70
2018.04.20 11:24:26.474,1.23059,1.23061,1.10,1.57
2018.04.20 11:24:33.512,1.23057,1.23059,1.10,2.25
2018.04.20 11:24:33.834,1.23055,1.23057,1.00,2.55
2018.04.20 11:24:35.526,1.23053,1.23055,1.25,1.00
2018.04.20 11:24:35.786,1.23052,1.23053,6.45,1.12
2018.04.20 11:24:35.896,1.2305,1.23051,2.25,2.70
2018.04.20 11:24:35.999,1.23048,1.2305,1.10,1.57
2018.04.20 11:24:36.415,1.23046,1.2305,3.07,4.20
2018.04.20 11:24:37.280,1.23046,1.2305,3.26,5.70
2018.04.20 11:24:37.794,1.23046,1.23049,4.57,1.00
2018.04.20 11:24:38.363,1.23046,1.2305,2.32,4.20
2018.04.20 11:24:38.869,1.23046,1.2305,1.10,3.45
2018.04.20 11:24:39.410,1.23048,1.2305,3.00,1.00
2018.04.20 11:24:39.515,1.2305,1.23053,1.00,4.95
2018.04.20 11:24:39.568,1.23052,1.23054,1.00,2.70
2018.04.20 11:24:40.104,1.23052,1.23054,4.67,1.00
