2018.04.30 12:00:00.125,1.2077,1.20772,1.39,1.00
2018.04.30 12:00:00.415,1.20771,1.20777,5.44,1.25
2018.04.30 12:00:00.519,1.20774,1.20778,1.25,1.00
2018.04.30 12:00:00.679,1.20774,1.20781,1.31,4.23
2018.04.30 12:00:00.732,1.20775,1.2078,1.00,2.44
2018.04.30 12:00:00.926,1.20771,1.20777,1.87,1.10
2018.04.30 12:00:01.032,1.20772,1.20779,1.31,3.82
2018.04.30 12:00:01.084,1.20771,1.20778,2.25,1.50
2018.04.30 12:00:01.136,1.20773,1.20777,1.00,1.00
2018.04.30 12:00:01.512,1.20771,1.20777,1.57,1.00
2018.04.30 12:00:01.916,1.20772,1.20777,1.19,1.00
2018.04.30 12:00:02.377,1.2077,1.20774,1.50,1.00
2018.04.30 12:00:02.812,1.20771,1.20777,1.69,3.26
2018.04.30 12:00:02.915,1.2077,1.20778,9.45,1.95
2018.04.30 12:00:03.431,1.20771,1.20777,2.44,1.00
2018.04.30 12:00:04.578,1.20771,1.20777,2.62,5.81
2018.04.30 12:00:05.897,1.2077,1.20776,1.87,8.62
2018.04.30 12:00:06.208,1.20769,1.20773,3.56,1.00
2018.04.30 12:00:06.710,1.20769,1.20774,4.69,3.00
2018.04.30 12:00:07.253,1.2077,1.20774,3.56,1.00
2018.04.30 12:00:09.170,1.20768,1.20769,2.81,1.00
2018.04.30 12:00:09.275,1.20762,1.20766,1.29,1.00
2018.04.30 12:00:09.380,1.2076,1.20767,5.62,3.19
2018.04.30 12:00:10.030,1.2076,1.20766,5.25,1.12
2018.04.30 12:00:10.635,1.20761,1.20767,7.87,2.62
2018.04.30 12:00:11.535,1.20762,1.20767,1.19,1.00
2018.04.30 12:00:12.275,1.20763,1.20767,2.44,1.00
2018.04.30 12:00:12.739,1.20762,1.20767,9.00,1.00
2018.04.30 12:00:13.267,1.20762,1.20766,3.94,1.25
2018.04.30 12:00:13.393,1.20765,1.20767,1.03,1.00
2018.04.30 12:00:13.445,1.20768,1.20773,1.69,4.31
2018.04.30 12:00:13.501,1.20768,1.20771,2.25,1.00
2018.04.30 12:00:13.714,1.20765,1.2077,6.37,1.00
2018.04.30 12:00:13.819,1.20765,1.20767,1.00,1.00
2018.04.30 12:00:13.871,1.20763,1.20768,1.69,5.25
2018.04.30 12:00:13.976,1.20761,1.20763,2.44,1.35
2018.04.30 12:00:14.028,1.20762,1.20766,6.00,1.19
2018.04.30 12:00:14.186,1.20761,1.20762,1.00,1.00
2018.04.30 12:00:14.697,1.2076,1.20762,2.44,1.00
2018.04.30 12:00:15.374,1.2076,1.20762,2.44,1.69
2018.04.30 12:00:16.584,1.2076,1.20762,1.69,1.00
2018.04.30 12:00:17.131,1.20759,1.20762,2.44,1.00
2018.04.30 12:00:17.670,1.20759,1.20763,1.69,2.25
2018.04.30 12:00:18.013,1.20757,1.20761,3.00,1.87
2018.04.30 12:00:18.531,1.20756,1.2076,2.81,2.06
2018.04.30 12:00:18.844,1.20756,1.20759,2.44,1.25
2018.04.30 12:00:19.237,1.20756,1.2076,1.50,1.69
2018.04.30 12:00:19.289,1.20754,1.20755,1.50,3.75
2018.04.30 12:00:19.356,1.20748,1.20751,4.20,1.25
2018.04.30 12:00:20.251,1.20748,1.20752,1.50,1.12
2018.04.30 12:00:20.303,1.20748,1.2075,1.50,1.25
2018.04.30 12:00:21.024,1.20744,1.20747,1.50,1.25
2018.04.30 12:00:21.568,1.20743,1.20748,1.87,5.06
2018.04.30 12:00:22.066,1.20745,1.20748,2.25,1.25
2018.04.30 12:00:22.234,1.20743,1.20748,2.81,3.19
2018.04.30 12:00:22.288,1.20741,1.20746,1.76,5.43
2018.04.30 12:00:22.806,1.2074,1.20744,2.44,1.50
2018.04.30 12:00:22.858,1.20738,1.20743,2.82,1.69
2018.04.30 12:00:23.089,1.20739,1.20742,1.87,1.25
2018.04.30 12:00:23.243,1.20739,1.20742,1.50,1.25
2018.04.30 12:00:23.400,1.20737,1.20742,1.50,1.12
2018.04.30 12:00:23.453,1.20737,1.20742,2.44,1.12
2018.04.30 12:00:23.506,1.20736,1.20741,5.06,1.00
2018.04.30 12:00:23.558,1.20736,1.2074,5.81,1.25
2018.04.30 12:00:23.926,1.20728,1.20731,1.65,3.00
2018.04.30 12:00:24.020,1.20728,1.20729,4.46,1.00
2018.04.30 12:00:24.074,1.20733,1.20735,3.29,1.25
2018.04.30 12:00:24.178,1.20733,1.20737,2.92,1.69
2018.04.30 12:00:24.233,1.20733,1.20736,5.62,1.25
2018.04.30 12:00:24.342,1.20733,1.20737,1.42,1.69
2018.04.30 12:00:24.799,1.20737,1.20741,1.69,5.70
2018.04.30 12:00:25.107,1.20732,1.20736,3.94,1.25
2018.04.30 12:00:25.465,1.20729,1.20734,3.19,1.69
2018.04.30 12:00:26.439,1.20729,1.20733,5.46,1.25
2018.04.30 12:00:26.989,1.20729,1.20734,1.87,2.81
2018.04.30 12:00:27.512,1.2073,1.20734,2.25,2.44
2018.04.30 12:00:27.979,1.20729,1.20731,1.00,1.03
2018.04.30 12:00:28.033,1.20727,1.20731,1.69,1.00
2018.04.30 12:00:28.548,1.20729,1.20733,1.12,1.69
2018.04.30 12:00:28.651,1.2073,1.20733,1.19,1.25
2018.04.30 12:00:28.996,1.20732,1.20736,2.33,3.94
2018.04.30 12:00:29.204,1.20732,1.20738,1.95,4.69
2018.04.30 12:00:29.362,1.20734,1.20737,1.29,1.25
2018.04.30 12:00:29.517,1.20731,1.20737,8.14,1.25
2018.04.30 12:00:29.724,1.20736,1.20738,1.00,1.69
2018.04.30 12:00:29.828,1.20737,1.20742,1.76,1.25
2018.04.30 12:00:30.440,1.20738,1.20742,1.01,1.00
2018.04.30 12:00:30.703,1.20741,1.20745,1.00,2.25
2018.04.30 12:00:30.845,1.20742,1.20748,1.20,1.50
2018.04.30 12:00:31.368,1.20742,1.20747,6.82,1.50
2018.04.30 12:00:31.473,1.20742,1.20744,1.10,1.00
2018.04.30 12:00:31.580,1.20739,1.20744,1.19,9.36
2018.04.30 12:00:31.693,1.20738,1.20743,1.01,1.50
2018.04.30 12:00:32.212,1.20738,1.20743,3.00,4.12
2018.04.30 12:00:32.728,1.20738,1.20743,1.20,1.00
2018.04.30 12:00:32.849,1.20742,1.20745,1.54,1.12
2018.04.30 12:00:32.902,1.20744,1.2075,3.64,5.44
2018.04.30 12:00:32.955,1.20745,1.20749,1.88,2.25
2018.04.30 12:00:33.316,1.20745,1.20751,3.82,6.37
2018.04.30 12:00:33.522,1.20745,1.20749,7.20,1.00
2018.04.30 12:00:33.844,1.20746,1.20747,1.00,1.69
2018.04.30 12:00:33.897,1.20748,1.20752,2.25,2.81
2018.04.30 12:00:33.950,1.20749,1.20751,1.00,1.00
2018.04.30 12:00:34.054,1.20748,1.20754,4.12,1.87
2018.04.30 12:00:34.211,1.2075,1.20755,1.12,1.50
2018.04.30 12:00:34.561,1.20756,1.20761,1.12,2.06
2018.04.30 12:00:35.075,1.20755,1.2076,9.26,1.00
2018.04.30 12:00:35.385,1.20754,1.20758,4.20,1.12
2018.04.30 12:00:35.491,1.20753,1.20758,1.95,1.00
2018.04.30 12:00:36.003,1.20753,1.20758,2.70,4.12
2018.04.30 12:00:36.263,1.20756,1.20759,1.87,6.75
2018.04.30 12:00:36.367,1.20761,1.20762,1.00,1.00
2018.04.30 12:00:36.419,1.20759,1.20765,5.06,3.19
2018.04.30 12:00:36.590,1.20759,1.20763,3.07,1.00
2018.04.30 12:00:36.898,1.20761,1.20767,2.70,3.19
2018.04.30 12:00:37.001,1.20762,1.20768,5.89,1.20
2018.04.30 12:00:37.315,1.20766,1.20768,1.69,1.00
2018.04.30 12:00:37.367,1.20762,1.20764,1.12,1.00
2018.04.30 12:00:37.574,1.20758,1.20763,4.01,1.00
2018.04.30 12:00:37.829,1.20758,1.20763,1.00,2.25
2018.04.30 12:00:37.936,1.20756,1.2076,3.26,1.50
2018.04.30 12:00:38.162,1.20753,1.20758,1.10,1.50
2018.04.30 12:00:38.419,1.20755,1.2076,3.94,3.75
2018.04.30 12:00:38.969,1.20754,1.20759,2.32,1.12
2018.04.30 12:00:39.516,1.20754,1.20758,1.10,4.87
2018.04.30 12:00:40.281,1.20753,1.20757,3.64,1.00
2018.04.30 12:00:40.590,1.20749,1.20754,2.14,3.00
2018.04.30 12:00:40.642,1.20749,1.20752,1.20,1.00
2018.04.30 12:00:41.087,1.20749,1.2075,1.39,1.00
2018.04.30 12:00:41.219,1.20748,1.20751,1.00,1.00
2018.04.30 12:00:41.761,1.20748,1.20752,1.69,1.00
2018.04.30 12:00:42.304,1.20749,1.20752,1.00,1.50
2018.04.30 12:00:42.810,1.20748,1.20752,1.01,3.00
2018.04.30 12:00:42.917,1.20744,1.20749,3.64,1.00
2018.04.30 12:00:43.422,1.20744,1.20749,1.00,3.37
2018.04.30 12:00:43.752,1.20747,1.2075,1.25,1.00
2018.04.30 12:00:44.065,1.20743,1.20749,4.01,3.75
2018.04.30 12:00:44.850,1.20744,1.20748,1.00,2.25
2018.04.30 12:00:45.376,1.20744,1.20749,3.45,1.12
2018.04.30 12:00:46.250,1.20745,1.2075,1.31,5.25
2018.04.30 12:00:46.303,1.20744,1.2075,5.89,3.75
2018.04.30 12:00:46.355,1.20746,1.2075,1.50,2.25
2018.04.30 12:00:46.871,1.20745,1.20746,1.00,1.50
2018.04.30 12:00:47.000,1.20741,1.20743,1.00,1.12
2018.04.30 12:00:47.054,1.20738,1.2074,1.00,1.12
2018.04.30 12:00:47.215,1.20738,1.20742,1.87,1.00
2018.04.30 12:00:47.471,1.20741,1.20743,1.00,1.69
2018.04.30 12:00:47.574,1.20742,1.20747,2.62,2.81
2018.04.30 12:00:48.658,1.20742,1.20747,2.25,2.81
2018.04.30 12:00:48.864,1.20747,1.20748,1.50,3.82
2018.04.30 12:00:49.113,1.20752,1.20756,1.69,1.57
2018.04.30 12:00:49.629,1.20752,1.20756,1.50,2.62
2018.04.30 12:00:50.142,1.20751,1.20756,1.25,1.12
2018.04.30 12:00:50.647,1.2075,1.20755,3.45,1.00
2018.04.30 12:00:51.358,1.2075,1.20754,2.32,1.00
2018.04.30 12:00:52.200,1.2075,1.20755,1.57,2.25
2018.04.30 12:00:52.521,1.20749,1.20752,1.57,1.00
2018.04.30 12:00:52.626,1.20747,1.20752,2.51,4.50
2018.04.30 12:00:53.038,1.20749,1.20752,2.44,1.00
2018.04.30 12:00:53.090,1.2075,1.20754,5.25,1.50
2018.04.30 12:00:53.404,1.20753,1.20756,1.50,1.12
2018.04.30 12:00:53.906,1.20753,1.20757,2.14,1.50
2018.04.30 12:00:54.234,1.20758,1.20762,2.25,1.10
2018.04.30 12:00:54.390,1.20756,1.2076,1.95,1.00
2018.04.30 12:00:54.931,1.20755,1.20761,3.64,1.20
2018.04.30 12:00:55.284,1.20754,1.20759,5.14,1.87
2018.04.30 12:00:56.030,1.20754,1.20758,3.56,1.50
2018.04.30 12:00:56.813,1.20757,1.20759,1.87,1.00
2018.04.30 12:00:56.930,1.20758,1.20763,2.81,3.07
2018.04.30 12:00:57.443,1.20758,1.20762,2.44,1.00
2018.04.30 12:00:58.063,1.20758,1.2076,1.25,1.50
2018.04.30 12:00:58.179,1.20754,1.2076,4.57,3.82
2018.04.30 12:00:58.488,1.20756,1.2076,3.75,1.00
2018.04.30 12:00:59.035,1.20755,1.20759,4.31,1.00
2018.04.30 12:01:00.033,1.20755,1.20759,1.57,1.57
2018.04.30 12:01:00.596,1.20754,1.20758,1.76,1.10
2018.04.30 12:01:00.984,1.20753,1.20756,5.14,1.10
2018.04.30 12:01:01.191,1.20752,1.20756,2.89,1.10
2018.04.30 12:01:01.890,1.20752,1.20756,5.89,1.10
2018.04.30 12:01:02.903,1.20754,1.20756,1.00,1.00
2018.04.30 12:01:03.830,1.20753,1.20756,4.77,1.00
2018.04.30 12:01:04.299,1.20754,1.20758,4.01,1.57
2018.04.30 12:01:04.504,1.20754,1.20758,2.51,1.57
2018.04.30 12:01:05.132,1.20755,1.20758,1.95,2.32
2018.04.30 12:01:05.648,1.20754,1.20758,1.57,1.20
2018.04.30 12:01:06.104,1.20753,1.20756,1.20,1.00
2018.04.30 12:01:06.654,1.20751,1.20755,4.01,1.95
2018.04.30 12:01:06.852,1.20749,1.20752,4.95,1.00
2018.04.30 12:01:07.109,1.20751,1.20754,3.00,1.57
2018.04.30 12:01:07.212,1.20752,1.20756,5.14,1.37
2018.04.30 12:01:07.719,1.20753,1.20756,1.57,1.12
2018.04.30 12:01:08.278,1.20752,1.20756,1.20,2.70
2018.04.30 12:01:09.326,1.20752,1.20755,1.95,1.57
2018.04.30 12:01:09.704,1.20752,1.20756,4.01,1.76
2018.04.30 12:01:10.232,1.20751,1.20755,2.14,1.10
2018.04.30 12:01:10.750,1.20753,1.20755,1.57,1.00
2018.04.30 12:01:11.251,1.20752,1.20755,1.95,1.00
2018.04.30 12:01:12.287,1.20752,1.20755,2.81,1.10
2018.04.30 12:01:12.905,1.20752,1.20755,3.64,1.00
2018.04.30 12:01:14.158,1.20752,1.20754,2.89,1.50
2018.04.30 12:01:14.274,1.2075,1.20754,1.57,2.32
2018.04.30 12:01:14.793,1.2075,1.20754,4.57,1.20
2018.04.30 12:01:15.357,1.2075,1.20754,1.01,1.20
2018.04.30 12:01:15.807,1.20753,1.20756,1.00,1.57
2018.04.30 12:01:16.311,1.20753,1.20757,1.95,1.20
2018.04.30 12:01:16.640,1.20755,1.20757,1.69,1.00
2018.04.30 12:01:17.049,1.20752,1.20755,1.45,1.12
2018.04.30 12:01:17.100,1.2075,1.20754,2.32,1.45
2018.04.30 12:01:17.203,1.20747,1.2075,1.95,1.50
2018.04.30 12:01:17.305,1.20745,1.20749,2.89,4.20
2018.04.30 12:01:17.841,1.20745,1.20748,1.69,1.10
2018.04.30 12:01:19.624,1.20747,1.20751,1.25,3.26
2018.04.30 12:01:19.677,1.20748,1.20751,1.57,1.00
2018.04.30 12:01:19.781,1.20749,1.20753,1.29,2.70
2018.04.30 12:01:20.329,1.20751,1.20755,2.89,1.95
2018.04.30 12:01:20.434,1.20753,1.20756,1.29,1.00
2018.04.30 12:01:20.966,1.20753,1.20758,2.89,2.70
2018.04.30 12:01:21.189,1.20753,1.20755,1.57,1.12
2018.04.30 12:01:21.293,1.2075,1.20754,1.76,1.10
2018.04.30 12:01:21.345,1.20751,1.20755,1.29,4.20
2018.04.30 12:01:21.452,1.20752,1.20757,4.76,1.20
2018.04.30 12:01:21.557,1.20753,1.20757,3.82,1.20
2018.04.30 12:01:22.394,1.20753,1.20757,2.51,1.07
2018.04.30 12:01:22.909,1.20754,1.20758,1.39,1.95
2018.04.30 12:01:23.398,1.20753,1.20757,1.57,1.57
2018.04.30 12:01:23.707,1.20753,1.20754,1.00,2.62
2018.04.30 12:01:23.863,1.20747,1.20751,1.45,8.17
2018.04.30 12:01:23.916,1.20746,1.20749,1.10,1.37
2018.04.30 12:01:24.506,1.20748,1.20751,1.00,2.70
2018.04.30 12:01:24.559,1.20747,1.20751,5.32,1.12
2018.04.30 12:01:25.901,1.20747,1.2075,3.45,1.10
2018.04.30 12:01:26.109,1.20746,1.2075,2.14,1.10
2018.04.30 12:01:26.900,1.20745,1.20747,5.89,1.00
2018.04.30 12:01:27.056,1.20742,1.20746,1.69,4.20
2018.04.30 12:01:27.162,1.20741,1.20745,1.00,1.57
2018.04.30 12:01:27.684,1.2074,1.20743,2.51,1.00
2018.04.30 12:01:28.201,1.20741,1.20745,3.10,1.57
2018.04.30 12:01:28.751,1.20741,1.20746,1.39,5.70
2018.04.30 12:01:29.402,1.2074,1.20745,6.64,2.32
2018.04.30 12:01:29.508,1.2074,1.20745,2.51,7.57
2018.04.30 12:01:29.612,1.20739,1.20743,2.32,1.20
2018.04.30 12:01:29.715,1.20738,1.20742,3.64,1.10
2018.04.30 12:01:29.972,1.20741,1.20743,1.00,1.10
2018.04.30 12:01:30.186,1.20739,1.20743,1.10,3.07
2018.04.30 12:01:30.767,1.20738,1.20743,4.01,1.57
2018.04.30 12:01:31.284,1.20737,1.20741,5.70,1.10
2018.04.30 12:01:31.582,1.20734,1.20737,1.00,4.57
2018.04.30 12:01:32.204,1.20734,1.20737,1.00,1.10
2018.04.30 12:01:32.528,1.20737,1.2074,1.10,3.82
2018.04.30 12:01:33.042,1.20737,1.2074,1.10,1.00
2018.04.30 12:01:33.804,1.20735,1.20737,1.39,1.00
2018.04.30 12:01:33.907,1.20732,1.20736,1.00,8.32
2018.04.30 12:01:34.014,1.20733,1.20737,1.39,1.47
2018.04.30 12:01:34.117,1.20736,1.20738,1.25,4.20
2018.04.30 12:01:34.169,1.20735,1.20739,2.51,1.10
2018.04.30 12:01:34.684,1.20734,1.20739,3.64,3.26
2018.04.30 12:01:34.838,1.20734,1.20738,2.51,1.20
2018.04.30 12:01:35.519,1.20735,1.20738,1.25,1.10
2018.04.30 12:01:36.102,1.20736,1.20738,1.00,1.20
2018.04.30 12:01:36.360,1.20734,1.20739,1.01,6.63
2018.04.30 12:01:39.315,1.20735,1.20738,1.00,1.20
2018.04.30 12:01:39.834,1.20734,1.20739,2.51,4.57
2018.04.30 12:01:39.990,1.20737,1.20741,4.12,5.70
2018.04.30 12:01:40.043,1.20742,1.20743,1.00,3.00
2018.04.30 12:01:40.230,1.20744,1.20748,1.00,1.57
2018.04.30 12:01:40.938,1.20743,1.20748,2.51,1.07
2018.04.30 12:01:41.095,1.20747,1.2075,1.50,3.07
2018.04.30 12:01:41.208,1.20747,1.20752,1.32,7.76
2018.04.30 12:01:41.876,1.20747,1.20752,1.20,5.89
2018.04.30 12:01:42.396,1.20746,1.2075,3.64,1.00
2018.04.30 12:01:42.975,1.20746,1.2075,1.20,3.07
2018.04.30 12:01:43.509,1.20745,1.20749,3.64,1.57
2018.04.30 12:01:44.126,1.20743,1.20748,9.26,1.95
2018.04.30 12:01:46.090,1.20743,1.20748,1.39,1.95
2018.04.30 12:01:46.611,1.20743,1.20748,1.39,2.32
2018.04.30 12:01:51.125,1.20743,1.20747,5.14,1.00
2018.04.30 12:01:51.664,1.20743,1.20748,1.20,3.82
2018.04.30 12:01:51.959,1.20742,1.20743,2.14,1.50
2018.04.30 12:01:52.066,1.20737,1.20741,3.07,2.32
2018.04.30 12:01:52.174,1.20736,1.20739,2.70,1.19
2018.04.30 12:01:52.226,1.20737,1.20741,1.57,6.64
2018.04.30 12:01:52.640,1.20735,1.20739,1.10,1.39
2018.04.30 12:01:52.797,1.20733,1.20738,2.51,2.51
2018.04.30 12:01:52.902,1.20732,1.20736,1.01,2.70
2018.04.30 12:01:53.011,1.20731,1.20736,1.45,3.45
2018.04.30 12:01:53.446,1.2073,1.20735,1.01,3.26
2018.04.30 12:01:53.952,1.2073,1.20735,10.95,2.51
2018.04.30 12:01:55.846,1.2073,1.20734,4.20,1.39
2018.04.30 12:01:56.430,1.20729,1.20734,5.89,1.32
2018.04.30 12:01:57.097,1.20729,1.20734,1.20,4.76
2018.04.30 12:01:57.303,1.20729,1.20734,1.70,3.07
2018.04.30 12:01:57.669,1.20729,1.20733,1.95,1.10
2018.04.30 12:01:58.272,1.20729,1.20734,1.20,4.60
2018.04.30 12:01:58.919,1.2073,1.20733,2.51,1.20
2018.04.30 12:01:59.377,1.20731,1.20734,1.00,1.20
2018.04.30 12:01:59.926,1.2073,1.20735,2.14,6.82
2018.04.30 12:02:00.478,1.20731,1.20736,4.01,4.57
2018.04.30 12:02:01.010,1.20732,1.20736,1.39,1.39
2018.04.30 12:02:01.559,1.20732,1.20736,2.32,1.10
2018.04.30 12:02:01.870,1.20742,1.20744,1.00,6.82
2018.04.30 12:02:01.974,1.2074,1.20743,1.76,1.25
2018.04.30 12:02:02.517,1.2074,1.20744,4.57,2.51
2018.04.30 12:02:03.039,1.2074,1.20744,8.32,4.57
2018.04.30 12:02:03.433,1.20743,1.20747,1.20,1.20
2018.04.30 12:02:04.019,1.20742,1.20748,6.82,2.14
2018.04.30 12:02:05.467,1.20743,1.20748,1.20,1.39
2018.04.30 12:02:07.451,1.20745,1.20749,5.14,1.39
2018.04.30 12:02:07.556,1.20746,1.2075,1.20,4.39
2018.04.30 12:02:08.085,1.20746,1.2075,1.45,1.39
2018.04.30 12:02:08.587,1.20745,1.2075,5.32,3.45
2018.04.30 12:02:09.880,1.20746,1.20751,4.95,1.01
2018.04.30 12:02:09.984,1.20746,1.20752,7.76,7.20
2018.04.30 12:02:10.489,1.20746,1.2075,3.07,1.31
2018.04.30 12:02:11.330,1.20749,1.20752,1.87,4.20
2018.04.30 12:02:11.538,1.20753,1.20757,3.64,1.25
2018.04.30 12:02:11.981,1.20754,1.20759,4.39,4.95
2018.04.30 12:02:12.493,1.20754,1.20758,9.26,1.00
2018.04.30 12:02:13.050,1.20755,1.20757,1.39,1.00
2018.04.30 12:02:13.984,1.20754,1.20759,7.76,3.45
2018.04.30 12:02:14.201,1.20754,1.20757,4.39,1.50
2018.04.30 12:02:14.724,1.20752,1.20757,10.20,1.00
2018.04.30 12:02:15.441,1.20753,1.20756,1.20,1.00
2018.04.30 12:02:15.702,1.20751,1.20755,2.14,1.10
2018.04.30 12:02:17.744,1.20751,1.20755,1.45,1.01
2018.04.30 12:02:18.247,1.20751,1.20755,2.70,1.29
2018.04.30 12:02:18.895,1.20751,1.20755,4.20,1.57
2018.04.30 12:02:19.609,1.20751,1.20756,1.45,8.89
2018.04.30 12:02:20.220,1.20751,1.20755,2.14,1.51
2018.04.30 12:02:20.771,1.20751,1.20755,1.39,1.50
2018.04.30 12:02:21.940,1.20749,1.20752,1.95,2.32
2018.04.30 12:02:22.205,1.20745,1.20749,1.20,2.81
2018.04.30 12:02:22.309,1.20744,1.20748,1.57,1.31
2018.04.30 12:02:22.858,1.20744,1.20748,1.20,8.14
2018.04.30 12:02:23.255,1.20743,1.20745,1.20,2.25
2018.04.30 12:02:23.413,1.2074,1.20742,1.00,1.31
2018.04.30 12:02:23.938,1.20739,1.20742,1.20,2.14
2018.04.30 12:02:24.460,1.2074,1.20742,1.20,1.01
2018.04.30 12:02:25.221,1.20739,1.20742,1.20,3.19
2018.04.30 12:02:25.272,1.20739,1.2074,1.95,1.00
2018.04.30 12:02:25.375,1.20738,1.20743,1.76,8.14
2018.04.30 12:02:25.898,1.20739,1.20743,1.20,1.01
2018.04.30 12:02:26.408,1.20739,1.20742,1.95,1.00
2018.04.30 12:02:26.947,1.2074,1.20743,1.20,1.07
2018.04.30 12:02:27.890,1.20738,1.20742,1.20,1.10
2018.04.30 12:02:28.412,1.20738,1.20741,2.70,2.25
2018.04.30 12:02:28.518,1.20737,1.20738,1.20,1.25
2018.04.30 12:02:28.715,1.20735,1.20738,3.07,1.00
2018.04.30 12:02:30.965,1.20735,1.20739,2.70,6.37
2018.04.30 12:02:31.280,1.20735,1.20738,1.00,1.76
2018.04.30 12:02:31.440,1.20732,1.20736,2.70,2.62
2018.04.30 12:02:31.965,1.20733,1.20738,2.81,2.32
2018.04.30 12:02:32.465,1.20736,1.2074,1.20,13.20
2018.04.30 12:02:32.974,1.20737,1.2074,1.00,1.10
2018.04.30 12:02:33.490,1.20737,1.20741,1.45,5.32
2018.04.30 12:02:34.688,1.20738,1.2074,2.00,1.25
2018.04.30 12:02:34.741,1.2074,1.20743,1.20,1.95
2018.04.30 12:02:35.253,1.2074,1.20743,1.20,1.00
2018.04.30 12:02:35.374,1.20742,1.20745,1.00,1.76
2018.04.30 12:02:35.682,1.20744,1.20746,1.20,1.01
2018.04.30 12:02:39.244,1.20742,1.20745,1.45,1.87
2018.04.30 12:02:39.774,1.20741,1.20745,1.95,1.87
2018.04.30 12:02:42.596,1.20741,1.20745,2.70,6.07
2018.04.30 12:02:43.631,1.20742,1.20744,1.00,1.00
2018.04.30 12:02:44.132,1.20741,1.20745,3.45,3.26
2018.04.30 12:02:44.715,1.20742,1.20744,1.50,1.00
2018.04.30 12:02:45.833,1.20742,1.20745,1.00,4.38
2018.04.30 12:02:46.371,1.20741,1.20744,1.95,1.00
2018.04.30 12:02:46.884,1.2074,1.20744,2.32,1.10
2018.04.30 12:02:50.721,1.2074,1.20745,2.32,4.76
2018.04.30 12:02:51.502,1.20741,1.20745,1.20,4.76
2018.04.30 12:02:51.812,1.2074,1.20741,1.20,1.00
2018.04.30 12:02:51.864,1.20738,1.20741,1.31,2.32
2018.04.30 12:02:51.968,1.20741,1.20744,1.45,1.10
2018.04.30 12:02:52.631,1.20741,1.20745,1.20,1.01
2018.04.30 12:02:52.956,1.20743,1.20746,2.70,1.20
2018.04.30 12:02:54.425,1.20746,1.2075,1.87,9.26
2018.04.30 12:02:54.477,1.20746,1.2075,3.45,1.19
2018.04.30 12:02:54.580,1.20747,1.2075,4.20,2.25
2018.04.30 12:02:56.324,1.20747,1.20751,1.20,3.26
2018.04.30 12:02:56.851,1.20747,1.20752,1.20,6.82
2018.04.30 12:02:57.308,1.20752,1.20753,1.00,1.10
2018.04.30 12:02:57.360,1.20751,1.20755,1.39,5.32
2018.04.30 12:02:58.186,1.20751,1.20754,1.57,1.50
2018.04.30 12:02:58.498,1.20752,1.20755,1.20,3.26
2018.04.30 12:02:58.602,1.20753,1.20757,1.57,1.26
2018.04.30 12:02:59.124,1.20755,1.20757,1.20,1.10
2018.04.30 12:03:04.013,1.20752,1.20754,12.45,2.87
2018.04.30 12:03:04.170,1.20746,1.20749,1.57,1.87
2018.04.30 12:03:04.722,1.20746,1.20749,1.45,1.39
2018.04.30 12:03:05.234,1.20745,1.20749,6.26,1.75
2018.04.30 12:03:06.028,1.20747,1.20749,1.69,1.32
2018.04.30 12:03:06.131,1.20749,1.20753,1.57,2.74
2018.04.30 12:03:06.335,1.20751,1.20753,1.20,1.10
2018.04.30 12:03:06.934,1.20751,1.20754,1.20,1.57
2018.04.30 12:03:07.141,1.2075,1.20754,1.57,2.51
2018.04.30 12:03:07.398,1.2075,1.20751,1.12,1.00
2018.04.30 12:03:07.502,1.20746,1.20749,1.20,4.01
2018.04.30 12:03:07.606,1.20744,1.20748,4.57,1.42
2018.04.30 12:03:07.722,1.20748,1.2075,2.32,1.39
2018.04.30 12:03:07.879,1.20749,1.20753,5.32,1.25
2018.04.30 12:03:07.982,1.20749,1.20752,1.20,2.14
2018.04.30 12:03:08.496,1.20747,1.20751,1.10,2.14
2018.04.30 12:03:09.136,1.20747,1.2075,1.10,1.50
2018.04.30 12:03:09.654,1.20745,1.20749,1.76,3.82
2018.04.30 12:03:10.174,1.20744,1.20748,6.82,1.00
2018.04.30 12:03:10.340,1.20747,1.20749,1.00,1.10
2018.04.30 12:03:10.392,1.20748,1.20752,2.70,1.00
2018.04.30 12:03:10.697,1.2075,1.20753,1.20,1.10
2018.04.30 12:03:11.106,1.20748,1.20749,1.50,1.12
2018.04.30 12:03:11.384,1.20744,1.20747,1.95,1.57
2018.04.30 12:03:11.593,1.20749,1.20752,1.20,3.45
2018.04.30 12:03:12.794,1.20748,1.20752,1.95,1.25
2018.04.30 12:03:14.396,1.20751,1.20754,1.12,2.32
2018.04.30 12:03:14.523,1.20753,1.20756,1.10,2.25
2018.04.30 12:03:14.582,1.20754,1.20757,1.20,4.01
2018.04.30 12:03:14.640,1.20754,1.20757,1.45,1.57
2018.04.30 12:03:17.493,1.20758,1.20761,1.00,9.86
2018.04.30 12:03:17.603,1.2076,1.20765,2.25,6.07
2018.04.30 12:03:18.120,1.2076,1.20764,1.57,1.39
2018.04.30 12:03:18.798,1.2076,1.20764,1.57,2.62
2018.04.30 12:03:18.850,1.2076,1.20762,2.32,1.00
2018.04.30 12:03:19.170,1.20761,1.20764,1.45,1.01
2018.04.30 12:03:19.567,1.20758,1.20762,1.07,1.12
2018.04.30 12:03:20.084,1.20758,1.20761,1.57,1.00
2018.04.30 12:03:20.619,1.20757,1.20761,5.70,1.00
2018.04.30 12:03:20.989,1.20754,1.20758,4.57,1.20
2018.04.30 12:03:21.199,1.20754,1.20756,1.10,1.20
2018.04.30 12:03:23.647,1.20759,1.2076,3.37,1.00
2018.04.30 12:03:23.701,1.2076,1.20763,1.50,1.39
2018.04.30 12:03:24.219,1.20758,1.20762,3.26,1.10
2018.04.30 12:03:24.884,1.20758,1.20762,1.50,3.45
2018.04.30 12:03:25.452,1.20758,1.20762,1.10,2.89
2018.04.30 12:03:27.386,1.20758,1.20762,5.14,1.95
2018.04.30 12:03:27.898,1.20758,1.20762,2.32,1.20
2018.04.30 12:03:28.149,1.2076,1.20762,1.00,1.45
2018.04.30 12:03:28.365,1.20757,1.20763,13.80,2.14
2018.04.30 12:03:29.269,1.20757,1.20762,2.70,1.45
2018.04.30 12:03:30.126,1.20758,1.20762,1.00,2.70
2018.04.30 12:03:30.700,1.20757,1.20762,1.95,1.45
2018.04.30 12:03:31.821,1.20758,1.20762,1.00,2.70
2018.04.30 12:03:32.337,1.2076,1.20762,1.31,3.45
2018.04.30 12:03:32.441,1.20762,1.20765,1.00,1.95
2018.04.30 12:03:32.544,1.20762,1.20764,1.00,1.20
2018.04.30 12:03:33.064,1.20761,1.20764,1.57,1.45
2018.04.30 12:03:33.115,1.20761,1.20765,2.70,1.20
2018.04.30 12:03:33.375,1.20762,1.20766,3.37,3.45
2018.04.30 12:03:35.214,1.20768,1.2077,2.47,1.72
2018.04.30 12:03:35.319,1.2077,1.20774,1.50,2.51
2018.04.30 12:03:35.508,1.20769,1.20775,13.95,3.64
2018.04.30 12:03:35.613,1.20769,1.20773,2.89,1.00
2018.04.30 12:03:36.186,1.20769,1.20773,2.89,1.10
2018.04.30 12:03:37.303,1.20768,1.20772,5.51,1.00
2018.04.30 12:03:37.460,1.20768,1.20774,2.70,12.64
2018.04.30 12:03:38.168,1.20768,1.20773,1.20,4.75
2018.04.30 12:03:38.686,1.20768,1.20773,1.10,6.25
2018.04.30 12:03:39.249,1.20768,1.20771,2.51,1.00
2018.04.30 12:03:39.403,1.20768,1.20771,1.95,1.00
2018.04.30 12:03:39.911,1.20768,1.20772,1.45,1.10
2018.04.30 12:03:42.814,1.20768,1.20769,2.51,3.60
2018.04.30 12:03:42.866,1.20767,1.20771,1.20,2.06
2018.04.30 12:03:43.327,1.20763,1.20768,6.25,1.10
2018.04.30 12:03:43.380,1.20763,1.20768,2.70,1.39
2018.04.30 12:03:43.537,1.20763,1.20768,2.32,1.45
2018.04.30 12:03:43.641,1.20763,1.20768,7.57,1.95
2018.04.30 12:03:47.469,1.20764,1.20769,5.14,3.45
2018.04.30 12:03:48.056,1.20764,1.20768,1.76,1.76
2018.04.30 12:03:49.819,1.20764,1.20769,2.44,4.57
2018.04.30 12:03:50.321,1.20764,1.20768,1.10,1.39
2018.04.30 12:03:51.990,1.20766,1.2077,1.00,1.26
2018.04.30 12:03:52.338,1.20769,1.20773,1.35,3.26
2018.04.30 12:03:52.864,1.20768,1.20773,5.70,1.10
2018.04.30 12:03:53.418,1.20769,1.20773,1.57,2.70
2018.04.30 12:03:54.167,1.20768,1.20774,1.95,3.64
2018.04.30 12:03:54.694,1.2077,1.20774,1.10,4.57
2018.04.30 12:03:55.212,1.2077,1.20773,1.10,1.00
2018.04.30 12:03:55.758,1.20769,1.20773,1.57,1.95
2018.04.30 12:03:56.482,1.20769,1.20774,1.47,9.64
2018.04.30 12:03:57.346,1.20768,1.20773,1.45,1.95
2018.04.30 12:03:57.967,1.20768,1.20772,3.45,1.00
2018.04.30 12:03:58.481,1.20769,1.20773,1.57,1.50
2018.04.30 12:04:00.096,1.20769,1.20773,1.20,3.45
2018.04.30 12:04:00.842,1.20768,1.20773,1.95,4.01
2018.04.30 12:04:01.055,1.20767,1.20772,3.07,8.14
2018.04.30 12:04:01.109,1.20769,1.20772,1.00,4.39
2018.04.30 12:04:01.633,1.20769,1.20773,1.01,1.57
2018.04.30 12:04:03.366,1.20769,1.20773,1.10,1.29
2018.04.30 12:04:03.878,1.20769,1.20773,1.10,1.76
2018.04.30 12:04:04.780,1.20768,1.20774,3.82,7.76
2018.04.30 12:04:06.843,1.20768,1.20774,3.07,5.70
2018.04.30 12:04:07.310,1.20771,1.20775,6.75,1.45
2018.04.30 12:04:07.465,1.20772,1.20777,3.07,7.57
2018.04.30 12:04:07.775,1.20775,1.20779,1.31,1.64
2018.04.30 12:04:07.827,1.20775,1.2078,2.14,5.32
2018.04.30 12:04:08.256,1.20773,1.20778,2.70,2.14
2018.04.30 12:04:08.779,1.20773,1.20778,2.32,11.55
2018.04.30 12:04:09.104,1.2078,1.20781,1.50,1.00
2018.04.30 12:04:09.157,1.2078,1.20784,4.31,1.57
2018.04.30 12:04:09.332,1.20782,1.20786,3.26,3.45
2018.04.30 12:04:09.438,1.2078,1.20785,2.46,3.07
2018.04.30 12:04:09.490,1.2078,1.20785,7.76,6.45
2018.04.30 12:04:10.095,1.20779,1.20784,3.82,2.32
2018.04.30 12:04:10.524,1.20781,1.20785,2.44,1.20
2018.04.30 12:04:10.680,1.2078,1.20784,1.39,5.70
2018.04.30 12:04:12.400,1.20779,1.20785,5.32,9.11
2018.04.30 12:04:14.389,1.20779,1.20784,3.45,2.89
2018.04.30 12:04:15.447,1.2078,1.20784,1.57,12.63
2018.04.30 12:04:16.120,1.2078,1.20783,2.14,1.50
2018.04.30 12:04:17.363,1.20779,1.20783,2.89,2.70
2018.04.30 12:04:17.474,1.20778,1.20783,4.76,5.32
2018.04.30 12:04:17.525,1.2078,1.20783,1.00,1.95
2018.04.30 12:04:18.788,1.2078,1.20783,1.00,1.10
2018.04.30 12:04:19.326,1.20778,1.20783,6.64,1.96
2018.04.30 12:04:19.640,1.20775,1.20779,3.00,6.26
2018.04.30 12:04:20.176,1.20774,1.20779,5.51,1.20
2018.04.30 12:04:21.057,1.20775,1.20779,1.00,1.20
2018.04.30 12:04:22.114,1.20775,1.20779,1.10,9.65
2018.04.30 12:04:22.270,1.20777,1.20782,2.51,2.89
2018.04.30 12:04:22.322,1.20776,1.20779,1.07,4.12
2018.04.30 12:04:22.633,1.20775,1.20778,2.32,2.70
2018.04.30 12:04:23.870,1.20774,1.20778,1.00,1.80
2018.04.30 12:04:25.480,1.20774,1.20778,1.57,1.21
2018.04.30 12:04:27.428,1.20774,1.20778,1.10,1.11
2018.04.30 12:04:27.952,1.20773,1.20778,6.30,1.11
2018.04.30 12:04:30.082,1.20773,1.20778,6.07,1.57
2018.04.30 12:04:32.124,1.20774,1.20775,1.10,1.00
2018.04.30 12:04:32.289,1.2077,1.20776,9.26,1.95
2018.04.30 12:04:32.890,1.20771,1.20776,1.39,2.32
2018.04.30 12:04:33.455,1.20772,1.20776,1.95,1.01
2018.04.30 12:04:33.559,1.20775,1.20776,4.50,1.00
2018.04.30 12:04:33.878,1.20773,1.20776,10.42,1.00
2018.04.30 12:04:34.408,1.20774,1.20776,2.25,1.00
2018.04.30 12:04:35.025,1.20774,1.20778,1.50,4.57
2018.04.30 12:04:35.857,1.20773,1.20776,2.32,1.57
2018.04.30 12:04:35.910,1.20771,1.20774,1.95,1.95
2018.04.30 12:04:36.188,1.20768,1.20772,4.39,2.70
2018.04.30 12:04:36.690,1.20768,1.20772,3.00,3.07
2018.04.30 12:04:37.222,1.20768,1.20772,1.76,1.20
2018.04.30 12:04:39.936,1.2077,1.20772,1.00,1.20
2018.04.30 12:04:39.989,1.20772,1.20773,6.00,1.10
2018.04.30 12:04:40.094,1.20772,1.20775,7.20,1.10
2018.04.30 12:04:40.251,1.20772,1.20773,1.10,1.12
2018.04.30 12:04:40.489,1.20769,1.20773,4.01,1.20
2018.04.30 12:04:45.162,1.20772,1.20776,1.87,5.92
2018.04.30 12:04:45.214,1.20772,1.20776,1.07,1.57
2018.04.30 12:04:45.729,1.20771,1.20775,2.32,4.20
2018.04.30 12:04:45.782,1.20771,1.20773,1.20,1.10
2018.04.30 12:04:45.937,1.20768,1.20773,3.07,5.51
2018.04.30 12:04:47.043,1.20768,1.20773,3.82,1.57
2018.04.30 12:04:47.146,1.20768,1.20773,6.82,4.95
2018.04.30 12:04:51.573,1.20767,1.20771,1.57,1.20
2018.04.30 12:04:51.677,1.20766,1.20771,1.39,5.70
2018.04.30 12:04:51.888,1.20767,1.20771,5.89,1.20
2018.04.30 12:04:52.125,1.20768,1.20773,2.33,5.14
2018.04.30 12:04:52.881,1.20768,1.20771,1.20,1.50
2018.04.30 12:04:53.390,1.20768,1.20772,1.76,1.20
2018.04.30 12:04:59.194,1.20768,1.20772,1.57,1.10
2018.04.30 12:05:00.007,1.2077,1.20772,1.00,1.57
2018.04.30 12:05:00.550,1.20768,1.20772,4.42,1.10
2018.04.30 12:05:01.549,1.20768,1.20772,4.05,1.20
2018.04.30 12:05:01.601,1.20767,1.20769,1.07,4.12
2018.04.30 12:05:02.356,1.20765,1.20769,4.76,4.57
2018.04.30 12:05:02.881,1.20765,1.20768,3.07,3.00
2018.04.30 12:05:03.415,1.20765,1.20769,1.57,1.95
2018.04.30 12:05:06.165,1.20765,1.20768,3.45,3.00
2018.04.30 12:05:06.690,1.20765,1.20769,1.95,1.10
2018.04.30 12:05:07.244,1.20765,1.20768,2.70,1.50
2018.04.30 12:05:07.761,1.20765,1.20767,4.20,1.00
2018.04.30 12:05:08.507,1.20765,1.20769,2.70,3.07
2018.04.30 12:05:11.669,1.20765,1.20768,5.14,1.00
2018.04.30 12:05:12.183,1.20766,1.20769,1.31,1.01
2018.04.30 12:05:12.918,1.20768,1.20772,4.68,4.76
2018.04.30 12:05:12.971,1.2077,1.20772,2.47,1.00
2018.04.30 12:05:13.126,1.20772,1.20776,1.50,8.78
2018.04.30 12:05:14.612,1.20771,1.20773,1.25,1.00
2018.04.30 12:05:15.139,1.2077,1.20774,1.50,4.39
2018.04.30 12:05:18.633,1.20772,1.20774,1.00,1.20
2018.04.30 12:05:18.737,1.20773,1.20775,1.00,1.00
2018.04.30 12:05:18.841,1.20773,1.20777,1.10,2.92
2018.04.30 12:05:19.365,1.20774,1.20777,1.25,6.07
2018.04.30 12:05:19.648,1.20772,1.20776,2.89,3.30
2018.04.30 12:05:19.754,1.20769,1.20773,4.01,1.07
2018.04.30 12:05:20.281,1.20769,1.20773,4.20,1.10
2018.04.30 12:05:20.792,1.20769,1.20773,4.95,2.70
2018.04.30 12:05:23.935,1.2077,1.20774,1.95,1.95
2018.04.30 12:05:24.144,1.20771,1.20775,1.57,2.32
2018.04.30 12:05:24.793,1.20772,1.20775,1.00,2.32
2018.04.30 12:05:25.343,1.20772,1.20776,1.20,3.07
2018.04.30 12:05:25.446,1.20773,1.20776,2.25,2.32
2018.04.30 12:05:25.620,1.20775,1.20777,1.50,2.70
2018.04.30 12:05:25.675,1.20776,1.20782,5.32,5.70
2018.04.30 12:05:26.187,1.20776,1.20781,4.20,1.20
2018.04.30 12:05:26.722,1.20776,1.2078,2.14,1.29
2018.04.30 12:05:27.049,1.20778,1.20781,2.25,1.95
2018.04.30 12:05:27.590,1.20776,1.20782,4.76,6.67
2018.04.30 12:05:27.898,1.20775,1.20779,3.64,1.25
2018.04.30 12:05:28.411,1.20776,1.20779,1.25,2.70
2018.04.30 12:05:29.648,1.20775,1.2078,5.14,2.32
2018.04.30 12:05:29.803,1.20777,1.20781,3.07,1.76
2018.04.30 12:05:31.202,1.20778,1.20781,1.25,1.20
2018.04.30 12:05:31.918,1.20777,1.20781,1.57,1.22
2018.04.30 12:05:32.556,1.20778,1.20781,7.50,1.10
2018.04.30 12:05:33.109,1.20779,1.20781,1.00,1.01
2018.04.30 12:05:33.620,1.20777,1.20782,4.57,5.02
2018.04.30 12:05:35.157,1.20777,1.2078,1.95,1.50
2018.04.30 12:05:35.260,1.20775,1.20778,3.82,1.00
2018.04.30 12:05:35.312,1.20774,1.20778,8.70,1.00
2018.04.30 12:05:35.415,1.20775,1.20777,1.39,1.00
2018.04.30 12:05:35.467,1.20774,1.20778,4.01,1.35
2018.04.30 12:05:36.017,1.20776,1.2078,1.20,1.95
2018.04.30 12:05:36.123,1.20774,1.20778,1.95,1.50
2018.04.30 12:05:36.227,1.20774,1.20778,1.57,4.57
2018.04.30 12:05:36.758,1.20775,1.20778,1.95,1.95
2018.04.30 12:05:37.563,1.20772,1.20775,4.39,1.00
2018.04.30 12:05:37.669,1.20772,1.20775,1.12,1.10
2018.04.30 12:05:38.227,1.20772,1.20775,3.45,1.10
2018.04.30 12:05:38.705,1.20773,1.20777,1.20,1.10
2018.04.30 12:05:39.546,1.20773,1.20777,1.20,1.45
2018.04.30 12:05:41.384,1.20773,1.20777,2.70,1.20
2018.04.30 12:05:42.388,1.20778,1.2078,3.97,5.44
2018.04.30 12:05:42.441,1.20779,1.20782,3.75,4.01
2018.04.30 12:05:42.600,1.20781,1.20785,2.24,2.51
2018.04.30 12:05:43.114,1.20781,1.20785,3.82,1.25
2018.04.30 12:05:43.633,1.20781,1.20785,4.01,2.32
2018.04.30 12:05:44.061,1.20781,1.20783,4.69,1.00
2018.04.30 12:05:44.165,1.20779,1.20782,2.25,4.01
2018.04.30 12:05:44.668,1.20778,1.20783,1.95,6.49
2018.04.30 12:05:46.165,1.20778,1.20783,3.82,3.64
2018.04.30 12:05:46.269,1.20782,1.20783,1.00,1.00
2018.04.30 12:05:46.372,1.2078,1.20784,2.51,1.57
2018.04.30 12:05:47.053,1.20779,1.20782,7.76,1.00
2018.04.30 12:05:47.595,1.2078,1.20784,1.57,4.95
2018.04.30 12:05:48.147,1.2078,1.20784,2.51,5.70
2018.04.30 12:05:48.686,1.2078,1.20784,1.12,5.32
2018.04.30 12:05:49.204,1.2078,1.20785,6.64,7.42
2018.04.30 12:05:49.889,1.2078,1.20785,5.89,2.92
2018.04.30 12:05:49.942,1.2078,1.20784,1.07,2.10
2018.04.30 12:05:50.682,1.2078,1.20784,1.07,2.55
2018.04.30 12:05:51.609,1.20779,1.20784,5.70,3.67
2018.04.30 12:05:52.124,1.20779,1.20783,2.51,1.25
2018.04.30 12:05:52.633,1.20779,1.20783,1.12,3.26
2018.04.30 12:05:55.350,1.20779,1.20783,1.95,1.10
2018.04.30 12:05:56.355,1.2078,1.20783,1.00,3.82
2018.04.30 12:05:56.660,1.20779,1.20781,1.95,1.00
2018.04.30 12:05:57.157,1.20779,1.20783,1.20,1.10
2018.04.30 12:05:57.732,1.20781,1.20784,6.00,1.20
2018.04.30 12:05:57.784,1.20781,1.20786,11.32,2.92
2018.04.30 12:05:58.094,1.20782,1.20788,8.32,8.14
2018.04.30 12:05:58.644,1.20783,1.20787,1.95,1.76
2018.04.30 12:06:00.262,1.20783,1.20788,1.76,4.20
2018.04.30 12:06:00.725,1.20783,1.20788,4.57,3.26
2018.04.30 12:06:00.977,1.20783,1.20787,4.20,1.01
2018.04.30 12:06:01.508,1.20784,1.20787,1.00,2.51
2018.04.30 12:06:02.033,1.20783,1.20788,1.95,5.51
2018.04.30 12:06:02.583,1.20783,1.20787,1.57,2.51
2018.04.30 12:06:03.092,1.20783,1.20787,3.07,2.51
2018.04.30 12:06:03.753,1.20783,1.20787,1.10,1.76
2018.04.30 12:06:04.011,1.2078,1.20783,3.37,1.25
2018.04.30 12:06:05.529,1.2078,1.20782,1.50,1.50
2018.04.30 12:06:06.067,1.2078,1.20784,1.00,8.89
2018.04.30 12:06:06.597,1.2078,1.20784,1.10,2.89
2018.04.30 12:06:07.233,1.2078,1.20783,1.10,1.50
2018.04.30 12:06:07.760,1.2078,1.20783,1.00,2.51
2018.04.30 12:06:08.072,1.20781,1.20784,1.00,4.20
2018.04.30 12:06:08.581,1.2078,1.20783,1.95,1.10
2018.04.30 12:06:11.985,1.20782,1.20784,2.25,1.00
2018.04.30 12:06:12.143,1.20783,1.20787,1.57,3.07
2018.04.30 12:06:12.304,1.20786,1.2079,1.20,2.51
2018.04.30 12:06:12.818,1.20786,1.2079,1.95,4.11
2018.04.30 12:06:13.339,1.20786,1.20789,1.20,1.00
2018.04.30 12:06:14.612,1.20785,1.2079,2.70,15.82
2018.04.30 12:06:15.154,1.20785,1.2079,1.47,9.82
2018.04.30 12:06:15.635,1.20788,1.20791,1.37,1.95
2018.04.30 12:06:16.140,1.20788,1.20792,1.57,2.92
2018.04.30 12:06:16.605,1.20787,1.20791,2.14,1.57
2018.04.30 12:06:17.178,1.20787,1.20791,3.82,4.20
2018.04.30 12:06:17.753,1.20787,1.20791,3.82,3.45
2018.04.30 12:06:19.023,1.20787,1.20791,1.10,1.20
2018.04.30 12:06:19.880,1.20786,1.20791,3.82,1.76
2018.04.30 12:06:20.407,1.20786,1.20791,3.26,5.14
2018.04.30 12:06:20.669,1.20783,1.20786,1.25,1.10
2018.04.30 12:06:21.183,1.20782,1.20787,5.89,3.82
2018.04.30 12:06:21.306,1.20784,1.20787,1.00,4.20
2018.04.30 12:06:21.836,1.20784,1.20787,1.00,3.64
2018.04.30 12:06:23.180,1.20784,1.20785,1.00,1.50
2018.04.30 12:06:23.335,1.2078,1.20784,4.20,3.00
2018.04.30 12:06:23.879,1.20781,1.20786,1.57,7.99
2018.04.30 12:06:24.457,1.20783,1.20786,1.20,1.20
2018.04.30 12:06:24.561,1.20783,1.20787,3.82,2.70
2018.04.30 12:06:27.597,1.20783,1.20788,6.67,4.95
2018.04.30 12:06:31.580,1.20785,1.20789,2.17,2.18
2018.04.30 12:06:31.736,1.20785,1.2079,10.80,4.02
2018.04.30 12:06:32.243,1.20786,1.20791,1.57,4.39
2018.04.30 12:06:33.030,1.20787,1.2079,1.00,2.32
2018.04.30 12:06:33.725,1.20786,1.2079,2.32,1.10
2018.04.30 12:06:34.685,1.20786,1.2079,1.57,6.82
2018.04.30 12:06:35.133,1.20783,1.20787,1.10,5.32
2018.04.30 12:06:35.659,1.20783,1.20785,1.10,2.32
2018.04.30 12:06:36.359,1.20783,1.20785,1.00,2.25
2018.04.30 12:06:36.901,1.20783,1.20786,1.00,5.32
2018.04.30 12:06:37.488,1.20783,1.20785,1.00,1.25
2018.04.30 12:06:38.049,1.20781,1.20786,1.57,14.59
2018.04.30 12:06:38.362,1.20779,1.20782,1.20,1.01
2018.04.30 12:06:38.673,1.20773,1.20776,2.32,1.50
2018.04.30 12:06:38.884,1.20772,1.20774,1.10,1.00
2018.04.30 12:06:39.199,1.2077,1.20773,2.51,1.00
2018.04.30 12:06:39.330,1.20767,1.20771,4.95,1.69
2018.04.30 12:06:39.642,1.20764,1.20765,1.20,1.00
2018.04.30 12:06:39.902,1.20762,1.20765,2.70,1.57
2018.04.30 12:06:40.452,1.20763,1.20766,1.57,1.12
2018.04.30 12:06:41.270,1.20762,1.20766,2.70,1.95
2018.04.30 12:06:42.030,1.20762,1.20765,2.70,1.00
2018.04.30 12:06:42.323,1.20765,1.20767,6.28,5.14
2018.04.30 12:06:42.429,1.20767,1.20769,1.60,1.50
2018.04.30 12:06:42.533,1.2077,1.20772,1.57,2.89
2018.04.30 12:06:42.707,1.20772,1.20774,1.50,1.39
2018.04.30 12:06:42.762,1.2077,1.20773,6.45,1.25
2018.04.30 12:06:42.933,1.2077,1.20771,1.00,1.25
2018.04.30 12:06:43.037,1.2077,1.20773,2.70,1.39
2018.04.30 12:06:43.581,1.20771,1.20774,1.20,1.12
2018.04.30 12:06:43.894,1.20774,1.20776,1.50,2.14
2018.04.30 12:06:43.948,1.20776,1.2078,2.62,5.81
2018.04.30 12:06:44.054,1.20777,1.2078,2.70,1.57
2018.04.30 12:06:44.161,1.20775,1.20779,1.01,1.66
2018.04.30 12:06:44.768,1.20774,1.20779,3.45,3.26
2018.04.30 12:06:45.112,1.20773,1.20775,1.20,2.62
2018.04.30 12:06:45.164,1.20771,1.20776,4.95,2.32
2018.04.30 12:06:45.703,1.20772,1.20777,3.82,5.55
2018.04.30 12:06:47.208,1.20775,1.20777,2.50,6.45
2018.04.30 12:06:47.365,1.20777,1.20779,1.10,1.00
2018.04.30 12:06:47.471,1.20775,1.20778,2.92,3.94
2018.04.30 12:06:48.012,1.20774,1.20778,1.10,2.14
2018.04.30 12:06:48.472,1.20774,1.20775,1.00,1.25
2018.04.30 12:06:48.816,1.20775,1.20777,3.25,2.62
2018.04.30 12:06:48.869,1.20777,1.20779,1.00,4.20
2018.04.30 12:06:49.401,1.20776,1.2078,7.80,1.87
2018.04.30 12:06:49.961,1.20776,1.20779,5.17,1.00
2018.04.30 12:06:50.486,1.20776,1.2078,1.95,1.31
2018.04.30 12:06:53.714,1.20777,1.20779,1.57,1.00
2018.04.30 12:06:54.255,1.20775,1.20778,1.20,2.62
2018.04.30 12:06:54.307,1.20774,1.20778,1.20,2.70
2018.04.30 12:06:57.112,1.20773,1.20776,3.64,1.00
2018.04.30 12:06:58.800,1.20773,1.20775,3.64,1.00
2018.04.30 12:06:59.325,1.20773,1.20776,3.26,1.57
2018.04.30 12:06:59.533,1.20769,1.20773,1.76,2.14
2018.04.30 12:07:00.093,1.2077,1.20772,1.87,1.00
2018.04.30 12:07:00.610,1.20769,1.20772,1.01,1.00
2018.04.30 12:07:01.759,1.20768,1.20772,1.39,3.75
2018.04.30 12:07:01.812,1.20768,1.20769,1.10,1.00
2018.04.30 12:07:01.916,1.20763,1.20764,3.00,1.30
2018.04.30 12:07:01.969,1.20759,1.20763,5.14,2.62
2018.04.30 12:07:02.128,1.20759,1.20762,1.50,4.95
2018.04.30 12:07:02.813,1.20758,1.20761,1.57,1.25
2018.04.30 12:07:03.388,1.20758,1.20762,1.95,3.64
2018.04.30 12:07:04.261,1.20758,1.20762,3.00,1.07
2018.04.30 12:07:04.472,1.20761,1.20764,1.50,1.32
2018.04.30 12:07:04.579,1.20761,1.20765,6.45,1.20
2018.04.30 12:07:04.783,1.2076,1.20764,5.43,2.32
2018.04.30 12:07:04.991,1.20757,1.2076,3.00,1.95
2018.04.30 12:07:05.521,1.20757,1.20762,10.01,1.57
2018.04.30 12:07:06.344,1.20761,1.20762,1.50,1.10
2018.04.30 12:07:06.398,1.20759,1.20763,5.06,1.07
2018.04.30 12:07:06.451,1.20762,1.20763,1.50,1.10
2018.04.30 12:07:06.505,1.20759,1.20763,4.95,2.14
2018.04.30 12:07:08.072,1.20758,1.20763,2.70,1.57
2018.04.30 12:07:08.288,1.20761,1.20764,1.00,1.57
2018.04.30 12:07:08.828,1.2076,1.20764,4.95,1.10
2018.04.30 12:07:10.164,1.20758,1.20763,4.57,1.57
2018.04.30 12:07:10.669,1.20759,1.20763,1.45,2.14
2018.04.30 12:07:11.448,1.20757,1.20763,5.32,5.14
2018.04.30 12:07:12.128,1.20758,1.20762,1.95,2.14
2018.04.30 12:07:12.687,1.20758,1.20762,1.50,4.20
2018.04.30 12:07:13.204,1.20757,1.20762,1.57,2.32
2018.04.30 12:07:13.754,1.20757,1.20762,8.55,1.95
2018.04.30 12:07:14.432,1.20759,1.20762,1.00,2.70
2018.04.30 12:07:14.968,1.20762,1.20764,1.00,4.69
2018.04.30 12:07:15.020,1.20761,1.20765,1.57,6.82
2018.04.30 12:07:15.331,1.20762,1.20766,3.45,2.70
2018.04.30 12:07:15.405,1.20764,1.20766,1.00,2.89
2018.04.30 12:07:15.666,1.20766,1.20769,1.87,1.10
2018.04.30 12:07:15.725,1.20767,1.2077,3.97,1.07
2018.04.30 12:07:16.238,1.20768,1.2077,1.10,1.25
2018.04.30 12:07:16.753,1.20766,1.20768,1.45,1.00
2018.04.30 12:07:16.908,1.20763,1.20767,2.70,1.20
2018.04.30 12:07:18.396,1.20763,1.20767,3.45,1.39
2018.04.30 12:07:18.912,1.20763,1.20767,3.64,1.39
2018.04.30 12:07:21.294,1.20764,1.20767,2.32,1.69
2018.04.30 12:07:21.841,1.20763,1.20768,5.32,2.51
2018.04.30 12:07:22.201,1.20763,1.20764,1.10,3.00
2018.04.30 12:07:22.253,1.2076,1.20764,1.57,2.32
2018.04.30 12:07:22.459,1.20758,1.20762,6.07,2.51
2018.04.30 12:07:22.969,1.20759,1.20763,1.50,2.89
2018.04.30 12:07:23.575,1.20758,1.20763,1.20,3.26
2018.04.30 12:07:25.124,1.20758,1.20762,1.57,3.64
2018.04.30 12:07:25.639,1.20757,1.2076,5.32,1.00
2018.04.30 12:07:26.256,1.20755,1.2076,8.74,1.76
2018.04.30 12:07:26.310,1.20754,1.20758,7.76,1.00
2018.04.30 12:07:26.978,1.20757,1.2076,1.00,2.14
2018.04.30 12:07:27.491,1.20757,1.2076,1.95,1.00
2018.04.30 12:07:28.114,1.20758,1.2076,1.50,1.00
2018.04.30 12:07:30.994,1.20756,1.2076,3.07,1.00
2018.04.30 12:07:31.545,1.20757,1.20761,3.82,1.07
2018.04.30 12:07:33.382,1.20756,1.20758,1.42,1.00
2018.04.30 12:07:33.925,1.20756,1.20758,2.32,1.00
2018.04.30 12:07:34.302,1.20754,1.20757,3.00,1.45
2018.04.30 12:07:34.355,1.20752,1.20756,1.95,2.70
2018.04.30 12:07:34.884,1.20752,1.20756,2.32,1.10
2018.04.30 12:07:36.294,1.20753,1.20756,1.00,1.01
2018.04.30 12:07:37.500,1.20752,1.20755,2.32,1.00
2018.04.30 12:07:38.003,1.20753,1.20756,2.32,2.32
2018.04.30 12:07:38.418,1.20755,1.20758,3.45,1.00
2018.04.30 12:07:38.902,1.20757,1.2076,1.00,1.95
2018.04.30 12:07:39.007,1.20758,1.20761,1.10,2.70
2018.04.30 12:07:39.114,1.2076,1.20762,1.00,1.95
2018.04.30 12:07:39.806,1.20758,1.20762,8.70,3.82
2018.04.30 12:07:40.414,1.20758,1.20762,1.57,3.45
2018.04.30 12:07:41.382,1.20758,1.2076,2.70,1.00
2018.04.30 12:07:41.851,1.2076,1.20763,3.75,3.45
2018.04.30 12:07:42.710,1.2076,1.20763,1.50,1.01
2018.04.30 12:07:43.610,1.2076,1.20763,2.25,1.76
2018.04.30 12:07:44.134,1.2076,1.20763,7.20,1.10
2018.04.30 12:07:44.641,1.2076,1.20763,4.39,1.00
2018.04.30 12:07:44.745,1.20761,1.20763,1.20,1.00
2018.04.30 12:07:45.269,1.20761,1.20764,4.01,1.25
2018.04.30 12:07:47.171,1.20761,1.20764,2.51,1.39
2018.04.30 12:07:47.657,1.20763,1.20764,1.00,1.00
2018.04.30 12:07:47.760,1.20762,1.20766,5.51,1.01
2018.04.30 12:07:48.289,1.20763,1.20766,2.25,1.57
2018.04.30 12:07:48.393,1.20762,1.20764,1.95,4.50
2018.04.30 12:07:48.603,1.20759,1.20762,4.39,1.50
2018.04.30 12:07:49.179,1.20759,1.20762,5.51,1.00
2018.04.30 12:07:49.770,1.2076,1.20763,3.07,1.00
2018.04.30 12:07:50.413,1.20761,1.20763,1.50,3.00
2018.04.30 12:07:50.990,1.2076,1.20763,2.70,1.00
2018.04.30 12:07:51.856,1.20762,1.20765,2.70,1.39
2018.04.30 12:07:51.960,1.20763,1.20766,5.25,1.10
2018.04.30 12:07:54.650,1.20763,1.20767,1.57,1.57
2018.04.30 12:07:57.913,1.20764,1.20767,1.00,1.10
2018.04.30 12:07:59.158,1.20763,1.20767,2.51,1.10
2018.04.30 12:08:00.032,1.20764,1.20766,1.87,1.00
2018.04.30 12:08:00.085,1.20767,1.20769,1.00,1.20
2018.04.30 12:08:00.190,1.20768,1.2077,1.10,1.10
2018.04.30 12:08:03.467,1.20769,1.2077,1.00,1.00
2018.04.30 12:08:03.878,1.2077,1.20773,1.50,3.45
2018.04.30 12:08:04.087,1.20771,1.20775,4.57,1.01
2018.04.30 12:08:04.364,1.2077,1.20774,1.10,4.20
2018.04.30 12:08:04.570,1.20769,1.20774,8.89,1.57
2018.04.30 12:08:04.623,1.20772,1.20775,1.12,3.49
2018.04.30 12:08:04.781,1.20773,1.20776,1.50,2.70
2018.04.30 12:08:05.365,1.20772,1.20776,2.14,1.39
2018.04.30 12:08:05.898,1.20773,1.20776,1.25,1.39
2018.04.30 12:08:06.116,1.20771,1.20775,3.64,2.51
2018.04.30 12:08:06.221,1.20771,1.20774,1.76,2.14
2018.04.30 12:08:07.863,1.2077,1.20775,8.89,6.82
2018.04.30 12:08:07.969,1.20771,1.20775,1.01,5.92
2018.04.30 12:08:08.620,1.2077,1.20775,4.01,2.17
2018.04.30 12:08:09.144,1.2077,1.20775,7.76,4.39
2018.04.30 12:08:09.666,1.20771,1.20775,1.25,5.51
2018.04.30 12:08:10.052,1.2077,1.20773,1.25,1.29
2018.04.30 12:08:10.572,1.20769,1.20773,1.01,1.10
2018.04.30 12:08:11.098,1.2077,1.20773,3.19,1.10
2018.04.30 12:08:11.660,1.2077,1.20773,1.76,1.20
2018.04.30 12:08:12.204,1.2077,1.20773,1.69,1.20
2018.04.30 12:08:12.861,1.20771,1.20773,1.25,3.64
2018.04.30 12:08:13.381,1.2077,1.20773,1.25,1.10
2018.04.30 12:08:13.719,1.20773,1.20775,2.44,1.00
2018.04.30 12:08:14.034,1.20778,1.20782,1.76,4.20
2018.04.30 12:08:14.641,1.20779,1.20781,1.25,1.25
2018.04.30 12:08:15.154,1.20778,1.20781,2.14,1.00
2018.04.30 12:08:15.714,1.20779,1.20781,1.25,1.25
2018.04.30 12:08:15.819,1.20776,1.2078,2.89,1.10
2018.04.30 12:08:16.046,1.20774,1.20778,1.39,2.06
2018.04.30 12:08:16.151,1.20773,1.20777,1.39,3.82
2018.04.30 12:08:16.671,1.20774,1.20778,1.25,7.20
2018.04.30 12:08:17.784,1.20773,1.20777,3.26,1.57
2018.04.30 12:08:18.499,1.20776,1.20778,1.00,1.95
2018.04.30 12:08:19.155,1.20776,1.20779,1.76,3.26
2018.04.30 12:08:20.202,1.20775,1.20779,1.39,6.26
2018.04.30 12:08:20.564,1.20773,1.20778,5.51,6.07
2018.04.30 12:08:22.560,1.20774,1.20778,1.01,1.39
2018.04.30 12:08:22.716,1.20776,1.20779,4.50,1.95
2018.04.30 12:08:22.872,1.20778,1.20782,5.47,2.70
2018.04.30 12:08:23.421,1.20778,1.20782,3.67,2.25
2018.04.30 12:08:26.016,1.20778,1.20782,1.15,1.57
2018.04.30 12:08:26.647,1.20778,1.20782,1.10,4.01
2018.04.30 12:08:27.199,1.20777,1.20782,3.82,1.76
2018.04.30 12:08:32.469,1.2078,1.20782,1.00,1.20
2018.04.30 12:08:33.008,1.20779,1.20782,2.70,1.00
2018.04.30 12:08:37.052,1.20779,1.20783,9.07,3.07
2018.04.30 12:08:37.639,1.2078,1.20783,1.00,1.10
2018.04.30 12:08:37.846,1.20781,1.20785,1.42,1.10
2018.04.30 12:08:38.151,1.20783,1.20786,1.20,1.20
2018.04.30 12:08:39.182,1.20782,1.20786,2.70,1.00
2018.04.30 12:08:41.448,1.20788,1.2079,1.95,3.75
2018.04.30 12:08:41.502,1.20789,1.20792,5.25,3.26
2018.04.30 12:08:41.807,1.2079,1.20794,1.57,5.89
2018.04.30 12:08:42.586,1.2079,1.20793,2.51,2.44
2018.04.30 12:08:43.450,1.2079,1.20792,1.10,1.10
2018.04.30 12:08:44.755,1.2079,1.20793,1.25,1.01
2018.04.30 12:08:44.885,1.20788,1.2079,1.20,1.00
2018.04.30 12:08:44.948,1.20785,1.20788,1.50,3.07
2018.04.30 12:08:45.153,1.20783,1.20788,4.76,6.64
2018.04.30 12:08:45.256,1.20784,1.20788,1.47,1.45
2018.04.30 12:08:45.358,1.20784,1.20789,3.07,6.67
2018.04.30 12:08:48.183,1.20784,1.20788,4.01,1.20
2018.04.30 12:08:48.716,1.20783,1.20787,2.32,3.94
2018.04.30 12:08:48.769,1.20781,1.20785,2.70,5.62
2018.04.30 12:08:48.823,1.2078,1.20784,2.70,1.57
2018.04.30 12:08:50.858,1.2078,1.20782,1.57,1.00
2018.04.30 12:08:51.173,1.20779,1.20784,2.92,1.10
2018.04.30 12:08:51.683,1.20779,1.20783,1.07,1.25
2018.04.30 12:08:52.590,1.20779,1.20782,1.57,1.00
2018.04.30 12:08:53.155,1.20779,1.20783,3.82,1.76
2018.04.30 12:08:53.733,1.2078,1.20783,1.00,1.76
2018.04.30 12:08:54.264,1.20779,1.20783,1.10,1.01
2018.04.30 12:08:54.772,1.20779,1.20783,1.20,1.39
2018.04.30 12:08:56.466,1.20778,1.20782,4.95,4.87
2018.04.30 12:08:56.569,1.20777,1.20781,1.57,6.64
2018.04.30 12:08:57.093,1.20777,1.20781,2.14,6.64
2018.04.30 12:08:57.600,1.20777,1.20781,1.95,3.37
2018.04.30 12:08:58.212,1.20777,1.2078,4.20,2.25
2018.04.30 12:08:58.743,1.20778,1.20782,1.20,11.51
2018.04.30 12:08:59.328,1.20778,1.2078,1.20,1.00
2018.04.30 12:08:59.881,1.20778,1.20781,1.20,1.00
2018.04.30 12:09:00.414,1.20778,1.20781,1.20,2.25
2018.04.30 12:09:03.172,1.20777,1.20778,1.20,1.00
2018.04.30 12:09:03.479,1.20776,1.20778,4.39,1.25
2018.04.30 12:09:03.922,1.20776,1.2078,3.64,1.50
2018.04.30 12:09:04.504,1.20776,1.20779,5.89,1.00
2018.04.30 12:09:04.980,1.20779,1.20782,4.50,3.82
2018.04.30 12:09:05.033,1.2078,1.20783,1.95,3.94
2018.04.30 12:09:05.707,1.2078,1.20783,2.14,1.69
2018.04.30 12:09:06.233,1.2078,1.20783,1.20,1.00
2018.04.30 12:09:07.429,1.2078,1.20783,1.95,1.95
2018.04.30 12:09:07.966,1.2078,1.20783,1.20,1.87
2018.04.30 12:09:10.318,1.2078,1.20783,1.95,1.69
2018.04.30 12:09:10.859,1.2078,1.20783,2.89,1.69
2018.04.30 12:09:11.816,1.2078,1.20783,2.89,1.69
2018.04.30 12:09:12.342,1.2078,1.20783,2.89,1.69
2018.04.30 12:09:17.121,1.2078,1.20784,3.45,4.57
2018.04.30 12:09:19.546,1.20782,1.20783,1.00,1.00
2018.04.30 12:09:19.651,1.20783,1.20786,1.20,1.29
2018.04.30 12:09:19.755,1.20785,1.20789,1.12,2.70
2018.04.30 12:09:19.859,1.20787,1.2079,1.20,5.70
2018.04.30 12:09:20.361,1.20788,1.20791,1.95,1.20
2018.04.30 12:09:20.467,1.20786,1.2079,3.82,3.38
2018.04.30 12:09:20.674,1.20786,1.2079,4.39,2.81
2018.04.30 12:09:22.263,1.20787,1.20789,1.20,2.14
2018.04.30 12:09:22.777,1.20787,1.2079,3.45,1.69
2018.04.30 12:09:23.120,1.20788,1.20791,1.45,1.39
2018.04.30 12:09:23.635,1.20788,1.2079,1.20,2.25
2018.04.30 12:09:23.738,1.20786,1.20788,3.64,1.00
2018.04.30 12:09:23.807,1.20785,1.20786,11.70,1.87
2018.04.30 12:09:23.910,1.20783,1.20785,1.20,6.56
2018.04.30 12:09:23.963,1.20781,1.20784,1.95,1.25
2018.04.30 12:09:24.119,1.20783,1.20785,3.75,1.87
2018.04.30 12:09:24.171,1.20784,1.20786,3.75,2.51
2018.04.30 12:09:24.692,1.20783,1.20786,1.95,2.06
2018.04.30 12:09:25.831,1.20783,1.20788,2.70,5.89
2018.04.30 12:09:25.884,1.20785,1.20788,9.56,1.95
2018.04.30 12:09:25.938,1.20786,1.2079,1.20,1.39
2018.04.30 12:09:25.990,1.20788,1.20791,2.10,2.32
2018.04.30 12:09:26.153,1.20789,1.20792,3.67,1.87
2018.04.30 12:09:27.338,1.2079,1.20793,1.10,1.00
2018.04.30 12:09:27.958,1.2079,1.20791,1.20,2.62
2018.04.30 12:09:28.011,1.20787,1.20789,3.45,1.01
2018.04.30 12:09:28.565,1.20786,1.2079,3.64,1.87
2018.04.30 12:09:29.068,1.20788,1.20791,1.20,7.01
2018.04.30 12:09:30.501,1.20788,1.20791,1.10,1.66
2018.04.30 12:09:30.555,1.20789,1.20792,1.95,2.86
2018.04.30 12:09:31.071,1.2079,1.20793,1.45,4.55
2018.04.30 12:09:32.015,1.20789,1.20791,2.70,1.25
2018.04.30 12:09:32.523,1.20789,1.20791,1.95,1.12
2018.04.30 12:09:34.429,1.20788,1.20791,5.14,1.31
2018.04.30 12:09:34.801,1.20782,1.20783,1.20,1.00
2018.04.30 12:09:34.907,1.20779,1.20783,1.95,3.30
2018.04.30 12:09:35.425,1.2078,1.20783,1.20,3.67
2018.04.30 12:09:35.977,1.2078,1.20783,2.14,1.69
2018.04.30 12:09:37.898,1.2078,1.20782,1.20,2.14
2018.04.30 12:09:38.409,1.20779,1.20782,1.95,1.12
2018.04.30 12:09:41.371,1.2078,1.20782,1.20,1.10
2018.04.30 12:09:45.321,1.2078,1.20782,1.20,1.00
2018.04.30 12:09:45.477,1.2078,1.20784,1.95,3.26
2018.04.30 12:09:45.530,1.20779,1.20781,2.70,1.00
2018.04.30 12:09:45.844,1.2078,1.20783,2.14,1.39
2018.04.30 12:09:47.384,1.2078,1.20783,1.01,1.31
2018.04.30 12:09:47.972,1.20781,1.20783,4.20,1.10
2018.04.30 12:09:48.077,1.20783,1.20786,2.32,3.56
2018.04.30 12:09:48.391,1.20784,1.20789,2.70,8.89
2018.04.30 12:09:48.547,1.20786,1.2079,5.36,2.06
2018.04.30 12:09:48.600,1.20786,1.20791,4.42,4.39
2018.04.30 12:09:48.758,1.20786,1.20789,6.64,1.25
2018.04.30 12:09:49.066,1.20792,1.20794,1.20,1.12
2018.04.30 12:09:49.219,1.20789,1.20793,9.64,6.75
2018.04.30 12:09:49.271,1.20789,1.20791,2.70,1.00
2018.04.30 12:09:49.830,1.20788,1.20791,1.20,5.32
2018.04.30 12:09:52.397,1.20787,1.20791,1.57,1.44
2018.04.30 12:09:53.229,1.20788,1.20791,1.95,1.31
2018.04.30 12:09:53.564,1.20786,1.20788,1.95,1.50
2018.04.30 12:09:53.619,1.20785,1.20788,2.70,3.37
2018.04.30 12:09:54.159,1.20784,1.20787,3.45,1.31
2018.04.30 12:09:55.245,1.20785,1.20787,1.00,1.12
2018.04.30 12:09:55.877,1.20784,1.20787,2.70,1.25
2018.04.30 12:09:55.929,1.2078,1.20784,5.14,3.26
2018.04.30 12:09:57.052,1.2078,1.20784,7.20,2.62
2018.04.30 12:09:57.104,1.20782,1.20786,2.70,3.45
2018.04.30 12:09:57.207,1.20784,1.20787,1.45,3.64
2018.04.30 12:09:57.716,1.20784,1.20788,3.45,2.32
2018.04.30 12:09:58.041,1.20786,1.2079,1.95,7.12
2018.04.30 12:09:58.836,1.20787,1.20789,1.20,1.69
2018.04.30 12:09:59.291,1.20786,1.20789,1.20,2.70
2018.04.30 12:10:00.098,1.20785,1.20788,1.20,3.00
2018.04.30 12:10:00.610,1.20784,1.20787,1.20,1.00
2018.04.30 12:10:01.144,1.20784,1.20787,5.70,3.00
2018.04.30 12:10:01.703,1.20784,1.20787,1.20,3.75
2018.04.30 12:10:02.962,1.20784,1.20788,1.20,1.81
2018.04.30 12:10:05.837,1.20784,1.20788,1.20,1.57
2018.04.30 12:10:06.626,1.20784,1.20786,1.20,1.00
2018.04.30 12:10:06.678,1.20782,1.20785,2.70,4.01
2018.04.30 12:10:07.191,1.20782,1.20784,1.95,2.32
2018.04.30 12:10:07.697,1.20784,1.20787,3.75,1.39
2018.04.30 12:10:07.799,1.20785,1.20788,1.00,3.45
2018.04.30 12:10:08.316,1.20785,1.20788,1.95,1.95
2018.04.30 12:10:08.827,1.20785,1.20787,1.95,1.00
2018.04.30 12:10:09.399,1.20785,1.20788,1.95,1.95
2018.04.30 12:10:09.775,1.20787,1.20789,2.85,3.26
2018.04.30 12:10:09.829,1.20788,1.2079,1.20,1.39
2018.04.30 12:10:10.400,1.20787,1.20791,1.20,1.39
2018.04.30 12:10:11.252,1.20787,1.20791,1.95,1.31
2018.04.30 12:10:15.234,1.2079,1.20792,1.20,1.39
2018.04.30 12:10:15.794,1.2079,1.20792,1.95,1.12
2018.04.30 12:10:16.982,1.2079,1.20793,1.00,6.07
2018.04.30 12:10:17.793,1.20788,1.2079,1.95,2.50
2018.04.30 12:10:17.845,1.20788,1.20792,1.95,2.81
2018.04.30 12:10:25.093,1.2079,1.20793,7.95,4.39
2018.04.30 12:10:25.692,1.2079,1.20793,3.45,2.51
2018.04.30 12:10:27.115,1.2079,1.20793,1.20,2.32
2018.04.30 12:10:28.657,1.20791,1.20794,1.10,2.62
2018.04.30 12:10:28.814,1.20793,1.20796,1.87,1.01
2018.04.30 12:10:29.307,1.20791,1.20794,1.05,1.19
2018.04.30 12:10:29.615,1.20793,1.20797,1.10,3.26
2018.04.30 12:10:30.209,1.20792,1.20797,4.57,3.45
2018.04.30 12:10:30.923,1.20792,1.20796,5.32,2.25
2018.04.30 12:10:31.552,1.20792,1.20797,3.45,5.70
2018.04.30 12:10:32.278,1.20793,1.20796,1.20,1.25
2018.04.30 12:10:32.331,1.20792,1.20794,1.45,1.00
2018.04.30 12:10:32.386,1.20791,1.20794,1.95,1.31
2018.04.30 12:10:34.011,1.2079,1.20793,5.89,1.25
2018.04.30 12:10:34.524,1.20791,1.20794,1.20,7.20
2018.04.30 12:10:35.038,1.20789,1.20792,1.20,1.31
2018.04.30 12:10:35.142,1.20789,1.2079,1.20,1.00
2018.04.30 12:10:35.248,1.20786,1.20789,1.20,1.00
2018.04.30 12:10:35.881,1.20786,1.2079,1.20,7.20
2018.04.30 12:10:36.413,1.20786,1.20789,1.20,1.00
2018.04.30 12:10:36.718,1.20787,1.2079,1.45,4.95
2018.04.30 12:10:37.221,1.20787,1.2079,1.95,1.25
2018.04.30 12:10:37.534,1.2079,1.20792,1.20,1.00
2018.04.30 12:10:38.177,1.2079,1.20794,3.45,4.76
2018.04.30 12:10:38.594,1.20792,1.20795,1.20,1.31
2018.04.30 12:10:39.381,1.20791,1.20795,1.57,4.69
2018.04.30 12:10:39.912,1.20791,1.20795,1.57,7.76
2018.04.30 12:10:44.111,1.20792,1.20795,1.10,2.25
2018.04.30 12:10:44.751,1.20792,1.20796,1.20,7.01
2018.04.30 12:10:45.220,1.20792,1.20795,1.95,4.69
2018.04.30 12:10:46.174,1.20792,1.20796,1.20,9.64
2018.04.30 12:10:46.487,1.20796,1.20798,1.20,1.20
2018.04.30 12:10:46.886,1.20795,1.20798,1.20,2.32
2018.04.30 12:10:47.404,1.20794,1.20798,1.95,3.37
2018.04.30 12:10:48.563,1.20794,1.20796,1.95,1.00
2018.04.30 12:10:49.084,1.20793,1.20795,1.20,1.39
2018.04.30 12:10:49.930,1.20793,1.20795,1.20,1.39
2018.04.30 12:10:50.275,1.20793,1.20796,1.10,3.00
2018.04.30 12:10:50.884,1.20793,1.20796,1.20,2.70
2018.04.30 12:10:53.603,1.20792,1.20796,3.82,2.81
2018.04.30 12:10:54.109,1.20792,1.20795,1.95,1.12
2018.04.30 12:10:55.000,1.20792,1.20796,4.95,1.01
2018.04.30 12:10:55.326,1.20794,1.20796,1.20,1.01
2018.04.30 12:10:57.422,1.20795,1.20798,5.70,2.44
2018.04.30 12:10:57.736,1.20798,1.20801,1.95,2.62
2018.04.30 12:10:58.781,1.20797,1.208,1.95,1.31
2018.04.30 12:10:58.834,1.20797,1.20799,1.95,1.69
2018.04.30 12:10:59.038,1.20795,1.20799,3.45,1.31
2018.04.30 12:10:59.575,1.20795,1.20799,1.20,3.94
2018.04.30 12:11:00.095,1.20795,1.20798,1.20,1.19
2018.04.30 12:11:00.366,1.20793,1.20796,1.45,1.95
2018.04.30 12:11:00.878,1.20793,1.20795,1.95,1.50
2018.04.30 12:11:01.167,1.20792,1.20795,3.49,1.25
2018.04.30 12:11:01.373,1.20794,1.20797,6.30,1.12
2018.04.30 12:11:01.886,1.20794,1.20798,4.39,5.62
2018.04.30 12:11:02.433,1.20795,1.20799,1.20,9.64
2018.04.30 12:11:03.362,1.20794,1.20798,1.20,2.25
2018.04.30 12:11:03.869,1.20794,1.20799,2.14,14.51
2018.04.30 12:11:04.229,1.20792,1.20795,1.50,1.62
2018.04.30 12:11:04.731,1.20792,1.20795,2.55,1.87
2018.04.30 12:11:04.835,1.20792,1.20796,3.67,1.50
2018.04.30 12:11:05.905,1.20793,1.20795,1.20,1.00
2018.04.30 12:11:06.517,1.20793,1.20796,1.20,1.12
2018.04.30 12:11:07.065,1.20793,1.20795,1.20,1.00
2018.04.30 12:11:07.652,1.20793,1.20796,1.20,1.87
2018.04.30 12:11:10.249,1.20794,1.20796,1.10,1.87
2018.04.30 12:11:14.355,1.20792,1.20797,6.49,6.07
2018.04.30 12:11:15.370,1.20792,1.20796,3.30,1.50
2018.04.30 12:11:16.009,1.20792,1.20796,4.24,1.31
2018.04.30 12:11:17.363,1.20792,1.20796,5.17,1.31
2018.04.30 12:11:18.295,1.20793,1.20796,1.20,2.06
2018.04.30 12:11:18.820,1.20793,1.20797,1.20,10.76
2018.04.30 12:11:19.116,1.20792,1.20794,4.05,1.25
2018.04.30 12:11:19.626,1.20792,1.20794,1.20,1.69
2018.04.30 12:11:21.807,1.20792,1.20794,1.10,1.31
2018.04.30 12:11:21.861,1.20792,1.20795,1.80,5.81
2018.04.30 12:11:22.399,1.20792,1.20795,2.92,5.44
2018.04.30 12:11:23.885,1.20792,1.20793,2.92,1.00
2018.04.30 12:11:24.488,1.20793,1.20794,1.20,1.50
2018.04.30 12:11:29.873,1.20793,1.20795,1.00,2.62
2018.04.30 12:11:30.386,1.20793,1.20796,1.10,4.31
2018.04.30 12:11:33.157,1.20794,1.20796,1.20,1.10
2018.04.30 12:11:33.772,1.20794,1.20797,1.95,2.44
2018.04.30 12:11:34.255,1.20795,1.20797,4.20,1.00
2018.04.30 12:11:34.765,1.20794,1.20798,3.45,2.70
2018.04.30 12:11:35.323,1.20794,1.20797,1.95,1.00
2018.04.30 12:11:36.044,1.20794,1.20798,12.45,1.20
2018.04.30 12:11:36.558,1.20794,1.20798,1.20,1.12
2018.04.30 12:11:37.786,1.20797,1.20799,1.00,5.32
2018.04.30 12:11:38.603,1.20799,1.208,1.00,2.32
2018.04.30 12:11:38.656,1.208,1.20804,1.50,11.70
2018.04.30 12:11:40.171,1.20797,1.208,1.20,1.00
2018.04.30 12:11:40.674,1.20797,1.20799,1.10,1.10
2018.04.30 12:11:41.235,1.20797,1.208,1.10,5.89
2018.04.30 12:11:41.960,1.20797,1.20799,1.00,1.31
2018.04.30 12:11:42.733,1.20797,1.20799,1.00,1.31
2018.04.30 12:11:43.246,1.20797,1.208,1.00,12.45
2018.04.30 12:11:44.014,1.20797,1.20801,1.10,11.92
2018.04.30 12:11:47.628,1.20796,1.208,3.07,1.39
2018.04.30 12:11:47.938,1.20798,1.208,1.00,1.31
2018.04.30 12:11:49.508,1.20799,1.20803,1.50,8.89
2018.04.30 12:11:49.685,1.208,1.20803,5.70,1.50
2018.04.30 12:11:50.212,1.208,1.20804,2.14,1.95
2018.04.30 12:11:50.757,1.208,1.20804,4.39,6.02
2018.04.30 12:11:51.065,1.208,1.20803,4.39,1.19
2018.04.30 12:11:51.612,1.208,1.20804,1.39,2.51
2018.04.30 12:11:52.390,1.208,1.20803,1.20,1.69
2018.04.30 12:11:52.938,1.20799,1.20803,1.39,1.31
2018.04.30 12:11:53.547,1.20799,1.20802,1.20,1.50
2018.04.30 12:11:54.007,1.208,1.20802,1.20,1.69
2018.04.30 12:11:54.112,1.20801,1.20804,4.80,1.76
2018.04.30 12:11:54.623,1.20801,1.20805,3.30,7.39
2018.04.30 12:11:55.313,1.20801,1.20804,4.80,1.50
2018.04.30 12:11:57.520,1.20801,1.20805,4.05,3.94
2018.04.30 12:11:58.399,1.20801,1.20805,4.80,4.69
2018.04.30 12:11:58.556,1.20798,1.208,1.95,1.31
2018.04.30 12:11:58.838,1.208,1.20803,1.95,3.45
2018.04.30 12:11:58.891,1.20801,1.20803,1.10,1.10
2018.04.30 12:11:59.495,1.20801,1.20804,1.95,2.14
2018.04.30 12:12:01.635,1.20801,1.20805,8.55,3.45
2018.04.30 12:12:01.742,1.20804,1.20807,1.00,1.76
2018.04.30 12:12:02.073,1.20805,1.20808,1.20,5.52
2018.04.30 12:12:02.595,1.20804,1.20808,1.95,3.56
2018.04.30 12:12:03.235,1.20804,1.20806,1.20,1.69
2018.04.30 12:12:03.493,1.20803,1.20805,1.20,1.39
2018.04.30 12:12:04.031,1.20803,1.20805,1.20,2.89
2018.04.30 12:12:04.189,1.208,1.20803,1.95,1.69
2018.04.30 12:12:06.524,1.208,1.20804,1.95,7.76
2018.04.30 12:12:07.098,1.208,1.20804,1.20,7.50
2018.04.30 12:12:07.616,1.20799,1.20802,3.45,1.00
2018.04.30 12:12:08.134,1.208,1.20803,1.45,2.33
2018.04.30 12:12:08.644,1.20801,1.20803,1.20,1.58
2018.04.30 12:12:09.158,1.20799,1.20804,1.95,5.51
2018.04.30 12:12:09.814,1.20799,1.20804,1.10,5.89
2018.04.30 12:12:10.356,1.208,1.20803,1.00,2.89
2018.04.30 12:12:10.891,1.20799,1.20803,1.10,1.01
2018.04.30 12:12:11.116,1.20801,1.20804,1.00,4.95
2018.04.30 12:12:11.810,1.20799,1.20803,2.14,1.31
2018.04.30 12:12:12.367,1.208,1.20803,2.32,1.69
2018.04.30 12:12:13.357,1.208,1.20805,1.10,9.26
2018.04.30 12:12:13.903,1.20801,1.20805,1.10,6.82
2018.04.30 12:12:14.218,1.20799,1.20803,1.57,3.07
2018.04.30 12:12:18.697,1.20799,1.20804,3.45,6.82
2018.04.30 12:12:19.249,1.20799,1.20803,4.24,1.00
2018.04.30 12:12:20.268,1.20799,1.20801,2.17,1.00
2018.04.30 12:12:20.425,1.20796,1.208,2.17,4.39
2018.04.30 12:12:20.941,1.20796,1.20799,2.17,1.00
2018.04.30 12:12:21.458,1.20795,1.208,8.55,5.14
2018.04.30 12:12:21.613,1.20798,1.20802,1.00,6.64
2018.04.30 12:12:21.666,1.20798,1.20802,1.20,3.26
2018.04.30 12:12:22.169,1.20799,1.20802,1.10,1.69
2018.04.30 12:12:23.105,1.20799,1.20804,3.45,9.07
2018.04.30 12:12:23.621,1.20799,1.20804,6.67,7.95
2018.04.30 12:12:24.435,1.208,1.20802,3.75,1.12
2018.04.30 12:12:24.961,1.20802,1.20805,2.25,5.89
2018.04.30 12:12:25.117,1.20799,1.20804,2.14,4.57
2018.04.30 12:12:25.297,1.20799,1.20801,1.10,1.00
2018.04.30 12:12:25.858,1.20798,1.20802,2.70,1.58
2018.04.30 12:12:26.198,1.20795,1.20799,1.57,1.12
2018.04.30 12:12:26.250,1.20794,1.20799,3.26,2.14
2018.04.30 12:12:26.770,1.20794,1.20798,1.47,1.39
2018.04.30 12:12:27.288,1.20794,1.20798,1.95,1.76
2018.04.30 12:12:28.066,1.20794,1.20799,2.14,8.14
2018.04.30 12:12:28.586,1.20794,1.20798,3.45,3.07
2018.04.30 12:12:28.689,1.20794,1.20798,1.57,1.76
2018.04.30 12:12:28.795,1.20794,1.20798,1.95,7.57
2018.04.30 12:12:29.368,1.20794,1.20797,2.70,1.25
2018.04.30 12:12:29.874,1.20794,1.20798,1.20,3.45
2018.04.30 12:12:30.389,1.20794,1.20798,1.20,2.89
2018.04.30 12:12:30.962,1.20794,1.20798,3.45,2.89
2018.04.30 12:12:31.922,1.20794,1.20798,1.20,2.89
2018.04.30 12:12:32.455,1.20794,1.20798,4.95,2.89
2018.04.30 12:12:32.956,1.20794,1.20797,7.95,1.00
2018.04.30 12:12:33.596,1.20794,1.20798,3.45,2.89
2018.04.30 12:12:34.057,1.20793,1.20795,1.45,1.50
2018.04.30 12:12:34.197,1.20791,1.20795,1.01,7.01
2018.04.30 12:12:34.459,1.20792,1.20796,1.10,1.42
2018.04.30 12:12:35.376,1.20793,1.20796,1.95,1.20
2018.04.30 12:12:36.455,1.20791,1.20795,8.55,1.50
2018.04.30 12:12:36.960,1.20791,1.20796,4.76,6.45
2018.04.30 12:12:37.482,1.20793,1.20796,1.00,1.39
2018.04.30 12:12:38.045,1.20793,1.20797,1.00,7.61
2018.04.30 12:12:38.589,1.20791,1.20795,5.92,1.25
2018.04.30 12:12:38.799,1.2079,1.20794,2.74,1.39
2018.04.30 12:12:40.516,1.2079,1.20795,1.95,9.26
2018.04.30 12:12:41.060,1.2079,1.20794,1.80,1.39
2018.04.30 12:12:44.307,1.20793,1.20797,1.00,7.39
2018.04.30 12:12:44.619,1.20796,1.20799,1.00,3.07
2018.04.30 12:12:45.132,1.20795,1.20798,4.80,1.20
2018.04.30 12:12:45.238,1.20794,1.20798,2.70,3.45
2018.04.30 12:12:46.226,1.20791,1.20794,3.30,1.69
2018.04.30 12:12:46.330,1.2079,1.20795,3.45,13.20
2018.04.30 12:12:47.404,1.20789,1.20793,3.49,1.00
2018.04.30 12:12:47.912,1.20788,1.20792,2.14,1.20
2018.04.30 12:12:48.711,1.20789,1.20792,1.25,5.14
2018.04.30 12:12:50.219,1.20791,1.20794,1.00,6.26
2018.04.30 12:12:50.393,1.20793,1.20796,1.00,1.20
2018.04.30 12:12:50.546,1.20794,1.20798,2.32,3.26
2018.04.30 12:12:50.598,1.20794,1.20797,1.10,1.20
2018.04.30 12:12:52.052,1.20794,1.20798,1.20,3.64
2018.04.30 12:12:52.363,1.2079,1.20794,4.39,2.44
2018.04.30 12:12:53.329,1.2079,1.20792,2.70,3.00
2018.04.30 12:12:53.870,1.2079,1.20794,1.76,4.57
2018.04.30 12:12:54.372,1.20789,1.20793,1.10,1.01
2018.04.30 12:12:54.988,1.20789,1.20794,9.30,1.95
2018.04.30 12:12:55.534,1.2079,1.20794,4.61,1.39
2018.04.30 12:12:55.739,1.20792,1.20796,3.79,1.20
2018.04.30 12:12:56.357,1.20793,1.20796,1.07,2.10
2018.04.30 12:12:57.223,1.20792,1.20795,1.10,10.31
2018.04.30 12:12:57.777,1.20791,1.20795,1.00,8.89
2018.04.30 12:12:58.442,1.20789,1.20794,10.42,1.01
2018.04.30 12:12:58.788,1.20789,1.20792,1.57,1.00
2018.04.30 12:12:58.840,1.20789,1.20792,1.39,1.00
2018.04.30 12:12:59.277,1.20789,1.20793,5.89,1.20
2018.04.30 12:13:00.223,1.2079,1.20794,3.45,1.10
2018.04.30 12:13:00.537,1.20792,1.20795,1.76,1.50
2018.04.30 12:13:01.058,1.20791,1.20794,1.57,1.10
2018.04.30 12:13:01.687,1.20794,1.20795,1.00,1.57
2018.04.30 12:13:01.792,1.20794,1.20797,1.57,1.07
2018.04.30 12:13:02.234,1.20791,1.20794,5.92,1.00
2018.04.30 12:13:02.286,1.2079,1.20794,7.80,1.25
2018.04.30 12:13:02.814,1.2079,1.20795,2.32,5.51
2018.04.30 12:13:03.022,1.20789,1.20792,1.20,1.87
2018.04.30 12:13:03.174,1.2079,1.20794,2.17,3.82
2018.04.30 12:13:03.383,1.20792,1.20795,2.32,8.32
2018.04.30 12:13:03.488,1.20794,1.20797,1.10,1.00
2018.04.30 12:13:03.989,1.20794,1.20797,1.10,1.19
2018.04.30 12:13:05.062,1.20794,1.20797,1.10,1.25
2018.04.30 12:13:05.259,1.20794,1.20796,1.10,1.69
2018.04.30 12:13:05.365,1.20791,1.20794,1.95,1.12
2018.04.30 12:13:06.351,1.20791,1.20794,2.89,1.31
2018.04.30 12:13:06.962,1.20791,1.20794,1.95,3.56
2018.04.30 12:13:09.660,1.20791,1.20794,1.25,1.76
2018.04.30 12:13:10.265,1.2079,1.20793,1.20,1.00
2018.04.30 12:13:11.107,1.2079,1.20793,1.57,1.00
2018.04.30 12:13:11.637,1.2079,1.20794,1.57,1.20
2018.04.30 12:13:12.911,1.2079,1.20794,11.89,6.82
2018.04.30 12:13:13.462,1.2079,1.20794,12.82,5.70
2018.04.30 12:13:15.390,1.2079,1.20793,6.07,1.00
2018.04.30 12:13:17.778,1.2079,1.20793,3.07,1.57
2018.04.30 12:13:18.079,1.20787,1.20788,1.80,1.30
2018.04.30 12:13:18.131,1.20786,1.20789,1.00,3.45
2018.04.30 12:13:18.183,1.20783,1.20785,1.95,3.37
2018.04.30 12:13:18.235,1.20782,1.20785,1.00,13.42
2018.04.30 12:13:18.338,1.2078,1.20785,1.57,9.07
2018.04.30 12:13:18.861,1.20781,1.20784,1.00,2.32
2018.04.30 12:13:19.385,1.20781,1.20785,2.70,4.76
2018.04.30 12:13:20.066,1.20782,1.20787,1.20,5.14
2018.04.30 12:13:20.586,1.20783,1.20787,4.20,1.87
2018.04.30 12:13:21.095,1.20784,1.20788,2.17,2.32
2018.04.30 12:13:21.404,1.20785,1.20789,1.95,4.57
2018.04.30 12:13:21.678,1.20783,1.20788,6.67,1.95
2018.04.30 12:13:22.203,1.20783,1.20788,5.17,3.07
2018.04.30 12:13:24.769,1.20783,1.20788,2.70,5.32
2018.04.30 12:13:25.191,1.20783,1.20785,1.00,1.87
2018.04.30 12:13:25.296,1.2078,1.20784,2.92,1.25
2018.04.30 12:13:26.093,1.2078,1.20784,4.39,3.64
2018.04.30 12:13:26.630,1.2078,1.20784,3.45,2.89
2018.04.30 12:13:28.961,1.2078,1.20784,1.20,3.82
2018.04.30 12:13:29.503,1.20779,1.20783,5.74,2.32
2018.04.30 12:13:30.033,1.2078,1.20783,1.25,1.01
2018.04.30 12:13:30.768,1.20779,1.20783,4.24,1.10
2018.04.30 12:13:31.098,1.2078,1.20783,1.50,3.49
2018.04.30 12:13:31.202,1.2078,1.20783,1.50,2.32
2018.04.30 12:13:31.712,1.2078,1.20784,2.17,3.45
2018.04.30 12:13:31.816,1.2078,1.20784,3.67,3.07
2018.04.30 12:13:31.920,1.2078,1.20784,1.10,7.01
2018.04.30 12:13:37.081,1.20782,1.20784,1.37,1.10
2018.04.30 12:13:37.347,1.20783,1.20786,3.64,1.10
2018.04.30 12:13:37.951,1.20784,1.20787,1.95,1.00
2018.04.30 12:13:39.131,1.20784,1.20787,4.20,2.70
2018.04.30 12:13:40.363,1.20784,1.20787,1.95,2.62
2018.04.30 12:13:41.524,1.20785,1.20787,1.50,1.00
2018.04.30 12:13:42.900,1.20784,1.20787,1.31,1.20
2018.04.30 12:13:43.199,1.20782,1.20785,1.39,1.87
2018.04.30 12:13:43.794,1.20782,1.20785,2.47,1.10
2018.04.30 12:13:44.993,1.20783,1.20785,1.12,1.00
2018.04.30 12:13:45.260,1.2078,1.20784,3.26,1.61
2018.04.30 12:13:45.362,1.20779,1.20782,2.81,1.01
2018.04.30 12:13:45.670,1.20778,1.20781,1.00,4.01
2018.04.30 12:13:46.211,1.20777,1.20781,8.36,1.00
2018.04.30 12:13:46.858,1.2078,1.20781,3.00,1.00
2018.04.30 12:13:48.900,1.2078,1.20783,2.44,2.14
2018.04.30 12:13:49.138,1.20782,1.20784,1.00,4.76
2018.04.30 12:13:49.786,1.20781,1.20784,1.12,1.10
2018.04.30 12:13:51.555,1.2078,1.20782,1.50,1.00
2018.04.30 12:13:52.065,1.20779,1.20782,3.45,1.00
2018.04.30 12:13:52.169,1.2078,1.20784,2.32,3.07
2018.04.30 12:13:52.478,1.20781,1.20784,1.57,1.07
2018.04.30 12:13:53.014,1.20781,1.20784,1.47,1.00
2018.04.30 12:13:54.516,1.20781,1.20785,1.95,5.32
2018.04.30 12:13:55.627,1.20783,1.20786,1.00,3.26
2018.04.30 12:13:55.680,1.20783,1.20786,1.00,1.39
2018.04.30 12:13:56.762,1.20783,1.20785,1.50,1.50
2018.04.30 12:13:57.713,1.20781,1.20784,3.82,1.25
2018.04.30 12:14:00.621,1.20781,1.20784,1.10,6.30
2018.04.30 12:14:01.443,1.20782,1.20783,1.00,1.05
2018.04.30 12:14:01.547,1.20782,1.20786,1.00,7.42
2018.04.30 12:14:03.412,1.20782,1.20784,1.00,1.00
2018.04.30 12:14:04.159,1.20782,1.20785,1.00,1.80
2018.04.30 12:14:04.723,1.20782,1.20784,1.00,1.00
2018.04.30 12:14:05.288,1.2078,1.20783,5.14,1.10
2018.04.30 12:14:06.772,1.2078,1.20782,2.70,1.00
2018.04.30 12:14:06.875,1.2078,1.20783,1.20,2.32
2018.04.30 12:14:08.848,1.2078,1.20785,2.70,3.64
2018.04.30 12:14:09.003,1.20782,1.20786,1.57,4.24
2018.04.30 12:14:09.191,1.20785,1.20787,2.06,2.55
2018.04.30 12:14:09.244,1.20785,1.20789,6.64,1.12
2018.04.30 12:14:11.652,1.20785,1.20789,6.26,1.76
2018.04.30 12:14:11.861,1.20788,1.20792,2.62,1.57
2018.04.30 12:14:11.915,1.20789,1.20793,8.32,1.57
2018.04.30 12:14:12.020,1.2079,1.20795,3.75,1.95
2018.04.30 12:14:12.177,1.2079,1.20794,2.44,2.89
2018.04.30 12:14:12.637,1.20789,1.20791,3.19,1.00
2018.04.30 12:14:13.164,1.20789,1.20793,2.51,3.67
2018.04.30 12:14:13.704,1.20789,1.20793,4.39,1.20
2018.04.30 12:14:14.359,1.20791,1.20795,2.25,8.17
2018.04.30 12:14:14.674,1.20792,1.20796,3.37,3.45
2018.04.30 12:14:14.726,1.20793,1.20797,1.39,1.57
2018.04.30 12:14:15.381,1.20794,1.20797,1.25,1.76
2018.04.30 12:14:15.434,1.20791,1.20795,4.01,2.62
2018.04.30 12:14:15.696,1.20791,1.20794,1.12,1.01
2018.04.30 12:14:16.241,1.20791,1.20794,1.12,2.51
2018.04.30 12:14:16.810,1.20791,1.20792,1.00,2.25
2018.04.30 12:14:17.328,1.20791,1.20794,1.00,8.14
2018.04.30 12:14:17.908,1.20791,1.20792,1.00,1.00
2018.04.30 12:14:18.217,1.20789,1.20791,1.76,1.00
2018.04.30 12:14:18.270,1.20787,1.20791,1.10,4.05
2018.04.30 12:14:18.376,1.20786,1.2079,1.69,4.09
2018.04.30 12:14:18.959,1.20786,1.2079,1.10,4.31
2018.04.30 12:14:21.432,1.20786,1.20789,2.14,1.39
2018.04.30 12:14:21.733,1.20782,1.20785,5.89,1.10
2018.04.30 12:14:22.284,1.20782,1.20786,7.01,1.57
2018.04.30 12:14:22.621,1.20782,1.20785,1.76,1.44
2018.04.30 12:14:26.619,1.20782,1.20786,1.10,6.86
2018.04.30 12:14:27.328,1.20782,1.20786,1.57,5.36
2018.04.30 12:14:27.830,1.20783,1.20787,1.39,5.32
2018.04.30 12:14:28.356,1.20783,1.20786,1.10,3.07
2018.04.30 12:14:28.875,1.20783,1.20786,3.07,1.10
2018.04.30 12:14:30.461,1.20785,1.20788,4.35,1.76
2018.04.30 12:14:30.567,1.20785,1.20789,2.32,1.95
2018.04.30 12:14:31.102,1.20785,1.20788,1.57,1.00
2018.04.30 12:14:31.629,1.20783,1.20787,3.67,1.00
2018.04.30 12:14:32.158,1.20783,1.20787,2.55,1.10
2018.04.30 12:14:33.626,1.20783,1.20787,5.17,1.00
2018.04.30 12:14:33.885,1.20786,1.20787,1.00,1.00
2018.04.30 12:14:34.098,1.20786,1.2079,1.35,7.20
2018.04.30 12:14:34.339,1.20788,1.20789,1.00,1.10
2018.04.30 12:14:34.703,1.20789,1.20791,1.00,1.01
2018.04.30 12:14:35.746,1.2079,1.20791,1.00,1.00
2018.04.30 12:14:36.823,1.20789,1.20791,1.01,1.00
2018.04.30 12:14:39.068,1.20788,1.2079,2.92,1.00
2018.04.30 12:14:39.175,1.20786,1.20788,1.10,1.00
2018.04.30 12:14:39.511,1.20783,1.20785,1.70,1.00
2018.04.30 12:14:39.615,1.20782,1.20784,1.49,1.00
2018.04.30 12:14:39.874,1.2078,1.20784,2.51,1.95
2018.04.30 12:14:40.332,1.20782,1.20785,1.25,1.10
2018.04.30 12:14:41.929,1.20781,1.20785,1.01,1.57
2018.04.30 12:14:42.031,1.20781,1.20783,1.31,1.00
2018.04.30 12:14:42.546,1.20781,1.20785,1.31,9.45
2018.04.30 12:14:43.435,1.20785,1.20786,1.12,1.10
2018.04.30 12:14:43.487,1.20785,1.20788,1.57,2.62
2018.04.30 12:14:44.003,1.20783,1.20787,2.70,1.20
2018.04.30 12:14:44.300,1.20782,1.20785,1.30,1.10
2018.04.30 12:14:44.805,1.20781,1.20784,5.70,1.00
2018.04.30 12:14:45.319,1.20782,1.20784,1.50,1.00
2018.04.30 12:14:46.668,1.20783,1.20786,2.10,1.10
2018.04.30 12:14:47.176,1.20783,1.20787,1.57,1.57
2018.04.30 12:14:48.597,1.20783,1.20786,2.51,1.00
2018.04.30 12:14:48.649,1.20781,1.20784,1.80,1.00
2018.04.30 12:14:48.745,1.2078,1.20784,3.86,1.10
2018.04.30 12:14:49.313,1.20779,1.20784,5.51,1.76
2018.04.30 12:14:49.840,1.2078,1.20784,1.00,2.89
2018.04.30 12:14:49.954,1.2078,1.20781,1.00,1.50
2018.04.30 12:14:50.162,1.2078,1.20783,3.19,2.89
2018.04.30 12:14:50.693,1.2078,1.20783,1.44,1.39
2018.04.30 12:14:51.553,1.20781,1.20784,2.32,1.00
2018.04.30 12:14:52.064,1.20781,1.20784,4.20,1.50
2018.04.30 12:14:52.475,1.20779,1.20782,1.95,2.44
2018.04.30 12:14:54.003,1.20781,1.20783,1.00,1.57
2018.04.30 12:14:54.321,1.20784,1.20788,1.45,2.89
2018.04.30 12:14:54.858,1.20782,1.20785,3.26,2.44
2018.04.30 12:14:54.911,1.20781,1.20785,2.32,2.32
2018.04.30 12:14:58.621,1.20782,1.20785,1.20,1.00
2018.04.30 12:14:58.725,1.20784,1.20786,1.12,1.00
2018.04.30 12:15:00.281,1.20785,1.2079,2.62,6.82
2018.04.30 12:15:00.476,1.20787,1.2079,1.50,1.10
2018.04.30 12:15:01.005,1.20788,1.2079,1.25,1.00
2018.04.30 12:15:01.112,1.20786,1.2079,1.39,5.89
2018.04.30 12:15:01.619,1.20785,1.20789,1.39,1.57
2018.04.30 12:15:02.578,1.20787,1.20789,1.00,1.20
2018.04.30 12:15:02.684,1.20789,1.20791,1.69,1.20
2018.04.30 12:15:03.203,1.20789,1.20791,1.01,1.10
2018.04.30 12:15:04.884,1.20788,1.20791,1.10,1.95
2018.04.30 12:15:06.464,1.20786,1.2079,3.07,1.57
2018.04.30 12:15:06.776,1.20781,1.20786,5.14,9.77
2018.04.30 12:15:06.881,1.2078,1.20785,4.76,2.70
2018.04.30 12:15:06.998,1.20781,1.20785,2.51,4.95
2018.04.30 12:15:08.184,1.20781,1.20785,1.10,2.51
2018.04.30 12:15:09.733,1.20781,1.20785,1.29,1.39
2018.04.30 12:15:10.238,1.20781,1.20785,4.76,3.45
2018.04.30 12:15:10.394,1.20782,1.20786,7.12,1.57
2018.04.30 12:15:11.020,1.20782,1.20786,2.32,1.20
2018.04.30 12:15:11.344,1.20784,1.20787,2.70,1.10
2018.04.30 12:15:12.648,1.20786,1.20789,1.25,1.10
2018.04.30 12:15:12.752,1.20786,1.2079,1.99,8.70
2018.04.30 12:15:12.804,1.20786,1.20789,1.57,1.00
2018.04.30 12:15:13.332,1.20787,1.2079,1.31,1.10
2018.04.30 12:15:15.127,1.20789,1.20791,6.25,1.20
2018.04.30 12:15:15.232,1.2079,1.20793,2.89,1.12
2018.04.30 12:15:15.337,1.20791,1.20795,4.76,5.32
2018.04.30 12:15:15.891,1.20791,1.20794,2.89,1.00
2018.04.30 12:15:16.403,1.20791,1.20795,1.20,2.32
2018.04.30 12:15:16.455,1.20793,1.20795,1.31,1.10
2018.04.30 12:15:16.711,1.20793,1.20797,2.32,1.10
2018.04.30 12:15:17.212,1.20793,1.20797,2.51,1.07
2018.04.30 12:15:20.051,1.20794,1.20797,1.57,1.10
2018.04.30 12:15:21.729,1.20793,1.20796,4.01,1.50
2018.04.30 12:15:21.865,1.20793,1.20794,1.20,1.50
2018.04.30 12:15:21.918,1.20793,1.20796,1.95,1.50
2018.04.30 12:15:22.023,1.20792,1.20794,1.39,1.00
2018.04.30 12:15:22.438,1.20791,1.20793,2.14,1.12
2018.04.30 12:15:22.701,1.20789,1.20793,1.39,1.20
2018.04.30 12:15:23.413,1.2079,1.20793,1.20,3.64
2018.04.30 12:15:24.214,1.20789,1.20793,2.14,4.01
2018.04.30 12:15:24.525,1.20791,1.20792,1.50,1.00
2018.04.30 12:15:25.719,1.20789,1.20792,3.07,1.10
2018.04.30 12:15:26.242,1.20788,1.20792,6.45,1.00
2018.04.30 12:15:31.026,1.20788,1.2079,1.95,1.00
2018.04.30 12:15:31.130,1.20787,1.2079,1.57,1.00
2018.04.30 12:15:31.390,1.20786,1.20788,1.20,1.00
2018.04.30 12:15:31.903,1.20785,1.20788,1.20,1.00
2018.04.30 12:15:32.415,1.20785,1.20788,1.45,1.10
2018.04.30 12:15:32.959,1.20785,1.20788,1.39,1.87
2018.04.30 12:15:33.473,1.20784,1.20787,3.45,1.12
2018.04.30 12:15:36.364,1.20784,1.20787,1.20,3.26
2018.04.30 12:15:36.930,1.20783,1.20787,1.39,2.51
2018.04.30 12:15:37.277,1.20782,1.20785,1.45,1.95
2018.04.30 12:15:37.929,1.20781,1.20785,1.95,2.32
2018.04.30 12:15:38.292,1.20779,1.20783,6.26,1.25
2018.04.30 12:15:39.484,1.20779,1.20782,7.39,1.00
2018.04.30 12:15:39.538,1.20779,1.2078,1.25,7.95
2018.04.30 12:15:39.681,1.20776,1.20779,1.50,1.57
2018.04.30 12:15:39.735,1.20774,1.20778,1.69,1.20
2018.04.30 12:15:40.250,1.20773,1.20778,2.14,1.20
2018.04.30 12:15:41.201,1.20773,1.20776,2.57,1.10
2018.04.30 12:15:42.961,1.20772,1.20776,3.07,1.00
2018.04.30 12:15:43.511,1.20772,1.20776,1.20,2.70
2018.04.30 12:15:44.693,1.20772,1.20774,1.87,1.00
2018.04.30 12:15:44.900,1.20769,1.20772,6.78,1.25
2018.04.30 12:15:45.449,1.2077,1.20773,3.00,1.01
2018.04.30 12:15:46.000,1.20769,1.20772,9.72,1.00
2018.04.30 12:15:47.259,1.20769,1.20772,5.65,1.25
2018.04.30 12:15:48.022,1.20769,1.20772,2.17,1.01
2018.04.30 12:15:48.540,1.2077,1.20773,1.12,1.76
2018.04.30 12:15:50.508,1.20769,1.20773,8.87,1.10
2018.04.30 12:15:56.023,1.20769,1.20773,2.36,1.76
2018.04.30 12:15:56.945,1.20769,1.20773,6.11,2.51
2018.04.30 12:15:58.017,1.20769,1.20773,1.24,1.76
2018.04.30 12:15:58.531,1.20769,1.20773,1.99,1.10
2018.04.30 12:15:59.044,1.20769,1.20773,1.99,1.76
2018.04.30 12:15:59.585,1.20769,1.20773,1.24,3.07
2018.04.30 12:16:01.219,1.20769,1.20772,2.55,1.00
2018.04.30 12:16:01.762,1.20769,1.20773,1.05,1.57
2018.04.30 12:16:03.101,1.20769,1.20772,3.30,1.00
2018.04.30 12:16:03.618,1.20769,1.20773,5.17,1.10
2018.04.30 12:16:04.715,1.20773,1.20774,3.22,1.00
2018.04.30 12:16:04.768,1.20773,1.20777,3.07,2.89
2018.04.30 12:16:05.375,1.20775,1.20778,1.10,1.00
2018.04.30 12:16:07.215,1.20774,1.20777,4.57,1.10
2018.04.30 12:16:11.384,1.20773,1.20776,2.14,1.00
2018.04.30 12:16:11.581,1.20772,1.20775,3.26,1.00
2018.04.30 12:16:13.050,1.20772,1.20775,5.32,1.00
2018.04.30 12:16:13.578,1.20772,1.20775,7.01,1.00
2018.04.30 12:16:14.284,1.20773,1.20775,3.37,1.00
2018.04.30 12:16:14.941,1.20773,1.20775,1.12,1.00
2018.04.30 12:16:16.898,1.20772,1.20773,1.01,1.00
2018.04.30 12:16:17.416,1.20771,1.20774,3.26,1.10
2018.04.30 12:16:18.774,1.20769,1.20773,5.70,1.00
2018.04.30 12:16:19.316,1.2077,1.20773,2.70,1.10
2018.04.30 12:16:22.999,1.2077,1.20773,2.51,1.10
2018.04.30 12:16:24.479,1.20772,1.20774,1.19,1.20
2018.04.30 12:16:26.771,1.20772,1.20773,1.87,1.00
2018.04.30 12:16:27.278,1.20773,1.20774,1.25,1.10
2018.04.30 12:16:27.817,1.20772,1.20776,2.06,1.20
2018.04.30 12:16:28.494,1.20772,1.20776,2.06,1.20
2018.04.30 12:16:29.012,1.20772,1.20776,5.33,1.20
2018.04.30 12:16:29.303,1.20775,1.20779,4.20,1.57
2018.04.30 12:16:29.356,1.20774,1.20777,4.01,1.10
2018.04.30 12:16:30.240,1.20774,1.20776,1.20,1.00
2018.04.30 12:16:31.420,1.20772,1.20775,2.51,1.59
2018.04.30 12:16:32.082,1.20771,1.20775,5.89,1.38
2018.04.30 12:16:32.136,1.20772,1.20776,4.69,1.84
2018.04.30 12:16:32.641,1.20773,1.20776,3.37,1.22
2018.04.30 12:16:34.062,1.20773,1.20775,3.00,1.00
2018.04.30 12:16:34.594,1.20773,1.20775,1.00,12.35
2018.04.30 12:16:34.907,1.2077,1.20772,1.50,1.00
2018.04.30 12:16:35.734,1.20769,1.20772,1.57,1.50
2018.04.30 12:16:36.282,1.20769,1.20772,1.76,2.34
2018.04.30 12:16:36.803,1.20769,1.20772,1.01,1.59
2018.04.30 12:16:39.058,1.20769,1.20772,1.39,1.59
2018.04.30 12:16:39.578,1.20769,1.20772,1.39,1.59
2018.04.30 12:16:39.844,1.20767,1.20771,4.39,3.21
2018.04.30 12:16:39.949,1.20766,1.20769,1.01,1.00
2018.04.30 12:16:40.414,1.20766,1.20767,1.00,1.00
2018.04.30 12:16:40.913,1.20765,1.20769,1.39,2.64
2018.04.30 12:16:41.462,1.20765,1.20768,3.64,1.12
2018.04.30 12:16:42.295,1.20765,1.20769,1.39,5.64
2018.04.30 12:16:42.815,1.20765,1.20768,1.39,1.00
2018.04.30 12:16:43.348,1.20765,1.20769,1.39,2.64
2018.04.30 12:16:43.450,1.20765,1.20767,2.89,1.00
2018.04.30 12:16:43.973,1.20765,1.20768,2.14,3.09
2018.04.30 12:16:44.527,1.20763,1.20766,5.14,1.00
2018.04.30 12:16:45.058,1.20763,1.20767,4.39,1.00
2018.04.30 12:16:45.568,1.20764,1.20767,1.29,1.00
2018.04.30 12:16:46.020,1.20763,1.20765,1.10,5.25
2018.04.30 12:16:46.137,1.2076,1.20764,1.26,2.36
2018.04.30 12:16:48.449,1.2076,1.20763,2.14,1.50
2018.04.30 12:16:48.555,1.20763,1.20767,1.31,3.07
2018.04.30 12:16:48.608,1.20763,1.20767,4.39,1.66
2018.04.30 12:16:49.216,1.20763,1.20767,5.14,1.29
2018.04.30 12:16:49.804,1.20763,1.20767,1.76,1.10
2018.04.30 12:16:50.250,1.20762,1.20765,2.89,1.00
2018.04.30 12:16:50.774,1.2076,1.20763,1.76,1.00
2018.04.30 12:16:51.362,1.20759,1.20763,2.51,2.70
2018.04.30 12:16:51.923,1.20759,1.20762,4.76,2.25
2018.04.30 12:16:52.130,1.20763,1.20767,2.32,1.00
2018.04.30 12:16:54.966,1.20763,1.20766,1.39,1.20
2018.04.30 12:16:55.501,1.20763,1.20767,1.39,3.45
2018.04.30 12:16:55.924,1.20762,1.20764,1.20,1.00
2018.04.30 12:16:56.134,1.20759,1.20761,2.06,1.00
2018.04.30 12:16:56.638,1.20759,1.20762,1.32,1.57
2018.04.30 12:16:57.154,1.2076,1.20761,1.50,1.00
2018.04.30 12:16:57.361,1.20761,1.20765,4.31,2.32
2018.04.30 12:16:57.414,1.20761,1.20766,7.69,2.55
2018.04.30 12:16:57.467,1.20762,1.20766,2.06,1.00
2018.04.30 12:16:58.093,1.20763,1.20767,1.07,4.20
2018.04.30 12:16:58.638,1.20761,1.20766,5.11,1.10
2018.04.30 12:16:59.056,1.2076,1.20765,1.76,7.24
2018.04.30 12:16:59.570,1.2076,1.20764,1.25,1.76
2018.04.30 12:17:00.015,1.20762,1.20767,1.76,3.07
2018.04.30 12:17:00.122,1.20761,1.20765,2.51,2.14
2018.04.30 12:17:00.588,1.2076,1.20763,1.76,1.12
2018.04.30 12:17:01.111,1.2076,1.20764,1.39,2.51
2018.04.30 12:17:02.355,1.2076,1.20763,1.39,1.00
2018.04.30 12:17:02.889,1.20759,1.20763,1.76,1.20
2018.04.30 12:17:06.367,1.20759,1.20761,2.14,3.00
2018.04.30 12:17:06.917,1.20758,1.20761,2.14,1.00
2018.04.30 12:17:07.029,1.20759,1.2076,1.10,12.56
2018.04.30 12:17:07.133,1.20755,1.20759,1.25,7.61
2018.04.30 12:17:07.755,1.20754,1.20758,7.01,1.07
2018.04.30 12:17:08.737,1.20754,1.20758,3.26,1.01
2018.04.30 12:17:09.254,1.20753,1.20758,2.51,1.76
2018.04.30 12:17:09.306,1.20753,1.20758,2.55,3.64
2018.04.30 12:17:09.459,1.20753,1.20755,1.10,1.00
2018.04.30 12:17:09.877,1.20752,1.20757,3.26,5.89
2018.04.30 12:17:10.601,1.20753,1.20756,1.87,1.10
2018.04.30 12:17:11.117,1.20753,1.20756,2.89,1.50
2018.04.30 12:17:11.801,1.20752,1.20757,5.51,7.57
2018.04.30 12:17:12.058,1.20752,1.20756,2.70,1.76
2018.04.30 12:17:12.876,1.20752,1.20756,3.64,1.01
2018.04.30 12:17:15.532,1.20754,1.20758,6.26,1.57
2018.04.30 12:17:15.635,1.20755,1.2076,3.26,10.20
2018.04.30 12:17:16.120,1.20758,1.20762,1.00,4.20
2018.04.30 12:17:16.173,1.20758,1.20762,2.62,1.69
2018.04.30 12:17:16.850,1.20757,1.20762,5.14,1.20
2018.04.30 12:17:17.376,1.20759,1.20763,1.87,2.89
2018.04.30 12:17:17.888,1.20758,1.20763,8.92,1.32
2018.04.30 12:17:20.412,1.20759,1.20763,1.01,4.01
2018.04.30 12:17:24.714,1.20758,1.20762,3.26,1.01
2018.04.30 12:17:24.766,1.20757,1.2076,1.95,1.00
2018.04.30 12:17:25.290,1.20756,1.20761,3.26,2.17
2018.04.30 12:17:26.076,1.20757,1.20759,1.00,2.25
2018.04.30 12:17:26.384,1.20755,1.20758,1.00,7.01
2018.04.30 12:17:26.949,1.20753,1.20758,6.26,5.92
2018.04.30 12:17:27.089,1.20753,1.20756,5.51,1.00
2018.04.30 12:17:28.088,1.20753,1.20757,4.02,1.00
2018.04.30 12:17:28.689,1.20755,1.20757,1.00,1.00
2018.04.30 12:17:29.238,1.20755,1.20758,1.00,1.10
2018.04.30 12:17:30.210,1.20756,1.20758,1.00,1.57
2018.04.30 12:17:30.849,1.20755,1.20758,1.00,1.10
2018.04.30 12:17:31.389,1.20756,1.20758,1.00,1.10
2018.04.30 12:17:32.166,1.20755,1.20758,2.25,1.10
2018.04.30 12:17:32.683,1.20756,1.20758,1.00,1.10
2018.04.30 12:17:33.362,1.20755,1.20758,1.50,1.10
2018.04.30 12:17:33.674,1.20758,1.20761,2.32,1.00
2018.04.30 12:17:34.710,1.20759,1.20761,1.00,1.00
2018.04.30 12:17:35.246,1.20758,1.20761,2.51,1.00
2018.04.30 12:17:35.615,1.2076,1.20762,1.00,1.00
2018.04.30 12:17:36.010,1.20762,1.20765,1.50,2.70
2018.04.30 12:17:36.112,1.20762,1.20766,1.57,4.01
2018.04.30 12:17:36.265,1.2076,1.20763,4.95,1.00
2018.04.30 12:17:46.668,1.20766,1.20768,3.10,4.50
2018.04.30 12:17:46.776,1.20768,1.20772,2.55,1.39
2018.04.30 12:17:47.035,1.20768,1.20774,5.92,7.57
2018.04.30 12:17:47.887,1.20768,1.20774,4.20,7.57
2018.04.30 12:17:49.018,1.20768,1.20773,1.20,2.32
2018.04.30 12:17:49.070,1.20768,1.20772,5.32,1.01
2018.04.30 12:17:49.575,1.20768,1.20772,2.32,1.39
2018.04.30 12:17:50.233,1.20768,1.20771,4.95,1.00
2018.04.30 12:17:51.163,1.20769,1.20771,3.00,1.00
2018.04.30 12:17:51.676,1.20768,1.20771,7.95,1.00
2018.04.30 12:17:54.513,1.20766,1.20769,2.44,4.95
2018.04.30 12:17:54.618,1.20755,1.20756,3.19,1.50
2018.04.30 12:17:54.723,1.20753,1.20756,1.00,1.95
2018.04.30 12:17:55.055,1.20753,1.20757,3.26,1.57
2018.04.30 12:17:55.572,1.20754,1.20757,1.57,1.95
2018.04.30 12:17:56.117,1.20753,1.20756,1.00,2.32
2018.04.30 12:17:56.659,1.20753,1.20758,2.44,8.32
2018.04.30 12:17:57.165,1.20753,1.20758,1.95,4.76
2018.04.30 12:17:57.752,1.20753,1.20758,1.87,3.26
2018.04.30 12:17:58.487,1.20754,1.20757,1.69,1.20
2018.04.30 12:17:59.147,1.20754,1.20758,1.31,2.70
2018.04.30 12:18:00.372,1.20753,1.20758,4.51,4.01
2018.04.30 12:18:02.976,1.20755,1.20758,1.00,3.82
2018.04.30 12:18:03.432,1.20757,1.20761,1.10,2.70
2018.04.30 12:18:03.545,1.20757,1.20761,1.10,1.01
2018.04.30 12:18:04.121,1.20759,1.20761,2.50,1.20
2018.04.30 12:18:04.382,1.20758,1.20761,1.12,1.10
2018.04.30 12:18:04.931,1.20758,1.20761,1.20,1.20
2018.04.30 12:18:05.465,1.20759,1.20762,1.00,5.17
2018.04.30 12:18:06.187,1.20759,1.20762,3.75,2.89
2018.04.30 12:18:06.344,1.20762,1.20764,1.00,2.92
2018.04.30 12:18:06.449,1.20763,1.20767,1.87,4.20
2018.04.30 12:18:06.966,1.20763,1.20767,2.32,1.32
2018.04.30 12:18:07.505,1.20765,1.20768,1.00,1.01
2018.04.30 12:18:07.609,1.20768,1.20771,2.51,2.44
2018.04.30 12:18:08.131,1.20768,1.20772,1.10,1.01
2018.04.30 12:18:09.109,1.20768,1.20771,1.10,1.00
2018.04.30 12:18:09.629,1.20767,1.20771,1.01,3.26
2018.04.30 12:18:09.940,1.20769,1.20772,1.00,1.76
2018.04.30 12:18:10.310,1.20771,1.20773,1.25,2.89
2018.04.30 12:18:10.851,1.2077,1.20773,1.00,1.10
2018.04.30 12:18:11.534,1.20771,1.20773,1.25,1.07
2018.04.30 12:18:12.043,1.2077,1.20773,1.57,1.07
2018.04.30 12:18:12.251,1.2077,1.20775,2.14,2.51
2018.04.30 12:18:13.130,1.20771,1.20775,1.00,7.39
2018.04.30 12:18:13.639,1.2077,1.20775,2.89,10.99
2018.04.30 12:18:14.622,1.20771,1.20774,1.00,1.57
2018.04.30 12:18:15.341,1.2077,1.20773,2.70,1.00
2018.04.30 12:18:15.447,1.20768,1.2077,1.20,1.00
2018.04.30 12:18:15.499,1.20766,1.20771,6.07,7.57
2018.04.30 12:18:15.550,1.20769,1.20772,1.00,1.95
2018.04.30 12:18:16.064,1.20768,1.20774,3.07,7.99
2018.04.30 12:18:16.584,1.20769,1.20773,1.12,1.07
2018.04.30 12:18:17.127,1.20769,1.20773,1.01,3.30
2018.04.30 12:18:17.642,1.20768,1.20772,2.06,2.14
2018.04.30 12:18:18.300,1.20769,1.20772,1.25,4.20
2018.04.30 12:18:18.674,1.20769,1.20774,2.32,1.20
2018.04.30 12:18:19.175,1.20769,1.20773,1.57,1.20
2018.04.30 12:18:19.706,1.20769,1.20773,1.20,1.10
2018.04.30 12:18:20.231,1.20769,1.20773,1.20,1.45
2018.04.30 12:18:20.788,1.20769,1.20773,1.50,3.82
2018.04.30 12:18:21.980,1.20769,1.20773,1.95,1.07
2018.04.30 12:18:22.746,1.20767,1.2077,1.39,1.50
2018.04.30 12:18:22.953,1.20768,1.20772,3.64,1.76
2018.04.30 12:18:23.006,1.20769,1.20772,1.00,2.89
2018.04.30 12:18:23.539,1.20769,1.20772,1.10,2.89
2018.04.30 12:18:24.137,1.2077,1.20774,4.87,2.70
2018.04.30 12:18:24.190,1.20771,1.20775,3.07,2.51
2018.04.30 12:18:24.295,1.20773,1.20777,3.07,3.26
2018.04.30 12:18:24.805,1.20772,1.20778,5.51,4.76
2018.04.30 12:18:25.182,1.20772,1.20775,1.32,2.25
2018.04.30 12:18:25.369,1.20769,1.20773,2.70,1.01
2018.04.30 12:18:26.768,1.20769,1.20772,2.62,1.10
2018.04.30 12:18:26.984,1.20766,1.20768,1.45,1.00
2018.04.30 12:18:27.038,1.20765,1.20768,4.39,1.20
2018.04.30 12:18:27.091,1.20767,1.2077,1.50,1.57
2018.04.30 12:18:27.144,1.20767,1.20771,1.57,1.20
2018.04.30 12:18:28.040,1.20767,1.20771,1.10,1.95
2018.04.30 12:18:28.454,1.20765,1.20768,1.00,1.10
2018.04.30 12:18:28.967,1.20764,1.20768,4.77,1.10
2018.04.30 12:18:30.162,1.20764,1.20768,6.82,1.95
2018.04.30 12:18:30.265,1.20766,1.20769,1.69,1.76
2018.04.30 12:18:32.111,1.20766,1.20769,3.07,1.20
2018.04.30 12:18:32.634,1.20767,1.20769,1.00,2.70
2018.04.30 12:18:33.110,1.20768,1.20771,1.00,2.70
2018.04.30 12:18:35.028,1.20767,1.20771,3.67,1.76
2018.04.30 12:18:35.182,1.20769,1.20772,1.50,1.01
2018.04.30 12:18:35.700,1.20768,1.20772,3.11,1.01
2018.04.30 12:18:36.592,1.20769,1.20773,1.00,2.89
2018.04.30 12:18:37.286,1.20768,1.20773,5.74,1.76
2018.04.30 12:18:37.598,1.2077,1.20773,1.00,1.76
2018.04.30 12:18:38.095,1.20767,1.20769,1.07,1.00
2018.04.30 12:18:38.289,1.20768,1.20771,1.50,1.10
2018.04.30 12:18:38.599,1.20769,1.20773,2.62,1.95
2018.04.30 12:18:38.960,1.20767,1.20771,2.92,1.69
2018.04.30 12:18:39.089,1.20767,1.20769,1.12,1.10
2018.04.30 12:18:39.147,1.20764,1.20768,5.70,4.42
2018.04.30 12:18:39.692,1.20764,1.20767,1.12,1.42
2018.04.30 12:18:40.836,1.20765,1.20767,1.00,2.17
2018.04.30 12:18:42.841,1.20761,1.20764,4.57,1.50
2018.04.30 12:18:43.377,1.20761,1.20764,1.00,3.30
2018.04.30 12:18:44.396,1.20762,1.20765,2.06,3.64
2018.04.30 12:18:44.501,1.20763,1.20766,1.50,1.10
2018.04.30 12:18:45.024,1.20762,1.20766,4.39,1.20
2018.04.30 12:18:45.608,1.20762,1.20767,11.06,5.70
2018.04.30 12:18:45.763,1.20763,1.20767,1.10,1.57
2018.04.30 12:18:46.270,1.20764,1.20767,1.50,1.57
2018.04.30 12:18:46.932,1.20763,1.20767,1.57,1.10
2018.04.30 12:18:47.349,1.20762,1.20764,1.10,1.00
2018.04.30 12:18:47.919,1.20762,1.20766,2.70,1.39
2018.04.30 12:18:50.178,1.20762,1.20766,1.57,2.14
2018.04.30 12:18:50.283,1.20761,1.20764,1.12,1.10
2018.04.30 12:18:50.625,1.20759,1.20763,2.06,1.95
2018.04.30 12:18:51.142,1.2076,1.20763,3.37,1.10
2018.04.30 12:18:51.993,1.2076,1.20762,1.00,1.00
2018.04.30 12:18:52.162,1.20755,1.20759,4.76,1.42
2018.04.30 12:18:52.673,1.20755,1.20758,4.87,1.10
2018.04.30 12:18:54.055,1.20756,1.20758,1.12,2.14
2018.04.30 12:18:55.578,1.20753,1.20757,1.20,8.29
2018.04.30 12:18:55.939,1.20755,1.20759,1.00,5.55
2018.04.30 12:18:56.093,1.20757,1.20761,2.25,10.24
2018.04.30 12:18:56.401,1.20756,1.20758,1.12,1.10
2018.04.30 12:18:56.947,1.20755,1.20758,1.25,1.10
2018.04.30 12:18:57.551,1.20754,1.20758,4.20,1.10
2018.04.30 12:18:58.090,1.20753,1.20758,1.20,4.80
2018.04.30 12:18:58.400,1.20757,1.2076,4.69,1.57
2018.04.30 12:18:58.508,1.20759,1.20763,2.25,3.26
2018.04.30 12:18:59.055,1.20757,1.20762,3.45,1.45
2018.04.30 12:19:00.233,1.20756,1.2076,5.32,2.29
2018.04.30 12:19:00.286,1.20755,1.20759,5.70,1.57
2018.04.30 12:19:00.696,1.20754,1.20758,1.00,1.37
2018.04.30 12:19:01.226,1.20754,1.20759,1.10,12.49
2018.04.30 12:19:01.820,1.20755,1.20758,1.00,4.42
2018.04.30 12:19:02.205,1.20757,1.20759,1.00,1.20
2018.04.30 12:19:02.751,1.20756,1.20761,7.01,2.32
2018.04.30 12:19:02.855,1.20759,1.20761,2.25,1.10
2018.04.30 12:19:03.383,1.20759,1.20762,3.00,1.57
2018.04.30 12:19:04.007,1.20758,1.20762,4.20,1.57
2018.04.30 12:19:04.964,1.20759,1.20763,1.00,5.36
2018.04.30 12:19:05.606,1.20758,1.20763,3.07,2.74
2018.04.30 12:19:06.156,1.20759,1.20763,1.00,3.49
2018.04.30 12:19:06.712,1.20758,1.20763,6.45,5.74
2018.04.30 12:19:07.243,1.20759,1.20763,1.12,5.36
2018.04.30 12:19:08.153,1.20758,1.20763,4.95,6.49
2018.04.30 12:19:08.672,1.20759,1.20763,1.25,4.05
2018.04.30 12:19:09.464,1.20758,1.20763,5.14,1.80
2018.04.30 12:19:10.044,1.20758,1.20763,7.39,5.17
2018.04.30 12:19:10.583,1.20758,1.20763,4.20,2.17
2018.04.30 12:19:11.227,1.20759,1.20763,1.00,2.17
2018.04.30 12:19:11.817,1.20758,1.20763,7.01,3.30
2018.04.30 12:19:12.603,1.20759,1.20764,2.32,6.30
2018.04.30 12:19:12.927,1.20765,1.20769,1.50,2.89
2018.04.30 12:19:13.309,1.20763,1.20767,5.32,1.37
2018.04.30 12:19:15.080,1.20763,1.20767,4.01,1.54
2018.04.30 12:19:15.593,1.20763,1.20767,5.32,1.24
2018.04.30 12:19:19.134,1.20762,1.20768,7.57,9.49
2018.04.30 12:19:19.977,1.20763,1.20767,2.70,1.61
2018.04.30 12:19:20.682,1.20763,1.20768,3.64,4.20
2018.04.30 12:19:21.044,1.20762,1.20765,2.51,1.10
2018.04.30 12:19:21.549,1.20762,1.20767,2.14,1.57
2018.04.30 12:19:21.860,1.20759,1.20763,1.00,4.01
2018.04.30 12:19:22.436,1.2076,1.20762,1.25,1.80
2018.04.30 12:19:23.041,1.20759,1.20762,1.00,1.05
2018.04.30 12:19:23.574,1.2076,1.20762,1.00,1.42
2018.04.30 12:19:24.138,1.20759,1.20762,1.00,1.42
2018.04.30 12:19:24.732,1.20758,1.20763,3.26,2.32
2018.04.30 12:19:25.275,1.20758,1.20763,3.45,4.20
2018.04.30 12:19:25.799,1.20758,1.20763,7.39,8.89
2018.04.30 12:19:26.348,1.20758,1.20763,6.64,8.89
2018.04.30 12:19:30.330,1.20757,1.20762,6.07,7.39
2018.04.30 12:19:30.645,1.20754,1.20757,1.00,1.57
2018.04.30 12:19:30.988,1.20751,1.20755,1.50,2.74
2018.04.30 12:19:31.300,1.20752,1.20757,3.83,5.55
2018.04.30 12:19:31.925,1.20752,1.20757,6.26,7.76
2018.04.30 12:19:32.491,1.20752,1.20757,7.95,9.64
2018.04.30 12:19:32.823,1.20752,1.20757,1.39,1.57
2018.04.30 12:19:33.416,1.20752,1.20757,2.14,2.51
2018.04.30 12:19:35.903,1.20751,1.20755,2.14,6.00
2018.04.30 12:19:36.495,1.2075,1.20754,4.39,1.20
2018.04.30 12:19:37.027,1.20751,1.20754,1.39,3.64
2018.04.30 12:19:38.210,1.20749,1.20753,2.14,5.32
2018.04.30 12:19:38.748,1.20749,1.20751,1.10,1.10
2018.04.30 12:19:39.934,1.20749,1.20753,1.95,6.45
2018.04.30 12:19:42.037,1.2075,1.20753,1.00,1.57
2018.04.30 12:19:42.706,1.20749,1.20753,4.20,1.20
2018.04.30 12:19:42.937,1.20751,1.20753,1.00,1.20
2018.04.30 12:19:43.110,1.20752,1.20757,3.83,3.64
2018.04.30 12:19:43.680,1.20752,1.20757,3.08,1.01
2018.04.30 12:19:45.209,1.20753,1.20757,1.29,2.70
2018.04.30 12:19:46.934,1.20753,1.20757,1.76,1.42
2018.04.30 12:19:49.280,1.20753,1.20758,1.25,10.42
2018.04.30 12:19:50.193,1.20752,1.20757,5.33,3.64
2018.04.30 12:19:50.778,1.20752,1.20757,8.89,4.95
2018.04.30 12:19:51.161,1.2075,1.20754,1.45,1.50
2018.04.30 12:19:51.265,1.2075,1.20753,1.57,1.00
2018.04.30 12:19:51.788,1.20749,1.20754,3.82,6.67
2018.04.30 12:19:52.634,1.2075,1.20753,1.29,2.89
2018.04.30 12:19:53.243,1.2075,1.20754,1.76,8.36
2018.04.30 12:19:53.670,1.20751,1.20754,1.00,2.32
2018.04.30 12:19:53.775,1.20752,1.20756,8.44,1.80
2018.04.30 12:19:53.828,1.20753,1.20757,1.01,1.01
2018.04.30 12:19:54.293,1.20752,1.20757,4.39,4.42
2018.04.30 12:19:55.956,1.20753,1.20757,1.10,3.11
2018.04.30 12:19:56.978,1.20754,1.20757,1.00,1.29
2018.04.30 12:19:57.184,1.20755,1.20759,1.31,4.24
2018.04.30 12:19:57.236,1.20757,1.2076,2.25,1.76
2018.04.30 12:19:57.288,1.20757,1.20761,2.51,2.55
2018.04.30 12:19:58.663,1.20756,1.20761,3.45,2.36
2018.04.30 12:19:59.180,1.20757,1.20761,1.10,5.17
2018.04.30 12:19:59.449,1.20757,1.20759,1.10,1.50
2018.04.30 12:19:59.762,1.20754,1.20759,4.76,1.80
2018.04.30 12:20:00.180,1.20753,1.20757,1.12,5.92
2018.04.30 12:20:00.320,1.20751,1.20755,2.51,6.26
2018.04.30 12:20:00.372,1.2075,1.20754,1.57,5.17
2018.04.30 12:20:00.734,1.2075,1.20755,3.07,10.76
2018.04.30 12:20:00.839,1.2075,1.20754,5.32,3.07
2018.04.30 12:20:00.958,1.20748,1.20751,1.07,7.53
2018.04.30 12:20:01.173,1.2075,1.20752,3.00,1.15
2018.04.30 12:20:01.278,1.20751,1.20754,1.12,2.51
2018.04.30 12:20:02.686,1.20751,1.20755,1.10,2.51
2018.04.30 12:20:02.789,1.2075,1.20755,5.89,1.01
2018.04.30 12:20:03.300,1.20752,1.20756,1.39,1.57
2018.04.30 12:20:03.351,1.20754,1.20757,1.00,1.80
2018.04.30 12:20:03.560,1.20757,1.20761,3.45,1.39
2018.04.30 12:20:04.067,1.20758,1.20762,1.25,6.45
2018.04.30 12:20:04.568,1.20761,1.20764,2.51,1.10
2018.04.30 12:20:04.878,1.20763,1.20766,1.20,1.10
2018.04.30 12:20:05.239,1.20764,1.20768,1.10,2.89
2018.04.30 12:20:05.753,1.20764,1.20769,4.57,3.49
2018.04.30 12:20:05.859,1.20765,1.2077,1.95,1.92
2018.04.30 12:20:05.967,1.20767,1.20771,1.57,2.55
2018.04.30 12:20:06.306,1.20765,1.20768,1.01,1.32
2018.04.30 12:20:07.263,1.20765,1.20768,1.20,1.10
2018.04.30 12:20:08.088,1.20765,1.20768,1.00,1.80
2018.04.30 12:20:08.633,1.20764,1.20768,2.33,1.80
2018.04.30 12:20:13.300,1.20765,1.20768,1.00,1.61
2018.04.30 12:20:13.860,1.20764,1.20768,1.57,1.15
2018.04.30 12:20:15.173,1.20764,1.20768,4.20,2.74
2018.04.30 12:20:16.443,1.20766,1.20768,2.25,1.20
2018.04.30 12:20:16.659,1.20767,1.20771,1.57,5.74
2018.04.30 12:20:16.816,1.20765,1.20769,1.20,4.01
2018.04.30 12:20:17.764,1.20764,1.20768,4.57,1.00
2018.04.30 12:20:18.124,1.20766,1.20771,2.51,3.82
2018.04.30 12:20:18.281,1.20768,1.20773,1.10,8.36
2018.04.30 12:20:18.762,1.20767,1.2077,4.20,1.00
2018.04.30 12:20:19.073,1.20764,1.20769,6.07,3.49
2018.04.30 12:20:19.125,1.20765,1.20769,3.07,1.01
2018.04.30 12:20:19.654,1.20764,1.20769,1.10,1.76
2018.04.30 12:20:20.183,1.20765,1.20768,1.00,1.61
2018.04.30 12:20:20.933,1.20764,1.20768,1.10,1.80
2018.04.30 12:20:21.484,1.20765,1.20768,1.00,2.74
2018.04.30 12:20:22.030,1.20764,1.20768,1.10,1.24
2018.04.30 12:20:22.788,1.20764,1.20768,1.10,1.24
2018.04.30 12:20:24.404,1.20761,1.20764,4.95,1.30
2018.04.30 12:20:24.456,1.20761,1.20764,1.10,2.17
2018.04.30 12:20:24.717,1.20763,1.20765,1.00,1.10
2018.04.30 12:20:25.265,1.20761,1.20765,1.57,1.99
2018.04.30 12:20:26.021,1.20761,1.20765,1.01,1.01
2018.04.30 12:20:27.804,1.20762,1.20765,1.00,1.10
2018.04.30 12:20:30.080,1.20762,1.20767,1.57,8.92
2018.04.30 12:20:30.432,1.20762,1.20765,1.10,1.39
2018.04.30 12:20:30.977,1.20762,1.20766,1.20,1.57
2018.04.30 12:20:31.779,1.20763,1.20767,2.32,2.32
2018.04.30 12:20:31.833,1.20764,1.20768,10.95,1.32
2018.04.30 12:20:31.939,1.20766,1.2077,4.57,1.57
2018.04.30 12:20:32.044,1.20767,1.20772,3.82,6.25
2018.04.30 12:20:32.202,1.20767,1.20772,3.07,2.51
2018.04.30 12:20:32.436,1.20773,1.20775,1.10,1.10
2018.04.30 12:20:32.594,1.20774,1.20778,1.76,3.45
2018.04.30 12:20:33.575,1.20774,1.20778,1.76,1.76
2018.04.30 12:20:33.815,1.20777,1.20779,1.00,1.95
2018.04.30 12:20:33.922,1.20778,1.20782,1.10,7.05
2018.04.30 12:20:34.078,1.20775,1.2078,2.51,7.95
2018.04.30 12:20:34.183,1.20775,1.2078,4.01,6.49
2018.04.30 12:20:34.294,1.20775,1.2078,3.26,5.51
2018.04.30 12:20:34.813,1.20777,1.20781,1.07,2.70
2018.04.30 12:20:35.123,1.20772,1.20775,1.50,3.07
2018.04.30 12:20:35.328,1.2077,1.20774,1.76,1.95
2018.04.30 12:20:35.916,1.2077,1.20774,1.25,4.42
2018.04.30 12:20:37.581,1.20769,1.20772,3.45,1.00
2018.04.30 12:20:37.901,1.20771,1.20773,1.50,1.20
2018.04.30 12:20:38.448,1.20771,1.20775,2.89,2.70
2018.04.30 12:20:39.688,1.20771,1.20773,1.00,1.50
2018.04.30 12:20:39.997,1.20768,1.20772,4.01,1.57
2018.04.30 12:20:45.584,1.20768,1.20773,1.95,1.57
2018.04.30 12:20:47.008,1.20769,1.20773,1.25,1.57
2018.04.30 12:20:47.634,1.20769,1.20772,1.10,1.07
2018.04.30 12:20:47.906,1.2077,1.20774,1.00,3.07
2018.04.30 12:20:48.383,1.20771,1.20776,5.32,2.70
2018.04.30 12:20:48.591,1.2077,1.20774,1.07,1.57
2018.04.30 12:20:49.113,1.20769,1.20773,1.76,1.07
2018.04.30 12:20:49.469,1.20763,1.20765,6.64,3.25
2018.04.30 12:20:49.936,1.20762,1.20766,1.31,1.57
2018.04.30 12:20:50.275,1.20764,1.20768,1.00,5.55
2018.04.30 12:20:50.585,1.20768,1.20771,2.89,1.10
2018.04.30 12:20:53.924,1.20767,1.20768,2.51,1.16
2018.04.30 12:20:54.102,1.20762,1.20764,1.20,1.00
2018.04.30 12:20:54.154,1.2076,1.20764,2.32,1.57
2018.04.30 12:20:54.743,1.20762,1.20765,1.01,1.76
2018.04.30 12:20:55.278,1.20761,1.20764,3.45,1.00
2018.04.30 12:20:55.330,1.2076,1.20763,1.10,1.07
2018.04.30 12:20:55.843,1.20761,1.20763,1.69,1.07
2018.04.30 12:20:56.920,1.20761,1.20764,1.12,1.01
2018.04.30 12:20:58.413,1.2076,1.20765,4.31,8.32
2018.04.30 12:20:59.010,1.20759,1.20763,2.51,1.99
2018.04.30 12:20:59.115,1.20758,1.20762,1.50,8.18
2018.04.30 12:20:59.233,1.20751,1.20753,1.87,1.95
2018.04.30 12:20:59.337,1.20748,1.20753,2.32,2.51
2018.04.30 12:20:59.441,1.20748,1.20753,2.51,3.45
2018.04.30 12:20:59.494,1.20748,1.20752,3.82,1.10
2018.04.30 12:21:00.307,1.20745,1.20747,3.94,3.00
2018.04.30 12:21:00.412,1.20741,1.20745,3.45,2.44
2018.04.30 12:21:00.470,1.20741,1.20746,7.76,1.45
2018.04.30 12:21:00.523,1.20743,1.20747,1.12,6.37
2018.04.30 12:21:01.025,1.20743,1.20747,1.20,1.76
2018.04.30 12:21:01.526,1.20743,1.20748,1.20,2.32
2018.04.30 12:21:02.031,1.20744,1.20747,1.19,1.01
2018.04.30 12:21:02.547,1.20744,1.20748,1.20,5.92
2018.04.30 12:21:03.138,1.20743,1.20747,1.57,1.01
2018.04.30 12:21:03.657,1.20742,1.20748,5.51,11.74
2018.04.30 12:21:04.183,1.20743,1.20747,1.31,3.64
2018.04.30 12:21:05.076,1.20741,1.20743,1.32,1.00
2018.04.30 12:21:05.128,1.2074,1.20743,1.10,1.76
2018.04.30 12:21:05.385,1.20737,1.2074,2.32,1.25
2018.04.30 12:21:06.626,1.20737,1.20741,1.31,2.89
2018.04.30 12:21:07.274,1.20737,1.2074,1.20,2.14
2018.04.30 12:21:07.638,1.20734,1.20738,1.12,3.82
2018.04.30 12:21:08.152,1.20732,1.20737,6.08,5.14
2018.04.30 12:21:08.550,1.20732,1.20734,1.00,3.00
2018.04.30 12:21:08.907,1.2073,1.20732,1.95,1.00
2018.04.30 12:21:09.423,1.20729,1.20733,6.41,1.01
2018.04.30 12:21:10.043,1.2073,1.20733,2.10,1.95
2018.04.30 12:21:10.300,1.20728,1.20733,2.59,6.45
2018.04.30 12:21:10.821,1.20729,1.20732,1.00,1.10
2018.04.30 12:21:12.053,1.20729,1.20732,1.19,1.10
2018.04.30 12:21:12.613,1.20729,1.20733,1.39,1.20
2018.04.30 12:21:13.372,1.20729,1.20734,1.65,6.11
2018.04.30 12:21:13.654,1.20725,1.20726,1.95,1.35
2018.04.30 12:21:13.879,1.20722,1.20727,2.14,2.70
2018.04.30 12:21:14.466,1.20723,1.20727,1.12,1.32
2018.04.30 12:21:15.021,1.20723,1.20727,6.26,1.45
2018.04.30 12:21:15.237,1.20728,1.2073,1.00,3.64
2018.04.30 12:21:15.342,1.20727,1.20732,3.79,2.14
