2021.06.17 06:00:00.011,1.19999,1.20001,6.61,0.75
2021.06.17 06:00:00.112,1.19997,1.2,0.75,1.50
2021.06.17 06:00:00.265,1.19996,1.19999,0.75,1.50
2021.06.17 06:00:00.315,1.19998,1.20001,1.50,1.50
2021.06.17 06:00:00.366,1.20001,1.20003,0.37,4.64
2021.06.17 06:00:00.469,1.20001,1.20004,2.32,0.75
2021.06.17 06:00:00.571,1.20002,1.20004,0.75,0.75
2021.06.17 06:00:00.724,1.20001,1.20004,1.50,0.75
2021.06.17 06:00:00.927,1.19999,1.20002,0.75,0.75
2021.06.17 06:00:01.079,1.19998,1.20001,0.75,0.75
2021.06.17 06:00:01.180,1.20004,1.20006,0.75,0.75
2021.06.17 06:00:01.231,1.20006,1.20009,2.62,6.14
2021.06.17 06:00:01.332,1.20007,1.20009,0.75,0.75
2021.06.17 06:00:01.433,1.20008,1.2001,0.75,1.50
2021.06.17 06:00:01.535,1.20007,1.2001,0.75,0.75
2021.06.17 06:00:01.586,1.20005,1.20009,2.62,0.75
2021.06.17 06:00:01.687,1.20006,1.20009,0.75,0.82
2021.06.17 06:00:01.789,1.20005,1.20009,0.75,0.82
2021.06.17 06:00:01.890,1.20006,1.20009,0.75,0.75
2021.06.17 06:00:02.092,1.20007,1.20009,0.19,0.75
2021.06.17 06:00:02.791,1.20011,1.20013,7.12,3.89
2021.06.17 06:00:02.842,1.20014,1.20015,0.75,0.75
2021.06.17 06:00:03.097,1.20012,1.20015,0.94,0.75
2021.06.17 06:00:03.199,1.2001,1.20012,0.37,0.75
2021.06.17 06:00:03.250,1.20008,1.2001,6.61,0.10
2021.06.17 06:00:03.300,1.20006,1.20009,1.50,0.75
2021.06.17 06:00:05.135,1.20007,1.2001,1.12,0.75
2021.06.17 06:00:05.186,1.2001,1.20013,1.50,3.89
2021.06.17 06:00:05.338,1.2001,1.20011,0.75,0.75
2021.06.17 06:00:06.147,1.20008,1.20011,3.26,0.75
2021.06.17 06:00:06.857,1.20011,1.20014,0.75,1.50
2021.06.17 06:00:06.958,1.2001,1.20014,1.50,0.75
2021.06.17 06:00:07.111,1.20011,1.20014,0.75,0.75
2021.06.17 06:00:07.667,1.20008,1.20012,0.75,1.50
2021.06.17 06:00:07.768,1.20008,1.20011,0.75,0.75
2021.06.17 06:00:08.025,1.20007,1.2001,0.10,0.75
2021.06.17 06:00:08.076,1.20004,1.20005,0.10,0.75
2021.06.17 06:00:08.178,1.20003,1.20006,1.12,0.75
2021.06.17 06:00:08.279,1.20004,1.20006,0.75,0.75
2021.06.17 06:00:08.381,1.20003,1.20007,1.20,1.50
2021.06.17 06:00:09.820,1.20001,1.20003,0.75,1.57
2021.06.17 06:00:09.972,1.2,1.20002,0.75,0.75
2021.06.17 06:00:10.073,1.19999,1.20003,0.82,1.50
2021.06.17 06:00:10.175,1.2,1.20003,0.75,0.75
2021.06.17 06:00:10.731,1.20001,1.20004,0.75,0.82
2021.06.17 06:00:10.833,1.20002,1.20006,1.50,1.57
2021.06.17 06:00:10.934,1.20002,1.20004,1.12,0.82
2021.06.17 06:00:11.036,1.20002,1.20005,0.75,0.82
2021.06.17 06:00:11.604,1.20001,1.20005,0.75,0.75
2021.06.17 06:00:11.809,1.20003,1.20006,0.75,1.57
2021.06.17 06:00:11.911,1.20004,1.20007,0.75,0.75
2021.06.17 06:00:12.063,1.20004,1.20008,0.75,1.50
2021.06.17 06:00:12.164,1.20003,1.20007,0.75,0.82
2021.06.17 06:00:12.266,1.20003,1.20006,0.75,0.75
2021.06.17 06:00:12.417,1.20003,1.20007,0.75,0.82
2021.06.17 06:00:14.479,1.20003,1.20006,0.75,0.75
2021.06.17 06:00:15.376,1.20004,1.20006,0.82,0.75
2021.06.17 06:00:15.426,1.20005,1.20009,0.82,0.75
2021.06.17 06:00:15.528,1.20004,1.20006,1.87,0.75
2021.06.17 06:00:16.439,1.20004,1.20007,0.75,0.37
2021.06.17 06:00:16.541,1.20002,1.20004,0.75,0.10
2021.06.17 06:00:16.592,1.2,1.20002,0.75,0.75
2021.06.17 06:00:16.946,1.2,1.20003,0.75,1.57
2021.06.17 06:00:17.048,1.19999,1.20001,0.75,0.75
2021.06.17 06:00:18.997,1.19997,1.19999,5.86,3.82
2021.06.17 06:00:19.098,1.19995,1.19999,0.75,2.89
2021.06.17 06:00:19.200,1.19994,1.19998,0.75,2.25
2021.06.17 06:00:19.352,1.19994,1.19997,0.75,0.75
2021.06.17 06:00:19.453,1.19994,1.19996,0.75,0.75
2021.06.17 06:00:19.605,1.19994,1.19997,0.75,0.75
2021.06.17 06:00:20.121,1.19995,1.19997,1.76,0.75
2021.06.17 06:00:20.172,1.19997,1.2,0.75,1.20
2021.06.17 06:00:21.635,1.19995,1.19996,2.25,0.75
2021.06.17 06:00:21.889,1.19994,1.19995,1.57,0.75
2021.06.17 06:00:21.990,1.19993,1.19997,1.57,1.50
2021.06.17 06:00:23.836,1.19993,1.19996,0.82,0.75
2021.06.17 06:00:23.886,1.1999,1.19993,5.11,1.50
2021.06.17 06:00:23.988,1.19989,1.19993,0.75,2.51
2021.06.17 06:00:24.089,1.19989,1.19992,0.75,0.75
2021.06.17 06:00:26.045,1.19989,1.19991,0.75,0.75
2021.06.17 06:00:26.292,1.19989,1.19992,0.75,0.75
2021.06.17 06:00:27.017,1.19988,1.19991,0.75,0.75
2021.06.17 06:00:27.219,1.19988,1.19992,0.75,0.75
2021.06.17 06:00:28.100,1.19988,1.19991,0.75,0.75
2021.06.17 06:00:28.151,1.19986,1.19987,0.75,1.31
2021.06.17 06:00:28.253,1.19982,1.19986,0.75,0.75
2021.06.17 06:00:28.303,1.19981,1.19984,0.75,0.82
2021.06.17 06:00:28.405,1.19979,1.19982,0.75,0.82
2021.06.17 06:00:28.607,1.19979,1.19981,0.75,0.10
2021.06.17 06:00:28.810,1.19979,1.19982,0.75,1.65
2021.06.17 06:00:29.113,1.1998,1.19982,0.37,0.37
2021.06.17 06:00:29.164,1.19981,1.19985,0.75,5.09
2021.06.17 06:00:29.266,1.19983,1.19985,0.75,4.34
2021.06.17 06:00:29.367,1.19983,1.19986,0.75,1.50
2021.06.17 06:00:29.851,1.19983,1.19987,0.75,1.50
2021.06.17 06:00:30.298,1.19987,1.1999,0.75,0.45
2021.06.17 06:00:30.399,1.19988,1.1999,0.75,0.45
2021.06.17 06:00:30.500,1.19988,1.19991,0.75,0.82
2021.06.17 06:00:31.077,1.19987,1.19991,0.75,0.82
2021.06.17 06:00:31.179,1.19988,1.19991,0.75,0.75
2021.06.17 06:00:33.096,1.19991,1.19993,1.31,0.10
2021.06.17 06:00:33.197,1.19991,1.19994,2.14,0.10
2021.06.17 06:00:33.299,1.1999,1.19993,0.75,0.75
2021.06.17 06:00:33.451,1.1999,1.19991,0.75,0.75
2021.06.17 06:00:34.665,1.19988,1.19992,1.50,0.82
2021.06.17 06:00:38.091,1.19987,1.19991,1.95,0.75
2021.06.17 06:00:38.193,1.19985,1.19989,1.50,0.75
2021.06.17 06:00:38.294,1.19984,1.19986,5.86,0.75
2021.06.17 06:00:38.396,1.19982,1.19986,1.57,0.75
2021.06.17 06:00:39.702,1.19985,1.19988,0.82,0.75
2021.06.17 06:00:39.803,1.19985,1.19987,1.57,0.75
2021.06.17 06:00:40.217,1.19986,1.19989,0.75,0.75
2021.06.17 06:00:40.573,1.19986,1.1999,0.75,0.82
2021.06.17 06:00:40.676,1.19986,1.19988,0.75,1.20
2021.06.17 06:00:40.778,1.19984,1.19988,0.82,0.75
2021.06.17 06:00:41.360,1.19984,1.19987,0.75,0.75
2021.06.17 06:00:41.512,1.19983,1.19987,0.82,0.75
2021.06.17 06:00:42.507,1.19985,1.19989,0.82,0.75
2021.06.17 06:00:42.611,1.19987,1.1999,0.75,0.75
2021.06.17 06:00:42.713,1.19986,1.19989,0.75,0.75
2021.06.17 06:00:42.815,1.19986,1.1999,0.75,0.82
2021.06.17 06:00:42.968,1.19987,1.1999,0.82,0.75
2021.06.17 06:00:43.070,1.19988,1.19991,0.75,0.75
2021.06.17 06:00:44.900,1.19988,1.19992,0.75,0.82
2021.06.17 06:00:45.001,1.19987,1.1999,0.75,0.75
2021.06.17 06:00:45.052,1.19985,1.19989,0.75,0.82
2021.06.17 06:00:45.153,1.19986,1.1999,0.75,0.82
2021.06.17 06:00:45.255,1.19988,1.19991,0.37,0.75
2021.06.17 06:00:45.731,1.19987,1.19991,2.32,0.75
2021.06.17 06:00:46.136,1.19988,1.19992,1.12,0.75
2021.06.17 06:00:47.787,1.19991,1.19992,0.75,0.75
2021.06.17 06:00:47.888,1.19989,1.19993,0.75,0.75
2021.06.17 06:00:55.245,1.19988,1.19992,1.12,1.50
2021.06.17 06:00:55.759,1.19988,1.19991,0.75,0.75
2021.06.17 06:00:55.860,1.19987,1.19991,1.50,0.75
2021.06.17 06:00:57.852,1.19984,1.19989,5.51,0.75
2021.06.17 06:00:59.719,1.19985,1.19988,0.37,0.75
2021.06.17 06:00:59.821,1.19984,1.19988,1.31,0.75
2021.06.17 06:01:00.531,1.19985,1.19988,0.37,0.75
2021.06.17 06:01:00.683,1.19984,1.19988,1.31,0.75
2021.06.17 06:01:02.682,1.19984,1.19987,0.75,0.10
2021.06.17 06:01:03.202,1.19984,1.19988,0.75,1.27
2021.06.17 06:01:04.169,1.19986,1.19988,0.94,1.57
2021.06.17 06:01:04.270,1.19985,1.19988,0.75,0.75
2021.06.17 06:01:07.153,1.19987,1.1999,0.75,1.50
2021.06.17 06:01:08.954,1.19986,1.19989,0.82,0.75
2021.06.17 06:01:09.544,1.19985,1.19988,0.75,0.75
2021.06.17 06:01:10.642,1.19987,1.19991,0.75,5.47
2021.06.17 06:01:10.945,1.19986,1.1999,0.75,0.82
2021.06.17 06:01:11.098,1.19986,1.19989,0.75,0.75
2021.06.17 06:01:13.651,1.19986,1.1999,0.75,0.82
2021.06.17 06:01:15.166,1.19987,1.1999,0.37,0.75
2021.06.17 06:01:15.419,1.19986,1.1999,2.44,0.75
2021.06.17 06:01:15.672,1.19987,1.1999,0.37,0.75
2021.06.17 06:01:15.776,1.19987,1.19991,1.12,0.82
2021.06.17 06:01:22.267,1.19989,1.19993,0.75,2.32
2021.06.17 06:01:22.368,1.19988,1.19992,1.50,1.12
2021.06.17 06:01:22.729,1.19987,1.19991,0.75,0.75
2021.06.17 06:01:23.354,1.19986,1.19989,0.10,0.75
2021.06.17 06:01:23.507,1.19985,1.19988,1.50,0.75
2021.06.17 06:01:23.710,1.19982,1.19984,5.11,0.75
2021.06.17 06:01:23.762,1.19979,1.19983,8.25,0.82
2021.06.17 06:01:23.863,1.19979,1.19982,0.75,0.82
2021.06.17 06:01:24.016,1.19978,1.19982,1.50,0.82
2021.06.17 06:01:27.802,1.19978,1.19981,0.75,0.75
2021.06.17 06:01:27.903,1.19977,1.1998,0.75,0.75
2021.06.17 06:01:28.005,1.19976,1.19979,0.75,0.75
2021.06.17 06:01:28.221,1.19975,1.19978,1.50,0.75
2021.06.17 06:01:29.672,1.19974,1.19978,0.75,1.57
2021.06.17 06:01:29.817,1.19974,1.19977,0.75,0.75
2021.06.17 06:01:37.415,1.1997,1.19974,3.75,0.75
2021.06.17 06:01:39.271,1.19973,1.19976,0.75,3.45
2021.06.17 06:01:39.372,1.19973,1.19977,0.75,1.95
2021.06.17 06:01:41.410,1.19973,1.19976,0.75,0.10
2021.06.17 06:01:42.256,1.19972,1.19975,0.75,0.82
2021.06.17 06:01:45.167,1.19971,1.19975,0.75,1.95
2021.06.17 06:01:45.480,1.19971,1.19974,0.75,0.10
2021.06.17 06:01:47.444,1.19972,1.19976,1.12,0.82
2021.06.17 06:01:47.546,1.19974,1.19977,0.75,0.82
2021.06.17 06:01:49.524,1.19968,1.19969,11.62,1.87
2021.06.17 06:01:49.575,1.19969,1.19971,5.11,1.76
2021.06.17 06:01:49.626,1.19968,1.19969,8.25,2.14
2021.06.17 06:01:49.778,1.19966,1.19969,0.75,1.57
2021.06.17 06:01:50.081,1.19967,1.1997,0.75,1.57
2021.06.17 06:01:50.183,1.19968,1.1997,0.75,1.20
2021.06.17 06:01:51.115,1.19967,1.19971,0.75,0.82
2021.06.17 06:01:54.101,1.19969,1.1997,0.75,0.10
2021.06.17 06:01:54.203,1.19967,1.19971,0.75,0.82
2021.06.17 06:01:54.463,1.19968,1.19971,0.75,0.82
2021.06.17 06:01:57.987,1.19967,1.19969,0.10,1.12
2021.06.17 06:01:58.039,1.19963,1.19966,2.25,0.82
2021.06.17 06:01:58.090,1.19965,1.19967,5.11,0.82
2021.06.17 06:01:58.191,1.19965,1.19966,0.75,0.75
2021.06.17 06:01:58.293,1.19963,1.19966,1.20,0.19
2021.06.17 06:01:58.447,1.19963,1.19967,0.75,1.94
2021.06.17 06:01:59.780,1.19963,1.19966,0.75,0.75
2021.06.17 06:02:00.592,1.19964,1.19967,0.75,2.69
2021.06.17 06:02:00.794,1.19963,1.19967,0.75,2.69
2021.06.17 06:02:01.047,1.19964,1.19967,0.75,1.57
2021.06.17 06:02:01.250,1.19967,1.19968,1.20,4.64
2021.06.17 06:02:01.351,1.19968,1.19971,0.75,1.57
2021.06.17 06:02:01.856,1.19969,1.19971,0.75,1.31
2021.06.17 06:02:01.907,1.19966,1.19967,5.11,3.07
2021.06.17 06:02:02.008,1.19961,1.19964,8.25,0.75
2021.06.17 06:02:02.211,1.19959,1.19962,1.50,1.12
2021.06.17 06:02:02.262,1.1996,1.19964,0.75,1.94
2021.06.17 06:02:02.363,1.19962,1.19964,0.75,3.82
2021.06.17 06:02:02.464,1.19961,1.19964,0.75,0.37
2021.06.17 06:02:02.667,1.19961,1.19965,0.75,4.57
2021.06.17 06:02:02.768,1.19959,1.19963,1.20,0.75
2021.06.17 06:02:03.020,1.19959,1.19962,1.12,0.75
2021.06.17 06:02:03.172,1.1996,1.19962,1.12,1.57
2021.06.17 06:02:03.612,1.19958,1.19962,1.87,0.75
2021.06.17 06:02:03.915,1.19959,1.19962,0.75,0.75
2021.06.17 06:02:05.951,1.19956,1.19959,0.37,0.75
2021.06.17 06:02:06.105,1.19955,1.19958,0.75,0.75
2021.06.17 06:02:06.208,1.19955,1.19957,0.75,0.75
2021.06.17 06:02:08.308,1.19954,1.19957,0.75,0.75
2021.06.17 06:02:08.410,1.19957,1.19959,0.75,1.50
2021.06.17 06:02:08.460,1.19957,1.19961,0.75,6.21
2021.06.17 06:02:08.562,1.19958,1.19961,0.75,1.69
2021.06.17 06:02:11.014,1.19957,1.19959,1.84,0.75
2021.06.17 06:02:15.694,1.19956,1.19958,1.50,1.00
2021.06.17 06:02:15.745,1.19953,1.19955,7.43,0.75
2021.06.17 06:02:15.847,1.19949,1.19951,5.11,0.75
2021.06.17 06:02:16.000,1.19947,1.19951,3.52,0.75
2021.06.17 06:02:19.809,1.19948,1.19951,0.37,0.75
2021.06.17 06:02:23.860,1.19947,1.19951,1.50,0.82
2021.06.17 06:02:25.478,1.19949,1.1995,0.75,0.82
2021.06.17 06:02:26.016,1.19947,1.19951,0.75,1.57
2021.06.17 06:02:26.067,1.19944,1.19948,7.06,2.51
2021.06.17 06:02:26.169,1.19944,1.19947,6.23,0.75
2021.06.17 06:02:26.585,1.19944,1.19946,0.75,1.31
2021.06.17 06:02:26.636,1.19941,1.19943,0.75,0.10
2021.06.17 06:02:26.737,1.19939,1.19941,5.11,0.75
2021.06.17 06:02:26.839,1.19938,1.19941,0.75,0.75
2021.06.17 06:02:26.940,1.19938,1.19942,0.75,1.69
2021.06.17 06:02:28.498,1.19938,1.19941,1.12,1.31
2021.06.17 06:02:28.601,1.19936,1.1994,0.75,2.32
2021.06.17 06:02:28.754,1.19938,1.19941,0.75,0.90
2021.06.17 06:02:28.856,1.19938,1.19942,1.12,3.07
2021.06.17 06:02:30.960,1.19937,1.1994,0.75,0.75
2021.06.17 06:02:31.062,1.19936,1.1994,3.45,0.75
2021.06.17 06:02:31.367,1.19937,1.19941,1.12,0.82
2021.06.17 06:02:31.469,1.19941,1.19944,0.37,0.75
2021.06.17 06:02:31.572,1.19941,1.19945,1.95,0.75
2021.06.17 06:02:31.674,1.19942,1.19945,0.45,0.75
2021.06.17 06:02:32.199,1.19941,1.19945,1.95,0.75
2021.06.17 06:02:32.402,1.19942,1.19945,0.37,0.75
2021.06.17 06:02:32.791,1.19942,1.19944,1.65,0.75
2021.06.17 06:02:32.896,1.19942,1.19945,0.37,0.75
2021.06.17 06:02:33.666,1.19941,1.19945,2.02,0.75
2021.06.17 06:02:33.897,1.1994,1.19942,1.57,0.19
2021.06.17 06:02:33.948,1.19936,1.19938,0.75,0.94
2021.06.17 06:02:34.000,1.19933,1.19934,2.32,0.75
2021.06.17 06:02:34.102,1.19932,1.19936,1.12,1.57
2021.06.17 06:02:34.610,1.19932,1.19935,0.75,0.10
2021.06.17 06:02:34.813,1.19932,1.19936,0.75,1.27
2021.06.17 06:02:35.067,1.19933,1.19936,0.75,1.50
2021.06.17 06:02:35.839,1.19932,1.19935,0.75,0.75
2021.06.17 06:02:36.093,1.19936,1.19938,0.37,0.75
2021.06.17 06:02:36.195,1.19936,1.1994,2.40,0.75
2021.06.17 06:02:36.348,1.19937,1.1994,0.75,0.75
2021.06.17 06:02:36.501,1.19936,1.1994,1.95,0.75
2021.06.17 06:02:37.647,1.19935,1.19938,5.93,2.06
2021.06.17 06:02:37.748,1.19935,1.19937,0.10,1.50
2021.06.17 06:02:37.799,1.19933,1.19937,1.57,1.50
2021.06.17 06:02:37.900,1.19933,1.19936,0.82,0.75
2021.06.17 06:02:38.308,1.19933,1.19937,0.82,1.50
2021.06.17 06:02:40.064,1.19936,1.19939,1.12,0.82
2021.06.17 06:02:40.165,1.19937,1.1994,0.75,1.50
2021.06.17 06:02:44.390,1.19937,1.19939,0.75,0.94
2021.06.17 06:02:44.441,1.19936,1.19937,0.75,1.50
2021.06.17 06:02:44.593,1.19934,1.19938,1.31,1.50
2021.06.17 06:02:45.194,1.19933,1.19937,1.69,0.75
2021.06.17 06:02:45.699,1.19933,1.19936,1.50,0.75
2021.06.17 06:02:46.512,1.19933,1.19937,1.76,0.75
2021.06.17 06:02:46.614,1.19934,1.19937,0.75,0.75
2021.06.17 06:02:47.722,1.19932,1.19936,1.69,0.75
2021.06.17 06:02:48.224,1.19933,1.19936,0.75,0.10
2021.06.17 06:02:48.545,1.19933,1.19937,0.75,2.02
2021.06.17 06:02:48.762,1.19933,1.19936,0.75,0.10
2021.06.17 06:02:49.040,1.19932,1.19936,0.75,3.34
2021.06.17 06:02:49.142,1.19933,1.19934,0.75,0.10
2021.06.17 06:02:50.516,1.19933,1.19935,0.75,2.96
2021.06.17 06:02:50.617,1.19932,1.19934,0.75,0.82
2021.06.17 06:02:50.718,1.19932,1.19936,1.01,0.75
2021.06.17 06:02:50.820,1.19933,1.19937,1.20,1.20
2021.06.17 06:02:50.972,1.19934,1.19937,0.75,0.75
2021.06.17 06:02:52.511,1.19936,1.19938,0.37,0.75
2021.06.17 06:02:52.562,1.19937,1.19941,0.75,4.84
2021.06.17 06:02:55.188,1.19938,1.1994,0.75,0.10
2021.06.17 06:02:55.290,1.19938,1.19941,0.75,3.07
2021.06.17 06:02:55.777,1.19938,1.1994,0.75,0.10
2021.06.17 06:02:56.186,1.19937,1.19939,0.75,3.45
2021.06.17 06:02:57.729,1.19938,1.1994,0.75,0.75
2021.06.17 06:02:58.870,1.19939,1.19941,0.75,0.75
2021.06.17 06:02:58.972,1.19939,1.19942,1.20,0.75
2021.06.17 06:02:59.175,1.1994,1.19943,1.12,1.20
2021.06.17 06:02:59.276,1.19941,1.19943,0.75,0.45
2021.06.17 06:02:59.377,1.19941,1.19944,0.75,3.45
2021.06.17 06:02:59.545,1.1994,1.19943,0.75,0.10
2021.06.17 06:02:59.697,1.19941,1.19943,0.75,0.10
2021.06.17 06:03:00.102,1.19939,1.19941,0.75,0.10
2021.06.17 06:03:00.305,1.19939,1.19943,0.75,0.45
2021.06.17 06:03:00.507,1.19939,1.19942,1.50,0.10
2021.06.17 06:03:00.608,1.19939,1.19943,1.50,1.20
2021.06.17 06:03:00.968,1.1994,1.19943,0.37,1.20
2021.06.17 06:03:01.069,1.19939,1.19943,2.32,1.20
2021.06.17 06:03:01.170,1.19939,1.19942,1.12,1.20
2021.06.17 06:03:01.777,1.19939,1.19943,0.75,1.27
2021.06.17 06:03:01.979,1.19939,1.19942,0.75,0.10
2021.06.17 06:03:03.073,1.19939,1.19941,0.75,0.10
2021.06.17 06:03:03.238,1.19939,1.19942,0.75,0.45
2021.06.17 06:03:03.423,1.19939,1.19941,0.75,0.10
2021.06.17 06:03:03.858,1.19938,1.19941,1.95,0.45
2021.06.17 06:03:04.060,1.19938,1.1994,1.76,0.10
2021.06.17 06:03:04.262,1.19938,1.19942,1.57,0.75
2021.06.17 06:03:04.661,1.19938,1.19941,1.57,0.45
2021.06.17 06:03:05.015,1.19938,1.19942,1.57,1.20
2021.06.17 06:03:05.530,1.19938,1.19941,0.75,2.14
2021.06.17 06:03:05.581,1.19934,1.19938,9.07,0.75
2021.06.17 06:03:05.683,1.19934,1.19937,9.00,0.10
2021.06.17 06:03:05.784,1.19934,1.19936,0.75,0.37
2021.06.17 06:03:06.272,1.19934,1.19937,0.75,0.94
2021.06.17 06:03:06.374,1.19934,1.19935,0.75,0.45
2021.06.17 06:03:06.528,1.19933,1.19935,0.75,0.10
2021.06.17 06:03:06.782,1.19933,1.19937,0.75,2.14
2021.06.17 06:03:09.231,1.19934,1.19935,0.75,1.20
2021.06.17 06:03:09.332,1.1993,1.19934,1.50,0.75
2021.06.17 06:03:09.484,1.1993,1.19933,1.50,0.37
2021.06.17 06:03:09.586,1.19931,1.19934,0.75,0.82
2021.06.17 06:03:09.687,1.19931,1.19933,0.75,0.10
2021.06.17 06:03:09.839,1.19931,1.19934,0.75,0.75
2021.06.17 06:03:10.193,1.19932,1.19934,0.75,0.10
2021.06.17 06:03:10.294,1.19933,1.19936,0.75,0.75
2021.06.17 06:03:11.306,1.19932,1.19935,0.75,0.75
2021.06.17 06:03:11.407,1.19931,1.19935,0.75,1.12
2021.06.17 06:03:13.081,1.19932,1.19935,0.75,0.75
2021.06.17 06:03:13.182,1.19933,1.19936,0.75,1.50
2021.06.17 06:03:13.587,1.19933,1.19937,0.75,1.50
2021.06.17 06:03:16.028,1.19932,1.19935,1.50,0.75
2021.06.17 06:03:16.129,1.19931,1.19934,0.10,0.75
2021.06.17 06:03:16.230,1.1993,1.19934,0.75,0.75
2021.06.17 06:03:16.533,1.19931,1.19934,0.75,0.75
2021.06.17 06:03:16.854,1.1993,1.19934,0.75,0.75
2021.06.17 06:03:17.925,1.19929,1.19931,5.11,0.82
2021.06.17 06:03:18.027,1.19927,1.19931,1.50,1.20
2021.06.17 06:03:18.230,1.19927,1.1993,1.50,0.10
2021.06.17 06:03:18.425,1.19925,1.19929,2.32,0.82
2021.06.17 06:03:18.527,1.19925,1.19928,1.50,1.12
2021.06.17 06:03:18.780,1.19925,1.19927,1.50,0.37
2021.06.17 06:03:19.134,1.19924,1.19926,0.10,2.25
2021.06.17 06:03:19.185,1.19922,1.19924,5.86,0.37
2021.06.17 06:03:19.236,1.1992,1.19923,0.75,0.82
2021.06.17 06:03:21.496,1.1992,1.19921,1.50,0.10
2021.06.17 06:03:22.285,1.19919,1.19922,0.75,1.20
2021.06.17 06:03:22.487,1.19919,1.19921,0.75,0.45
2021.06.17 06:03:23.759,1.19919,1.19922,0.75,1.20
2021.06.17 06:03:23.962,1.19919,1.19921,0.75,0.10
2021.06.17 06:03:24.118,1.19919,1.19922,0.75,0.82
2021.06.17 06:03:25.005,1.19914,1.19917,7.36,1.12
2021.06.17 06:03:25.106,1.19911,1.19914,0.75,1.87
2021.06.17 06:03:25.208,1.19908,1.19912,1.50,0.82
2021.06.17 06:03:25.309,1.19909,1.19912,0.75,1.57
2021.06.17 06:03:25.411,1.19908,1.19911,0.75,0.75
2021.06.17 06:03:25.564,1.19908,1.1991,0.75,0.75
2021.06.17 06:03:25.665,1.19907,1.1991,0.75,1.50
2021.06.17 06:03:27.624,1.19905,1.19908,1.12,1.12
2021.06.17 06:03:27.726,1.19905,1.19907,0.75,0.10
2021.06.17 06:03:27.878,1.19905,1.19906,0.75,1.12
2021.06.17 06:03:28.080,1.19903,1.19907,1.69,1.87
2021.06.17 06:03:28.182,1.19904,1.19905,1.50,0.75
2021.06.17 06:03:28.637,1.19902,1.19905,0.75,0.75
2021.06.17 06:03:28.738,1.19899,1.19903,1.20,2.62
2021.06.17 06:03:28.789,1.19898,1.19901,1.31,0.75
2021.06.17 06:03:28.891,1.19897,1.199,0.94,0.75
2021.06.17 06:03:28.993,1.19896,1.19899,0.75,0.75
2021.06.17 06:03:29.095,1.19897,1.199,0.94,0.75
2021.06.17 06:03:29.197,1.19896,1.19899,1.12,0.75
2021.06.17 06:03:29.298,1.19894,1.19897,0.82,0.75
2021.06.17 06:03:30.732,1.19893,1.19897,1.87,0.75
2021.06.17 06:03:30.834,1.19896,1.19898,0.37,0.82
2021.06.17 06:03:30.935,1.19896,1.19899,0.37,1.50
2021.06.17 06:03:31.239,1.19894,1.19898,0.75,1.50
2021.06.17 06:03:31.290,1.19893,1.19895,0.75,0.82
2021.06.17 06:03:31.341,1.19878,1.1988,1.12,0.75
2021.06.17 06:03:31.392,1.1988,1.19884,0.82,0.94
2021.06.17 06:03:31.493,1.19879,1.19882,0.37,0.75
2021.06.17 06:03:31.594,1.19877,1.19882,8.70,0.75
2021.06.17 06:03:31.645,1.1988,1.19883,0.75,0.75
2021.06.17 06:03:31.696,1.19878,1.19881,2.44,0.19
2021.06.17 06:03:31.798,1.19875,1.19879,2.70,0.75
2021.06.17 06:03:31.899,1.19875,1.19877,0.10,1.50
2021.06.17 06:03:31.950,1.19872,1.19876,1.12,0.75
2021.06.17 06:03:32.051,1.19872,1.19874,3.45,0.75
2021.06.17 06:03:32.152,1.19871,1.19876,2.62,0.75
2021.06.17 06:03:32.305,1.19872,1.19876,0.75,0.75
2021.06.17 06:03:32.407,1.19873,1.19878,2.62,0.75
2021.06.17 06:03:32.459,1.19876,1.19879,1.12,0.75
2021.06.17 06:03:32.561,1.19875,1.1988,6.26,0.75
2021.06.17 06:03:32.662,1.19877,1.19881,1.50,0.75
2021.06.17 06:03:32.814,1.19876,1.19881,2.25,0.94
2021.06.17 06:03:32.916,1.19875,1.1988,3.94,0.75
2021.06.17 06:03:33.017,1.19876,1.1988,0.37,0.75
2021.06.17 06:03:34.179,1.19878,1.19882,1.12,0.75
2021.06.17 06:03:34.281,1.19877,1.19883,1.87,1.31
2021.06.17 06:03:34.382,1.19877,1.19882,0.75,0.94
2021.06.17 06:03:36.302,1.19874,1.19876,5.11,0.75
2021.06.17 06:03:36.352,1.19868,1.1987,2.25,0.82
2021.06.17 06:03:36.403,1.19866,1.19867,0.75,0.75
2021.06.17 06:03:36.505,1.19865,1.19868,0.75,1.20
2021.06.17 06:03:36.606,1.19866,1.19868,0.75,0.45
2021.06.17 06:03:36.657,1.19866,1.1987,0.75,1.65
2021.06.17 06:03:36.708,1.19868,1.1987,0.37,1.65
2021.06.17 06:03:39.044,1.19869,1.19871,0.37,1.84
2021.06.17 06:03:39.146,1.19868,1.19871,0.37,0.19
2021.06.17 06:03:39.703,1.19865,1.19869,4.57,0.75
2021.06.17 06:03:40.440,1.19867,1.19868,0.37,0.75
2021.06.17 06:03:40.816,1.19868,1.19871,1.12,0.19
2021.06.17 06:03:40.918,1.19867,1.1987,3.75,0.75
2021.06.17 06:03:41.071,1.19866,1.1987,3.00,0.75
2021.06.17 06:03:41.223,1.19866,1.19869,1.50,1.57
2021.06.17 06:03:41.325,1.19864,1.19867,0.75,0.94
2021.06.17 06:03:41.927,1.19863,1.19866,0.82,0.75
2021.06.17 06:03:42.232,1.19862,1.19865,0.82,0.75
2021.06.17 06:03:43.064,1.19862,1.19866,0.82,0.75
2021.06.17 06:03:44.430,1.19862,1.19865,0.75,0.75
2021.06.17 06:03:44.532,1.19861,1.19865,2.25,0.75
2021.06.17 06:03:44.834,1.19861,1.19864,1.50,0.10
2021.06.17 06:03:44.885,1.19858,1.19862,3.37,0.94
2021.06.17 06:03:44.936,1.19858,1.1986,0.75,1.20
2021.06.17 06:03:45.038,1.19857,1.1986,2.44,1.20
2021.06.17 06:03:45.190,1.19862,1.19864,1.50,1.57
2021.06.17 06:03:45.241,1.19864,1.19866,9.07,8.25
2021.06.17 06:03:45.342,1.19864,1.19867,0.75,0.82
2021.06.17 06:03:45.444,1.19859,1.19861,9.00,0.75
2021.06.17 06:03:45.546,1.19858,1.19861,0.75,1.69
2021.06.17 06:03:45.647,1.19857,1.1986,1.50,1.20
2021.06.17 06:03:45.849,1.19857,1.19859,1.50,0.45
2021.06.17 06:03:45.951,1.19856,1.19858,5.25,1.27
2021.06.17 06:03:46.002,1.19854,1.19857,2.62,0.75
2021.06.17 06:03:46.103,1.19854,1.19856,2.25,0.10
2021.06.17 06:03:46.255,1.19855,1.19857,0.75,0.45
2021.06.17 06:03:46.457,1.19855,1.19858,0.75,0.82
2021.06.17 06:03:46.659,1.19854,1.19857,2.25,0.75
2021.06.17 06:03:46.861,1.19854,1.19856,1.50,0.45
2021.06.17 06:03:47.847,1.19854,1.19857,1.50,1.20
2021.06.17 06:03:48.052,1.19854,1.19856,1.50,0.45
2021.06.17 06:03:48.231,1.19854,1.19857,1.50,1.20
2021.06.17 06:03:48.282,1.19851,1.19855,2.25,0.75
2021.06.17 06:03:48.333,1.19854,1.19855,0.75,0.94
2021.06.17 06:03:48.434,1.19854,1.19856,0.37,0.75
2021.06.17 06:03:48.535,1.19853,1.19856,1.12,0.75
2021.06.17 06:03:48.586,1.19856,1.19858,0.75,0.45
2021.06.17 06:03:48.788,1.19857,1.19861,0.75,1.20
2021.06.17 06:03:49.091,1.19858,1.19859,0.75,0.75
2021.06.17 06:03:49.243,1.19857,1.19861,0.75,0.82
2021.06.17 06:03:49.395,1.19849,1.19851,10.69,1.01
2021.06.17 06:03:49.497,1.19849,1.19852,7.50,0.10
2021.06.17 06:03:49.598,1.1985,1.19853,0.19,0.10
2021.06.17 06:03:49.700,1.19849,1.1985,0.75,1.20
2021.06.17 06:03:49.801,1.19847,1.19849,0.75,0.10
2021.06.17 06:03:49.903,1.19847,1.1985,0.75,0.82
2021.06.17 06:03:50.005,1.19847,1.19849,0.75,0.10
2021.06.17 06:03:50.106,1.19847,1.1985,0.75,1.20
2021.06.17 06:03:50.359,1.19847,1.19849,0.75,0.10
2021.06.17 06:03:50.462,1.19847,1.1985,0.75,1.20
2021.06.17 06:03:50.564,1.19845,1.19848,0.75,0.75
2021.06.17 06:03:50.615,1.19843,1.19847,0.75,0.75
2021.06.17 06:03:50.767,1.19846,1.19848,2.44,0.37
2021.06.17 06:03:50.868,1.19847,1.19849,0.19,0.37
2021.06.17 06:03:50.919,1.19847,1.19851,0.94,0.75
2021.06.17 06:03:50.971,1.19849,1.19852,0.75,1.27
2021.06.17 06:03:51.074,1.19852,1.19854,0.75,0.75
2021.06.17 06:03:51.177,1.19851,1.19854,0.75,0.10
2021.06.17 06:03:51.280,1.19851,1.19852,0.75,0.75
2021.06.17 06:03:51.382,1.19849,1.1985,5.11,0.75
2021.06.17 06:03:51.434,1.19852,1.19853,0.75,2.59
2021.06.17 06:03:51.486,1.1985,1.19853,0.75,2.14
2021.06.17 06:03:51.589,1.19848,1.19851,1.87,0.75
2021.06.17 06:03:52.887,1.19848,1.1985,2.25,0.75
2021.06.17 06:03:53.091,1.19847,1.1985,0.75,1.20
2021.06.17 06:03:55.897,1.19848,1.19851,0.75,2.77
2021.06.17 06:03:56.050,1.19851,1.19854,0.75,1.50
2021.06.17 06:03:56.101,1.19848,1.19852,2.44,0.82
2021.06.17 06:03:56.306,1.19848,1.19851,0.75,0.75
2021.06.17 06:03:57.195,1.19847,1.19852,1.50,0.10
2021.06.17 06:03:58.756,1.19851,1.19855,0.94,1.20
2021.06.17 06:03:58.857,1.19854,1.19857,0.75,0.75
2021.06.17 06:03:58.981,1.19854,1.19858,0.94,1.57
2021.06.17 06:03:59.083,1.19856,1.19859,0.75,0.45
2021.06.17 06:03:59.235,1.19856,1.19862,0.94,2.32
2021.06.17 06:04:00.094,1.19861,1.19863,0.75,1.01
2021.06.17 06:04:00.196,1.1986,1.19863,0.75,0.10
2021.06.17 06:04:00.651,1.19862,1.19864,0.75,0.75
2021.06.17 06:04:00.702,1.19863,1.19866,0.94,1.20
2021.06.17 06:04:00.804,1.19866,1.19868,1.50,0.10
2021.06.17 06:04:00.855,1.19866,1.1987,1.50,0.10
2021.06.17 06:04:00.906,1.19869,1.19871,0.75,7.50
2021.06.17 06:04:01.007,1.19871,1.19873,0.75,0.75
2021.06.17 06:04:01.108,1.19871,1.19874,0.75,0.10
2021.06.17 06:04:01.210,1.19871,1.19875,1.50,0.10
2021.06.17 06:04:01.311,1.19872,1.19873,1.50,0.10
2021.06.17 06:04:01.564,1.19871,1.19875,1.50,0.10
2021.06.17 06:04:01.716,1.19871,1.19874,0.75,0.10
2021.06.17 06:04:01.868,1.1987,1.19874,0.75,1.57
2021.06.17 06:04:02.223,1.1987,1.19873,0.75,0.10
2021.06.17 06:04:02.324,1.19872,1.19875,0.75,0.45
2021.06.17 06:04:02.426,1.19873,1.19875,0.75,0.45
2021.06.17 06:04:02.527,1.19874,1.19877,1.50,0.10
2021.06.17 06:04:02.629,1.19874,1.19878,1.50,1.27
2021.06.17 06:04:02.984,1.19877,1.1988,0.75,0.82
2021.06.17 06:04:03.087,1.19877,1.19879,0.75,0.10
2021.06.17 06:04:03.240,1.19877,1.1988,0.75,0.10
2021.06.17 06:04:03.342,1.19877,1.19879,0.75,0.82
2021.06.17 06:04:03.445,1.19873,1.19876,2.25,0.10
2021.06.17 06:04:03.546,1.19873,1.19874,1.50,0.82
2021.06.17 06:04:03.648,1.19873,1.19877,0.75,0.82
2021.06.17 06:04:03.749,1.19875,1.19876,0.75,0.10
2021.06.17 06:04:03.901,1.19874,1.19878,0.75,0.10
2021.06.17 06:04:04.002,1.19874,1.19877,0.75,0.45
2021.06.17 06:04:04.307,1.19874,1.19875,0.75,0.10
2021.06.17 06:04:04.409,1.19874,1.19877,0.75,1.95
2021.06.17 06:04:04.561,1.19875,1.19877,0.75,0.10
2021.06.17 06:04:04.988,1.19874,1.19879,1.50,1.76
2021.06.17 06:04:05.090,1.19874,1.19877,0.75,0.75
2021.06.17 06:04:05.191,1.19872,1.19874,2.81,1.01
2021.06.17 06:04:05.243,1.19869,1.19874,0.94,3.45
2021.06.17 06:04:05.294,1.19868,1.19872,1.50,1.01
2021.06.17 06:04:05.345,1.19865,1.19868,0.75,0.10
2021.06.17 06:04:05.446,1.19866,1.19869,0.75,0.10
2021.06.17 06:04:05.548,1.19869,1.19871,0.75,0.10
2021.06.17 06:04:05.649,1.1987,1.19872,0.75,0.15
2021.06.17 06:04:06.155,1.1987,1.19873,0.94,1.76
2021.06.17 06:04:06.256,1.19872,1.19874,0.75,0.10
2021.06.17 06:04:06.408,1.19872,1.19876,3.19,0.10
2021.06.17 06:04:06.560,1.19875,1.19877,0.75,0.10
2021.06.17 06:04:07.586,1.19873,1.19876,0.75,0.10
2021.06.17 06:04:07.637,1.19872,1.19874,0.75,0.10
2021.06.17 06:04:07.739,1.19871,1.19872,0.75,0.45
2021.06.17 06:04:08.245,1.19869,1.19872,0.75,2.21
2021.06.17 06:04:08.347,1.19868,1.19871,0.75,2.70
2021.06.17 06:04:08.449,1.19867,1.19869,0.75,0.10
2021.06.17 06:04:08.550,1.19868,1.19872,0.75,1.20
2021.06.17 06:04:10.366,1.19869,1.19872,0.75,0.10
2021.06.17 06:04:10.622,1.19868,1.19872,0.75,0.10
2021.06.17 06:04:11.045,1.19869,1.19872,0.75,0.10
2021.06.17 06:04:11.197,1.19868,1.19872,1.50,0.10
2021.06.17 06:04:12.418,1.19867,1.19872,3.00,1.57
2021.06.17 06:04:12.520,1.19868,1.1987,2.25,0.75
2021.06.17 06:04:12.639,1.19867,1.19872,2.25,5.54
2021.06.17 06:04:13.056,1.19868,1.19872,1.50,0.15
2021.06.17 06:04:13.158,1.19869,1.19872,0.75,0.15
2021.06.17 06:04:13.695,1.19869,1.19873,0.75,1.57
2021.06.17 06:04:13.802,1.19871,1.19873,1.12,0.75
2021.06.17 06:04:13.854,1.19872,1.19876,0.75,4.72
2021.06.17 06:04:14.006,1.19873,1.19877,0.75,1.57
2021.06.17 06:04:14.107,1.19874,1.19877,1.50,0.10
2021.06.17 06:04:14.158,1.19875,1.19879,1.50,0.10
2021.06.17 06:04:15.163,1.19874,1.19878,2.25,0.10
2021.06.17 06:04:16.645,1.19876,1.1988,0.75,2.32
2021.06.17 06:04:16.747,1.19875,1.19879,0.75,0.10
2021.06.17 06:04:17.133,1.19879,1.1988,0.19,0.10
2021.06.17 06:04:17.235,1.19878,1.19882,0.75,0.10
2021.06.17 06:04:17.336,1.19877,1.19882,2.14,1.57
2021.06.17 06:04:17.769,1.19875,1.19878,0.19,0.10
2021.06.17 06:04:17.820,1.19873,1.19877,6.98,0.10
2021.06.17 06:04:17.922,1.19872,1.19876,1.50,0.10
2021.06.17 06:04:18.225,1.19872,1.19877,1.95,0.90
2021.06.17 06:04:18.427,1.19873,1.19877,1.12,0.82
2021.06.17 06:04:18.529,1.1987,1.19875,5.86,3.94
2021.06.17 06:04:18.631,1.1987,1.19874,0.75,2.81
2021.06.17 06:04:18.683,1.19868,1.19872,0.75,0.10
2021.06.17 06:04:18.786,1.19871,1.19875,1.12,5.39
2021.06.17 06:04:18.889,1.19872,1.19877,1.31,1.57
2021.06.17 06:04:19.093,1.19873,1.19877,0.75,0.75
2021.06.17 06:04:19.145,1.19875,1.19878,0.75,1.50
2021.06.17 06:04:19.196,1.19875,1.1988,1.87,7.72
2021.06.17 06:04:20.078,1.19875,1.19879,1.87,0.75
2021.06.17 06:04:20.934,1.19877,1.19878,0.75,0.75
2021.06.17 06:04:21.036,1.19875,1.19878,0.75,0.75
2021.06.17 06:04:21.139,1.19874,1.19878,1.50,0.75
2021.06.17 06:04:21.241,1.19874,1.19879,1.50,2.89
2021.06.17 06:04:22.084,1.19875,1.19879,0.75,2.32
2021.06.17 06:04:22.185,1.19875,1.1988,1.50,2.59
2021.06.17 06:04:22.876,1.19874,1.19878,1.95,3.07
2021.06.17 06:04:22.978,1.19874,1.19877,1.20,1.87
2021.06.17 06:04:23.079,1.19873,1.19877,1.50,1.87
2021.06.17 06:04:23.332,1.19874,1.19875,0.75,1.01
2021.06.17 06:04:24.251,1.19872,1.19876,0.75,0.64
2021.06.17 06:04:24.504,1.19873,1.19877,0.75,0.45
2021.06.17 06:04:25.951,1.19873,1.19876,0.75,0.26
2021.06.17 06:04:26.052,1.1987,1.19873,0.75,0.45
2021.06.17 06:04:26.154,1.19869,1.19873,1.50,1.20
2021.06.17 06:04:26.357,1.1987,1.19873,0.75,0.45
2021.06.17 06:04:27.850,1.19871,1.19875,0.75,1.20
2021.06.17 06:04:27.953,1.19872,1.19873,0.75,0.10
2021.06.17 06:04:28.586,1.19871,1.19875,0.75,1.20
2021.06.17 06:04:28.789,1.19872,1.19875,0.75,1.12
2021.06.17 06:04:28.840,1.19873,1.19877,0.75,0.45
2021.06.17 06:04:28.992,1.19874,1.19877,1.20,0.37
2021.06.17 06:04:29.144,1.19873,1.19877,1.50,0.45
2021.06.17 06:04:30.475,1.19875,1.19877,0.19,0.75
2021.06.17 06:04:30.526,1.19875,1.19879,3.07,0.10
2021.06.17 06:04:31.581,1.19875,1.1988,2.25,1.92
2021.06.17 06:04:31.687,1.19877,1.19879,2.44,1.47
2021.06.17 06:04:31.788,1.19877,1.1988,0.10,0.72
2021.06.17 06:04:31.890,1.19877,1.19881,0.82,0.82
2021.06.17 06:04:31.992,1.19878,1.19881,1.69,0.75
2021.06.17 06:04:32.044,1.19881,1.19884,1.50,0.10
2021.06.17 06:04:32.146,1.19879,1.19882,0.75,2.14
2021.06.17 06:04:32.247,1.19878,1.19882,2.70,0.45
2021.06.17 06:04:33.938,1.19878,1.19881,1.50,0.10
2021.06.17 06:04:34.039,1.19877,1.19881,0.75,0.82
2021.06.17 06:04:34.244,1.19875,1.19878,1.20,2.81
2021.06.17 06:04:34.295,1.19873,1.19877,6.98,0.64
2021.06.17 06:04:34.396,1.19872,1.19877,1.50,1.20
2021.06.17 06:04:34.548,1.19873,1.19875,1.50,0.10
2021.06.17 06:04:35.118,1.19872,1.19877,1.69,1.20
2021.06.17 06:04:35.220,1.19878,1.1988,0.19,3.89
2021.06.17 06:04:35.321,1.19878,1.19882,0.19,0.82
2021.06.17 06:04:35.675,1.19878,1.19881,1.20,2.32
2021.06.17 06:04:35.777,1.19874,1.19876,5.86,0.10
2021.06.17 06:04:35.878,1.19875,1.19876,0.75,0.10
2021.06.17 06:04:36.030,1.19874,1.19876,0.75,0.10
2021.06.17 06:04:36.233,1.19873,1.19876,0.75,0.10
2021.06.17 06:04:36.334,1.19874,1.19876,0.75,0.45
2021.06.17 06:04:36.436,1.19874,1.19875,0.75,0.10
2021.06.17 06:04:36.537,1.19874,1.19877,0.75,0.45
2021.06.17 06:04:36.639,1.19873,1.19877,2.25,0.45
2021.06.17 06:04:36.955,1.19875,1.19876,0.75,0.45
2021.06.17 06:04:38.351,1.19874,1.19879,3.00,0.83
2021.06.17 06:04:38.452,1.19878,1.19882,0.75,3.95
2021.06.17 06:04:38.553,1.19878,1.19883,2.25,0.81
2021.06.17 06:04:38.655,1.19878,1.19882,0.75,2.70
2021.06.17 06:04:38.756,1.19878,1.19882,0.75,3.06
2021.06.17 06:04:38.858,1.19876,1.19881,1.50,1.77
2021.06.17 06:04:38.959,1.19879,1.1988,0.75,0.81
2021.06.17 06:04:39.010,1.19877,1.19881,1.50,2.70
2021.06.17 06:04:39.061,1.19878,1.1988,1.50,0.81
2021.06.17 06:04:39.162,1.19878,1.19882,0.75,1.02
2021.06.17 06:04:39.263,1.19878,1.19881,1.50,3.45
2021.06.17 06:04:39.617,1.19879,1.19881,0.75,0.45
2021.06.17 06:04:40.274,1.19878,1.19881,1.50,3.64
2021.06.17 06:04:41.429,1.19877,1.19881,1.50,1.77
2021.06.17 06:04:41.480,1.19875,1.19877,0.75,1.93
2021.06.17 06:04:41.582,1.19877,1.19879,0.75,0.75
2021.06.17 06:04:41.685,1.19877,1.1988,0.75,3.95
2021.06.17 06:04:41.786,1.19877,1.19882,1.50,1.95
2021.06.17 06:04:43.475,1.19876,1.19881,1.50,1.58
2021.06.17 06:04:43.627,1.19877,1.19881,0.75,0.81
2021.06.17 06:04:43.778,1.19877,1.19882,1.50,2.68
2021.06.17 06:04:44.031,1.19878,1.19882,0.75,1.18
2021.06.17 06:04:47.698,1.19876,1.19879,0.82,0.83
2021.06.17 06:04:47.800,1.19875,1.19878,0.75,0.43
2021.06.17 06:04:47.901,1.19874,1.19879,1.50,4.95
2021.06.17 06:04:48.204,1.19874,1.19878,0.75,2.70
2021.06.17 06:04:52.788,1.19871,1.19875,1.57,1.58
2021.06.17 06:04:53.154,1.19872,1.19874,0.75,0.81
2021.06.17 06:04:53.862,1.19873,1.19876,0.75,0.81
2021.06.17 06:04:55.627,1.19872,1.19876,0.75,0.81
2021.06.17 06:04:57.624,1.19873,1.19876,0.75,0.75
2021.06.17 06:04:59.570,1.19874,1.19876,0.75,0.75
2021.06.17 06:05:00.999,1.19872,1.19876,1.95,6.45
2021.06.17 06:05:01.101,1.19869,1.19873,0.37,1.12
2021.06.17 06:05:01.207,1.19868,1.19873,0.82,3.45
2021.06.17 06:05:01.716,1.19868,1.19872,1.12,0.37
2021.06.17 06:05:02.296,1.19869,1.19872,1.57,1.87
2021.06.17 06:05:02.397,1.19869,1.19873,0.75,1.50
2021.06.17 06:05:02.499,1.19869,1.19875,1.95,2.14
2021.06.17 06:05:03.693,1.19869,1.19874,1.69,3.07
2021.06.17 06:05:03.794,1.19869,1.19873,1.69,0.37
2021.06.17 06:05:03.895,1.19869,1.19871,0.94,1.12
2021.06.17 06:05:05.144,1.19869,1.19872,0.75,0.75
2021.06.17 06:05:05.498,1.19869,1.19873,0.75,1.87
2021.06.17 06:05:05.857,1.19868,1.19873,2.51,1.87
2021.06.17 06:05:09.372,1.19868,1.19872,1.50,0.37
2021.06.17 06:05:10.730,1.1987,1.19872,0.75,0.37
2021.06.17 06:05:12.451,1.19868,1.19871,1.50,2.25
2021.06.17 06:05:12.553,1.19865,1.19868,0.75,1.12
2021.06.17 06:05:12.655,1.19867,1.19869,0.75,3.89
2021.06.17 06:05:12.756,1.19867,1.1987,0.75,0.82
2021.06.17 06:05:13.652,1.19868,1.1987,0.75,0.82
2021.06.17 06:05:13.754,1.19867,1.1987,0.75,1.57
2021.06.17 06:05:13.856,1.19866,1.19868,0.75,0.10
2021.06.17 06:05:14.060,1.19866,1.19869,0.75,1.57
2021.06.17 06:05:14.415,1.19868,1.19869,0.75,0.75
2021.06.17 06:05:14.466,1.19865,1.19869,1.12,0.64
2021.06.17 06:05:14.568,1.19865,1.19868,0.75,0.10
2021.06.17 06:05:15.156,1.19865,1.19867,0.75,0.37
2021.06.17 06:05:15.578,1.19865,1.19868,0.75,0.45
2021.06.17 06:05:16.434,1.19865,1.19867,0.75,0.75
2021.06.17 06:05:16.535,1.19864,1.19866,0.75,1.20
2021.06.17 06:05:16.894,1.19864,1.19865,0.75,0.10
2021.06.17 06:05:17.046,1.19863,1.19867,0.75,5.47
2021.06.17 06:05:17.199,1.19864,1.19867,0.75,0.45
2021.06.17 06:05:18.502,1.19865,1.19867,0.75,1.20
2021.06.17 06:05:22.622,1.19865,1.19868,0.75,0.64
2021.06.17 06:05:23.103,1.19865,1.19867,0.75,0.75
2021.06.17 06:05:23.205,1.19863,1.19867,0.75,2.89
2021.06.17 06:05:23.256,1.19862,1.19863,1.20,1.20
2021.06.17 06:05:23.307,1.19863,1.19866,0.75,4.27
2021.06.17 06:05:23.409,1.19863,1.19867,0.75,3.82
2021.06.17 06:05:24.279,1.19864,1.19866,0.75,1.39
2021.06.17 06:05:24.380,1.19865,1.19867,0.75,1.12
2021.06.17 06:05:25.061,1.19865,1.19868,0.75,1.57
2021.06.17 06:05:31.169,1.19868,1.1987,0.75,0.75
2021.06.17 06:05:31.220,1.19868,1.19872,0.75,0.75
2021.06.17 06:05:31.422,1.19868,1.19873,0.75,2.81
2021.06.17 06:05:31.625,1.1987,1.19873,0.75,2.06
2021.06.17 06:05:31.878,1.1987,1.19872,0.75,0.75
2021.06.17 06:05:32.607,1.19868,1.19872,0.75,1.50
2021.06.17 06:05:33.642,1.1987,1.19872,0.75,0.37
2021.06.17 06:05:35.474,1.19871,1.19874,1.12,0.75
2021.06.17 06:05:35.525,1.19874,1.19878,0.75,4.50
2021.06.17 06:05:35.626,1.19875,1.19878,0.75,2.06
2021.06.17 06:05:35.728,1.19876,1.1988,0.75,1.31
2021.06.17 06:05:35.829,1.19873,1.19877,9.68,0.37
2021.06.17 06:05:36.234,1.19873,1.19875,0.75,3.00
2021.06.17 06:05:36.285,1.19869,1.19873,2.25,2.06
2021.06.17 06:05:36.487,1.1987,1.19873,0.75,1.12
2021.06.17 06:05:37.490,1.19871,1.19875,0.75,0.37
2021.06.17 06:05:37.593,1.19874,1.19877,0.75,4.27
2021.06.17 06:05:37.694,1.19874,1.19878,0.75,2.32
2021.06.17 06:05:37.797,1.19876,1.19879,0.75,1.57
2021.06.17 06:05:37.900,1.19877,1.1988,0.75,2.14
2021.06.17 06:05:38.972,1.19877,1.19878,1.50,0.75
2021.06.17 06:05:39.023,1.19875,1.19879,0.75,2.25
2021.06.17 06:05:39.487,1.19876,1.1988,0.75,1.39
2021.06.17 06:05:39.589,1.19877,1.1988,0.75,1.31
2021.06.17 06:05:39.690,1.19877,1.19881,0.75,4.57
2021.06.17 06:05:39.792,1.19877,1.1988,0.75,0.75
2021.06.17 06:05:41.819,1.19874,1.19875,2.32,0.37
2021.06.17 06:05:41.921,1.19872,1.19875,0.75,1.95
2021.06.17 06:05:42.023,1.1987,1.19874,0.75,1.57
2021.06.17 06:05:42.074,1.19872,1.19873,0.75,0.37
2021.06.17 06:05:42.669,1.19872,1.19874,0.75,1.20
2021.06.17 06:05:43.668,1.19874,1.19877,0.75,0.37
2021.06.17 06:05:43.769,1.19874,1.19878,0.75,2.89
2021.06.17 06:05:43.976,1.19873,1.19877,1.50,0.10
2021.06.17 06:05:46.637,1.19875,1.19877,0.75,5.89
2021.06.17 06:05:47.826,1.19875,1.19879,1.12,0.10
2021.06.17 06:05:47.876,1.19877,1.1988,0.75,2.32
2021.06.17 06:05:47.978,1.19877,1.19881,0.75,1.57
2021.06.17 06:05:48.369,1.19878,1.19881,0.75,1.57
2021.06.17 06:05:50.892,1.19876,1.19878,1.76,1.12
2021.06.17 06:05:51.198,1.19875,1.19876,0.75,0.56
2021.06.17 06:05:51.300,1.19873,1.19877,1.50,0.64
2021.06.17 06:05:51.402,1.19873,1.19875,0.75,0.10
2021.06.17 06:05:51.504,1.1987,1.19874,0.75,3.64
2021.06.17 06:05:51.606,1.1987,1.19873,1.50,0.37
2021.06.17 06:05:51.707,1.1987,1.19874,1.50,2.51
2021.06.17 06:05:54.307,1.1987,1.19873,1.50,0.45
2021.06.17 06:05:57.076,1.19868,1.1987,0.75,0.75
2021.06.17 06:05:57.228,1.19868,1.19871,0.75,2.81
2021.06.17 06:05:57.329,1.19868,1.1987,0.75,0.75
2021.06.17 06:05:59.623,1.19865,1.19869,1.50,1.69
2021.06.17 06:05:59.725,1.19865,1.19868,0.75,0.37
2021.06.17 06:05:59.928,1.19865,1.19869,0.75,3.00
2021.06.17 06:06:00.029,1.19867,1.1987,0.75,7.27
2021.06.17 06:06:00.131,1.19869,1.19871,0.75,6.33
2021.06.17 06:06:00.181,1.1987,1.19873,0.75,2.44
2021.06.17 06:06:02.636,1.1987,1.19874,0.75,1.31
2021.06.17 06:06:02.789,1.19872,1.19875,0.75,1.87
2021.06.17 06:06:03.668,1.1987,1.19874,1.69,1.50
2021.06.17 06:06:03.770,1.19871,1.19872,0.75,0.56
2021.06.17 06:06:03.921,1.1987,1.19874,0.75,2.44
2021.06.17 06:06:04.225,1.19871,1.19874,0.75,1.31
2021.06.17 06:06:04.377,1.19874,1.19877,0.75,3.37
2021.06.17 06:06:04.478,1.19877,1.19879,0.75,0.37
2021.06.17 06:06:04.580,1.19877,1.1988,0.75,0.37
2021.06.17 06:06:04.681,1.19877,1.19881,0.75,1.39
2021.06.17 06:06:05.052,1.19878,1.19882,0.75,1.12
2021.06.17 06:06:05.154,1.1988,1.19884,0.75,1.57
2021.06.17 06:06:05.255,1.19881,1.19884,0.75,2.32
2021.06.17 06:06:05.674,1.1988,1.19884,0.75,2.32
2021.06.17 06:06:10.455,1.1988,1.19883,0.75,0.75
2021.06.17 06:06:12.717,1.1988,1.19882,0.75,0.37
2021.06.17 06:06:12.819,1.1988,1.19883,0.75,0.75
2021.06.17 06:06:14.765,1.19881,1.19883,0.75,0.75
2021.06.17 06:06:16.224,1.1988,1.19883,0.75,0.75
2021.06.17 06:06:20.531,1.19881,1.19883,0.75,0.75
2021.06.17 06:06:31.556,1.19881,1.19882,0.75,0.75
2021.06.17 06:06:33.703,1.19878,1.19882,1.95,1.12
2021.06.17 06:06:33.958,1.1988,1.19882,0.75,0.37
2021.06.17 06:06:34.161,1.1988,1.19883,0.75,1.39
2021.06.17 06:06:40.617,1.19881,1.19883,0.75,0.75
2021.06.17 06:06:42.694,1.19882,1.19886,0.75,2.89
2021.06.17 06:06:42.845,1.19882,1.19883,2.25,0.37
2021.06.17 06:06:45.240,1.1988,1.19884,1.50,1.95
2021.06.17 06:06:45.342,1.19882,1.19886,0.75,2.14
2021.06.17 06:06:45.443,1.19883,1.19886,0.75,0.75
2021.06.17 06:06:45.545,1.19883,1.19887,0.75,1.12
2021.06.17 06:06:45.697,1.19884,1.19887,0.75,1.12
2021.06.17 06:06:45.798,1.19884,1.19888,0.75,0.37
2021.06.17 06:06:46.052,1.19885,1.19888,0.75,0.75
2021.06.17 06:06:46.629,1.19885,1.19889,0.75,2.44
2021.06.17 06:06:47.768,1.19886,1.19889,0.75,2.25
2021.06.17 06:06:47.920,1.19889,1.19891,0.75,1.87
2021.06.17 06:06:48.122,1.19888,1.19893,0.75,2.14
2021.06.17 06:06:48.699,1.1989,1.19893,0.75,2.14
2021.06.17 06:06:49.163,1.19888,1.19893,0.75,2.14
2021.06.17 06:06:51.923,1.19889,1.19891,0.10,0.10
2021.06.17 06:06:52.126,1.19887,1.19891,1.57,0.64
2021.06.17 06:06:52.227,1.19888,1.19892,0.75,1.31
2021.06.17 06:06:52.710,1.19889,1.19892,1.95,2.89
2021.06.17 06:06:53.170,1.19889,1.19893,0.10,2.14
2021.06.17 06:06:54.015,1.19888,1.19893,2.70,2.14
2021.06.17 06:06:54.189,1.19889,1.19893,0.10,2.14
2021.06.17 06:06:55.128,1.19888,1.19893,2.70,2.14
2021.06.17 06:06:55.332,1.1989,1.19892,0.10,2.14
2021.06.17 06:06:56.261,1.1989,1.19893,0.75,0.45
2021.06.17 06:06:56.362,1.1989,1.19894,0.75,1.69
2021.06.17 06:06:56.413,1.19892,1.19894,0.75,0.75
2021.06.17 06:06:56.464,1.19893,1.19896,0.75,1.12
2021.06.17 06:06:56.566,1.19891,1.19894,0.75,0.75
2021.06.17 06:06:56.667,1.19892,1.19895,0.75,1.12
2021.06.17 06:06:56.869,1.19891,1.19894,0.75,0.94
2021.06.17 06:06:57.072,1.19891,1.19895,0.75,1.12
2021.06.17 06:06:57.174,1.19891,1.19894,1.87,0.75
2021.06.17 06:06:57.528,1.19891,1.19893,0.75,0.26
2021.06.17 06:06:58.384,1.19891,1.19894,0.75,1.50
2021.06.17 06:06:58.941,1.19891,1.19893,0.75,0.64
2021.06.17 06:06:59.422,1.1989,1.19893,0.75,0.56
2021.06.17 06:07:00.351,1.1989,1.19894,0.75,1.50
2021.06.17 06:07:01.134,1.19888,1.1989,0.10,0.75
2021.06.17 06:07:02.612,1.19886,1.19889,1.50,1.12
2021.06.17 06:07:02.714,1.19887,1.1989,0.75,0.10
2021.06.17 06:07:02.917,1.19886,1.19889,1.50,0.37
2021.06.17 06:07:06.941,1.19885,1.19889,0.75,1.95
2021.06.17 06:07:09.111,1.19881,1.19883,8.11,0.37
2021.06.17 06:07:09.213,1.19881,1.19884,0.75,1.20
2021.06.17 06:07:09.314,1.19881,1.19883,0.75,0.37
2021.06.17 06:07:10.140,1.19881,1.19884,0.75,2.51
2021.06.17 06:07:10.579,1.19881,1.19883,0.75,0.37
2021.06.17 06:07:11.003,1.19881,1.19884,0.75,1.95
2021.06.17 06:07:11.105,1.19883,1.19884,0.75,0.56
2021.06.17 06:07:11.156,1.19883,1.19887,0.75,1.12
2021.06.17 06:07:13.835,1.19881,1.19884,1.50,1.12
2021.06.17 06:07:13.936,1.19881,1.19885,0.75,1.95
2021.06.17 06:07:14.139,1.19883,1.19886,0.75,2.32
2021.06.17 06:07:14.240,1.19881,1.19884,0.75,1.12
2021.06.17 06:07:14.392,1.19881,1.19885,1.50,0.82
2021.06.17 06:07:14.494,1.19883,1.19886,0.75,2.25
2021.06.17 06:07:14.595,1.19883,1.19885,0.75,0.19
2021.06.17 06:07:14.697,1.19883,1.19886,0.75,0.45
2021.06.17 06:07:14.798,1.19883,1.19887,0.75,1.50
2021.06.17 06:07:14.899,1.19882,1.19885,0.75,0.37
2021.06.17 06:07:15.001,1.19882,1.19884,0.75,1.12
2021.06.17 06:07:15.599,1.19882,1.19885,0.75,2.14
2021.06.17 06:07:15.751,1.19882,1.19886,0.75,5.32
2021.06.17 06:07:16.195,1.19881,1.19886,1.50,3.82
2021.06.17 06:07:17.630,1.19882,1.19886,0.75,5.14
2021.06.17 06:07:18.572,1.19883,1.19886,1.50,0.75
2021.06.17 06:07:18.675,1.19885,1.19888,0.75,2.25
2021.06.17 06:07:18.777,1.19885,1.19889,0.75,1.20
2021.06.17 06:07:22.252,1.19888,1.1989,0.75,1.95
2021.06.17 06:07:24.672,1.19887,1.19892,3.52,2.06
2021.06.17 06:07:26.162,1.19887,1.19891,1.50,0.75
2021.06.17 06:07:26.264,1.19885,1.19889,1.50,2.14
2021.06.17 06:07:30.416,1.19881,1.19885,0.37,1.12
2021.06.17 06:07:30.518,1.19883,1.19887,0.75,1.12
2021.06.17 06:07:30.620,1.19885,1.19887,0.75,0.45
2021.06.17 06:07:30.771,1.19885,1.19888,0.75,4.01
2021.06.17 06:07:31.420,1.19885,1.19889,0.75,1.69
2021.06.17 06:07:31.597,1.19883,1.19885,7.36,3.37
2021.06.17 06:07:31.648,1.1988,1.19883,5.86,1.69
2021.06.17 06:07:31.699,1.19878,1.1988,3.75,1.39
2021.06.17 06:07:31.851,1.19879,1.1988,0.75,0.45
2021.06.17 06:07:32.053,1.19877,1.19881,1.50,0.45
2021.06.17 06:07:32.462,1.19879,1.1988,0.75,0.37
2021.06.17 06:07:34.299,1.19875,1.19879,0.75,3.52
2021.06.17 06:07:34.400,1.19874,1.19878,0.75,0.37
2021.06.17 06:07:34.502,1.19873,1.19877,0.75,0.26
2021.06.17 06:07:34.654,1.19873,1.19876,0.75,0.19
2021.06.17 06:07:34.755,1.19873,1.19877,0.75,3.34
2021.06.17 06:07:34.806,1.19871,1.19874,1.50,1.12
2021.06.17 06:07:35.059,1.19871,1.19872,0.75,0.19
2021.06.17 06:07:35.312,1.19866,1.19869,3.75,0.37
2021.06.17 06:07:35.363,1.19869,1.19873,0.75,0.26
2021.06.17 06:07:35.464,1.1987,1.19874,0.75,0.56
2021.06.17 06:07:35.616,1.19871,1.19874,0.75,1.12
2021.06.17 06:07:36.709,1.19872,1.19876,0.75,1.65
2021.06.17 06:07:36.811,1.19872,1.19875,0.75,0.75
2021.06.17 06:07:38.261,1.19872,1.19876,0.75,1.20
2021.06.17 06:07:38.313,1.19874,1.19878,0.75,3.64
2021.06.17 06:07:38.415,1.19875,1.19879,0.75,0.37
2021.06.17 06:07:39.644,1.19877,1.1988,0.75,0.37
2021.06.17 06:07:40.250,1.19877,1.19881,1.50,0.75
2021.06.17 06:07:40.352,1.19877,1.19882,1.50,2.44
2021.06.17 06:07:40.453,1.19878,1.19882,0.75,1.39
2021.06.17 06:07:44.299,1.1988,1.19881,0.75,0.10
2021.06.17 06:07:44.451,1.19879,1.19883,0.75,0.82
2021.06.17 06:07:44.754,1.1988,1.19883,0.75,0.90
2021.06.17 06:07:44.805,1.19876,1.19879,0.75,0.75
2021.06.17 06:07:44.906,1.19874,1.19876,5.11,3.00
2021.06.17 06:07:44.957,1.19871,1.19873,0.75,0.10
2021.06.17 06:07:45.008,1.19869,1.19872,1.69,0.75
2021.06.17 06:07:45.109,1.19868,1.19872,0.75,2.25
2021.06.17 06:07:45.160,1.19866,1.19868,1.50,0.45
2021.06.17 06:07:45.262,1.19864,1.19869,1.50,3.71
2021.06.17 06:07:45.464,1.19864,1.19867,1.50,0.45
2021.06.17 06:07:45.666,1.19864,1.19866,1.50,0.10
2021.06.17 06:07:45.869,1.19865,1.19866,1.50,0.37
2021.06.17 06:07:45.919,1.19864,1.19869,1.50,3.07
2021.06.17 06:07:46.278,1.19865,1.19866,1.57,0.45
2021.06.17 06:07:46.430,1.19866,1.19869,1.50,3.89
2021.06.17 06:07:46.481,1.19867,1.19871,1.50,3.45
2021.06.17 06:07:51.207,1.19867,1.1987,0.75,1.69
2021.06.17 06:07:51.258,1.19865,1.19868,1.50,0.45
2021.06.17 06:07:51.460,1.19865,1.19867,1.57,0.82
2021.06.17 06:07:51.662,1.19864,1.19867,1.57,0.45
2021.06.17 06:07:52.141,1.19864,1.19866,1.57,0.45
2021.06.17 06:07:52.444,1.19863,1.19866,0.75,0.45
2021.06.17 06:07:52.546,1.19865,1.19868,0.75,0.45
2021.06.17 06:07:52.697,1.19865,1.19867,0.75,0.45
2021.06.17 06:07:53.488,1.19866,1.19867,0.75,0.45
2021.06.17 06:07:53.663,1.19866,1.19868,0.75,0.45
2021.06.17 06:07:53.764,1.19865,1.19869,1.50,1.57
2021.06.17 06:07:55.095,1.19866,1.19869,1.50,0.10
2021.06.17 06:07:55.298,1.19866,1.19871,1.50,1.57
2021.06.17 06:07:55.399,1.19865,1.19869,1.50,1.20
2021.06.17 06:07:55.705,1.19865,1.1987,0.75,2.40
2021.06.17 06:07:55.857,1.19866,1.1987,0.75,1.20
2021.06.17 06:07:55.958,1.19867,1.19871,0.75,0.75
2021.06.17 06:07:57.321,1.19867,1.19872,1.50,2.14
2021.06.17 06:07:58.323,1.19868,1.19872,0.82,0.82
2021.06.17 06:07:58.425,1.19869,1.19872,0.75,0.10
2021.06.17 06:07:58.526,1.19869,1.19873,0.75,1.27
2021.06.17 06:07:58.729,1.19869,1.19874,1.50,3.90
2021.06.17 06:07:59.632,1.19869,1.19873,1.50,0.75
2021.06.17 06:08:00.189,1.19869,1.19872,3.26,1.57
2021.06.17 06:08:01.045,1.19869,1.19874,1.50,3.52
2021.06.17 06:08:01.653,1.19869,1.19871,0.75,1.57
2021.06.17 06:08:01.704,1.19868,1.1987,1.50,2.32
2021.06.17 06:08:01.755,1.19865,1.19868,5.11,1.12
2021.06.17 06:08:01.857,1.19864,1.19868,0.75,0.75
2021.06.17 06:08:01.967,1.19864,1.19867,0.75,0.82
2021.06.17 06:08:02.703,1.19864,1.19868,1.50,0.82
2021.06.17 06:08:04.180,1.19864,1.19869,2.62,2.77
2021.06.17 06:08:05.021,1.19864,1.19868,2.62,0.10
2021.06.17 06:08:05.123,1.19862,1.19866,2.25,0.10
2021.06.17 06:08:05.376,1.19861,1.19864,0.75,1.12
2021.06.17 06:08:05.582,1.1986,1.19864,1.76,1.20
2021.06.17 06:08:07.314,1.19863,1.19865,0.75,0.10
2021.06.17 06:08:07.517,1.19863,1.19867,0.75,1.20
2021.06.17 06:08:07.895,1.19863,1.19866,0.37,0.75
2021.06.17 06:08:07.946,1.1986,1.19864,3.07,1.12
2021.06.17 06:08:08.150,1.1986,1.19863,2.25,0.45
2021.06.17 06:08:09.717,1.19861,1.19864,0.75,0.82
2021.06.17 06:08:09.819,1.19862,1.19864,0.37,0.10
2021.06.17 06:08:09.920,1.19862,1.19866,0.37,2.32
2021.06.17 06:08:10.122,1.19862,1.19865,1.12,0.10
2021.06.17 06:08:10.324,1.19863,1.19865,1.12,1.95
2021.06.17 06:08:10.429,1.19861,1.19864,0.75,0.75
2021.06.17 06:08:10.531,1.1986,1.19864,1.50,0.82
2021.06.17 06:08:10.683,1.1986,1.19863,0.75,0.37
2021.06.17 06:08:10.885,1.19859,1.19861,0.94,0.75
2021.06.17 06:08:10.987,1.19857,1.19859,0.75,0.37
2021.06.17 06:08:11.038,1.19855,1.19858,1.57,0.10
2021.06.17 06:08:11.089,1.19852,1.19854,0.75,0.37
2021.06.17 06:08:11.190,1.1985,1.19853,0.75,0.10
2021.06.17 06:08:11.292,1.19849,1.19851,0.75,0.37
2021.06.17 06:08:11.343,1.19847,1.19848,2.44,1.12
2021.06.17 06:08:11.497,1.1985,1.19853,1.50,2.25
2021.06.17 06:08:11.549,1.19853,1.19855,0.56,0.10
2021.06.17 06:08:11.600,1.19855,1.19858,1.95,3.89
2021.06.17 06:08:11.702,1.19857,1.19858,0.75,1.87
2021.06.17 06:08:11.804,1.19858,1.1986,0.75,0.10
2021.06.17 06:08:11.906,1.1986,1.19864,0.75,1.50
2021.06.17 06:08:12.009,1.19861,1.19863,0.75,0.75
2021.06.17 06:08:12.110,1.19861,1.19864,0.75,0.82
2021.06.17 06:08:12.212,1.1986,1.19864,1.12,1.20
2021.06.17 06:08:12.591,1.19862,1.19865,0.37,0.75
2021.06.17 06:08:12.693,1.19862,1.19867,3.64,1.65
2021.06.17 06:08:12.896,1.19863,1.19867,0.75,0.82
2021.06.17 06:08:13.513,1.19865,1.19867,2.06,0.82
2021.06.17 06:08:13.564,1.19866,1.19869,1.95,2.59
2021.06.17 06:08:13.665,1.19867,1.1987,2.32,0.10
2021.06.17 06:08:13.766,1.19868,1.19871,2.32,0.75
2021.06.17 06:08:13.868,1.19868,1.19873,2.62,1.57
2021.06.17 06:08:14.459,1.1987,1.19873,0.37,1.57
2021.06.17 06:08:14.850,1.1987,1.19872,0.37,0.75
2021.06.17 06:08:15.482,1.19869,1.19872,1.12,0.75
2021.06.17 06:08:26.184,1.19868,1.19871,1.57,0.75
2021.06.17 06:08:26.285,1.19869,1.19871,0.37,0.75
2021.06.17 06:08:27.221,1.19869,1.19872,0.37,1.20
2021.06.17 06:08:31.229,1.19869,1.19871,0.37,0.75
2021.06.17 06:08:31.280,1.19867,1.19869,0.37,0.75
2021.06.17 06:08:31.381,1.19866,1.19868,0.37,1.20
2021.06.17 06:08:31.483,1.19866,1.19867,1.39,1.20
2021.06.17 06:08:31.584,1.19865,1.19867,2.89,1.20
2021.06.17 06:08:31.736,1.19865,1.19868,1.39,1.57
2021.06.17 06:08:31.927,1.19865,1.19867,1.39,0.45
2021.06.17 06:08:32.136,1.19865,1.19868,1.01,1.12
2021.06.17 06:08:32.237,1.19865,1.19867,0.75,0.37
2021.06.17 06:08:32.339,1.19865,1.19866,0.19,1.50
2021.06.17 06:08:32.541,1.19862,1.19864,1.50,0.75
2021.06.17 06:08:32.643,1.1986,1.19862,5.86,0.45
2021.06.17 06:08:34.158,1.1986,1.19863,0.75,0.75
2021.06.17 06:08:34.260,1.19859,1.19861,0.75,0.75
2021.06.17 06:08:35.360,1.19858,1.1986,0.37,0.45
2021.06.17 06:08:35.513,1.19858,1.19862,1.39,0.75
2021.06.17 06:08:35.666,1.19858,1.1986,1.39,0.45
2021.06.17 06:08:36.074,1.19858,1.19861,1.76,0.82
2021.06.17 06:08:36.176,1.19859,1.19861,2.89,0.45
2021.06.17 06:08:36.278,1.19859,1.19863,2.51,1.57
2021.06.17 06:08:36.504,1.19859,1.19862,3.64,0.45
2021.06.17 06:08:36.707,1.19859,1.19863,3.26,1.20
2021.06.17 06:08:36.883,1.19859,1.19862,3.26,0.45
2021.06.17 06:08:37.085,1.19859,1.19863,2.51,1.20
2021.06.17 06:08:37.427,1.19862,1.19863,0.75,0.45
2021.06.17 06:08:37.528,1.19864,1.19867,0.75,4.27
2021.06.17 06:08:37.680,1.19865,1.19867,0.37,0.45
2021.06.17 06:08:37.781,1.19864,1.19867,3.64,0.45
2021.06.17 06:08:37.883,1.19865,1.19868,0.75,0.82
2021.06.17 06:08:38.427,1.19864,1.19868,2.81,0.45
2021.06.17 06:08:38.680,1.19864,1.19867,2.89,0.45
2021.06.17 06:08:39.084,1.19864,1.19868,3.64,0.45
2021.06.17 06:08:39.286,1.19864,1.19867,3.64,0.45
2021.06.17 06:08:39.514,1.19864,1.19868,3.64,0.82
2021.06.17 06:08:39.685,1.19864,1.19867,3.64,0.45
2021.06.17 06:08:40.420,1.19864,1.19868,3.64,0.45
2021.06.17 06:08:40.572,1.19864,1.19867,3.64,0.45
2021.06.17 06:08:40.673,1.19866,1.1987,2.25,2.62
2021.06.17 06:08:40.774,1.19866,1.19868,1.12,0.37
2021.06.17 06:08:41.264,1.19865,1.19868,0.94,0.45
2021.06.17 06:08:42.719,1.19865,1.19867,3.19,0.82
2021.06.17 06:08:42.821,1.19865,1.19869,0.75,2.70
2021.06.17 06:08:42.872,1.19865,1.19867,0.75,0.45
2021.06.17 06:08:43.075,1.19865,1.19869,1.69,3.45
2021.06.17 06:08:43.278,1.19865,1.19868,1.69,0.45
2021.06.17 06:08:43.379,1.19865,1.19869,1.69,2.62
2021.06.17 06:08:44.281,1.19865,1.19867,1.50,0.45
2021.06.17 06:08:44.887,1.19865,1.19868,1.87,0.45
2021.06.17 06:08:45.080,1.19865,1.19867,1.87,0.45
2021.06.17 06:08:45.267,1.19865,1.19868,1.87,0.45
2021.06.17 06:08:45.419,1.19866,1.19868,0.75,0.45
2021.06.17 06:08:45.521,1.19866,1.19869,0.75,1.12
2021.06.17 06:08:45.773,1.19866,1.19868,0.75,0.45
2021.06.17 06:08:45.824,1.19862,1.19864,3.19,0.37
2021.06.17 06:08:45.926,1.19863,1.19864,1.50,3.00
2021.06.17 06:08:46.027,1.19862,1.19864,0.75,2.32
2021.06.17 06:08:46.230,1.1986,1.19864,3.00,2.32
2021.06.17 06:08:46.794,1.1986,1.19863,2.25,1.12
2021.06.17 06:08:46.845,1.19857,1.19859,5.11,1.20
2021.06.17 06:08:46.896,1.19854,1.19859,8.11,1.95
2021.06.17 06:08:46.998,1.19854,1.19857,1.50,0.75
2021.06.17 06:08:47.202,1.19854,1.19856,1.50,0.45
2021.06.17 06:08:48.490,1.19851,1.19854,6.61,0.45
2021.06.17 06:08:48.591,1.19849,1.19853,6.61,1.12
2021.06.17 06:08:48.693,1.19849,1.19851,2.25,0.82
2021.06.17 06:08:48.896,1.1985,1.19853,1.50,0.45
2021.06.17 06:08:49.048,1.19851,1.19853,0.75,0.45
2021.06.17 06:08:49.149,1.1985,1.19854,3.45,0.75
2021.06.17 06:08:49.251,1.19852,1.19853,0.75,0.75
2021.06.17 06:08:49.568,1.19853,1.19856,0.75,0.75
2021.06.17 06:08:49.973,1.19852,1.19855,0.82,0.75
2021.06.17 06:08:50.075,1.19849,1.19851,0.75,0.75
2021.06.17 06:08:53.530,1.19847,1.19849,0.75,0.75
2021.06.17 06:08:53.632,1.19846,1.19848,0.75,0.75
2021.06.17 06:08:53.937,1.19848,1.1985,0.37,0.52
2021.06.17 06:08:54.244,1.1985,1.19852,0.75,0.82
2021.06.17 06:08:54.345,1.19852,1.19854,0.75,0.82
2021.06.17 06:08:54.396,1.1985,1.19853,7.36,0.82
2021.06.17 06:08:54.447,1.19852,1.19854,0.75,0.82
2021.06.17 06:08:54.650,1.1985,1.19853,0.82,0.75
2021.06.17 06:08:54.752,1.19848,1.19853,3.07,1.57
2021.06.17 06:08:54.803,1.19848,1.19851,2.32,0.75
2021.06.17 06:08:54.904,1.19842,1.19844,0.19,1.95
2021.06.17 06:08:54.993,1.19839,1.19842,2.25,0.45
2021.06.17 06:08:55.044,1.19836,1.19838,1.12,0.10
2021.06.17 06:08:55.198,1.19834,1.19838,0.75,2.32
2021.06.17 06:08:55.299,1.19835,1.19836,0.75,0.75
2021.06.17 06:08:55.401,1.19834,1.19838,0.75,1.20
2021.06.17 06:08:55.502,1.19836,1.1984,1.57,0.45
2021.06.17 06:08:55.603,1.19837,1.1984,0.75,0.45
2021.06.17 06:08:55.654,1.19835,1.19837,5.11,1.65
2021.06.17 06:08:55.755,1.19833,1.19836,3.45,0.75
2021.06.17 06:08:56.110,1.19833,1.19837,1.57,1.50
2021.06.17 06:08:56.312,1.19834,1.19837,0.75,0.75
2021.06.17 06:08:56.785,1.19833,1.19837,1.12,2.40
2021.06.17 06:08:57.257,1.19832,1.19836,1.12,0.82
2021.06.17 06:08:57.916,1.19832,1.19834,0.75,0.75
2021.06.17 06:08:57.967,1.19827,1.19829,1.50,1.20
2021.06.17 06:08:58.070,1.19827,1.1983,3.00,0.71
2021.06.17 06:08:58.171,1.19829,1.19833,0.75,4.46
2021.06.17 06:08:58.273,1.19831,1.19836,2.70,5.39
2021.06.17 06:08:58.324,1.19833,1.19836,0.75,0.75
2021.06.17 06:08:58.425,1.19833,1.19837,0.75,1.84
2021.06.17 06:08:58.527,1.19832,1.19836,1.12,0.19
2021.06.17 06:08:58.629,1.1983,1.19834,0.75,2.14
2021.06.17 06:08:59.036,1.19828,1.19829,7.43,1.69
2021.06.17 06:08:59.087,1.19823,1.19826,7.87,0.75
2021.06.17 06:08:59.138,1.1982,1.19822,2.62,0.75
2021.06.17 06:08:59.189,1.19822,1.19825,5.11,5.70
2021.06.17 06:08:59.342,1.19824,1.19826,0.75,1.57
2021.06.17 06:08:59.494,1.19824,1.19827,1.50,0.10
2021.06.17 06:09:00.104,1.19826,1.1983,1.50,0.26
2021.06.17 06:09:00.206,1.19829,1.1983,0.75,4.34
2021.06.17 06:09:00.307,1.19828,1.19832,1.12,0.10
2021.06.17 06:09:00.964,1.19827,1.19831,0.75,1.01
2021.06.17 06:09:01.116,1.19829,1.1983,0.75,0.10
2021.06.17 06:09:01.217,1.19829,1.19831,0.75,0.10
2021.06.17 06:09:01.369,1.19828,1.19833,0.75,2.14
2021.06.17 06:09:01.835,1.19828,1.19832,0.75,0.75
2021.06.17 06:09:02.151,1.19828,1.1983,0.75,0.94
2021.06.17 06:09:02.253,1.19829,1.19833,0.82,0.10
2021.06.17 06:09:03.506,1.19828,1.19833,1.50,1.65
2021.06.17 06:09:04.351,1.1983,1.19834,0.82,1.20
2021.06.17 06:09:04.453,1.19829,1.19833,0.75,0.75
2021.06.17 06:09:05.465,1.19831,1.19835,1.50,4.61
2021.06.17 06:09:05.567,1.19833,1.19835,1.57,0.45
2021.06.17 06:09:05.669,1.19833,1.19837,1.57,1.01
2021.06.17 06:09:06.642,1.19831,1.19836,1.50,3.26
2021.06.17 06:09:06.693,1.1983,1.19832,8.93,0.10
2021.06.17 06:09:06.795,1.1983,1.19833,0.75,0.10
2021.06.17 06:09:06.897,1.19832,1.19833,0.75,0.82
2021.06.17 06:09:06.948,1.19829,1.19833,0.75,0.75
2021.06.17 06:09:08.156,1.19826,1.19829,0.56,0.10
2021.06.17 06:09:08.257,1.19824,1.19829,1.57,3.34
2021.06.17 06:09:08.359,1.19824,1.19828,1.50,0.10
2021.06.17 06:09:08.561,1.19824,1.19827,1.50,0.75
2021.06.17 06:09:08.663,1.19824,1.19828,1.50,1.27
2021.06.17 06:09:08.713,1.19823,1.19826,1.50,0.75
2021.06.17 06:09:09.248,1.19817,1.19819,0.37,0.75
2021.06.17 06:09:09.400,1.19816,1.19818,9.00,0.45
2021.06.17 06:09:09.451,1.19818,1.19821,1.01,0.94
2021.06.17 06:09:09.503,1.1982,1.19822,1.01,4.64
2021.06.17 06:09:09.605,1.1982,1.19823,1.57,3.82
2021.06.17 06:09:09.808,1.1982,1.19824,0.82,1.76
2021.06.17 06:09:09.960,1.19821,1.19822,0.75,0.75
2021.06.17 06:09:10.062,1.1982,1.19824,0.75,1.65
2021.06.17 06:09:10.265,1.1982,1.19822,0.75,0.94
2021.06.17 06:09:10.367,1.19818,1.1982,1.57,2.81
2021.06.17 06:09:10.474,1.19805,1.19809,2.44,0.45
2021.06.17 06:09:10.575,1.19806,1.19808,5.86,0.75
2021.06.17 06:09:10.626,1.19804,1.19809,1.57,0.45
2021.06.17 06:09:10.778,1.19804,1.19808,0.75,0.64
2021.06.17 06:09:10.981,1.19806,1.19808,0.75,1.39
2021.06.17 06:09:11.339,1.19805,1.19808,0.75,0.19
2021.06.17 06:09:11.442,1.19806,1.19809,1.39,0.45
2021.06.17 06:09:11.494,1.19808,1.19812,0.37,0.19
2021.06.17 06:09:11.952,1.19807,1.19811,0.75,0.19
2021.06.17 06:09:12.053,1.19808,1.19811,0.75,0.19
2021.06.17 06:09:12.572,1.19808,1.19812,0.75,0.94
2021.06.17 06:09:12.724,1.19808,1.19813,1.87,1.76
2021.06.17 06:09:12.775,1.19812,1.19814,0.75,0.45
2021.06.17 06:09:12.826,1.19812,1.19816,0.75,0.75
2021.06.17 06:09:12.927,1.19814,1.19817,1.50,0.45
2021.06.17 06:09:13.028,1.19813,1.19818,1.57,0.94
2021.06.17 06:09:13.281,1.19814,1.19817,0.75,0.10
2021.06.17 06:09:13.635,1.19814,1.19818,0.75,2.21
2021.06.17 06:09:13.787,1.19812,1.19818,1.57,1.84
2021.06.17 06:09:13.939,1.19812,1.19816,1.95,0.45
2021.06.17 06:09:14.192,1.19813,1.19816,0.37,0.45
2021.06.17 06:09:14.293,1.19814,1.19817,0.75,1.31
2021.06.17 06:09:14.394,1.19814,1.19818,0.75,2.21
2021.06.17 06:09:14.496,1.19812,1.19814,0.75,1.87
2021.06.17 06:09:14.597,1.19811,1.19814,0.75,1.31
2021.06.17 06:09:14.699,1.19809,1.19813,1.50,0.19
2021.06.17 06:09:14.976,1.1981,1.19814,0.10,0.26
2021.06.17 06:09:15.027,1.19812,1.19814,0.10,0.10
2021.06.17 06:09:15.129,1.19813,1.19817,0.75,1.69
2021.06.17 06:09:15.230,1.19812,1.19817,1.57,1.69
2021.06.17 06:09:15.381,1.19814,1.19817,0.75,0.75
2021.06.17 06:09:15.542,1.19812,1.19817,0.82,1.69
2021.06.17 06:09:15.865,1.19813,1.19817,0.75,1.69
2021.06.17 06:09:15.966,1.19812,1.19817,0.82,1.69
2021.06.17 06:09:16.067,1.19814,1.19819,1.57,0.94
2021.06.17 06:09:16.168,1.19813,1.19817,0.75,0.94
2021.06.17 06:09:16.270,1.19812,1.19816,0.82,0.94
2021.06.17 06:09:16.842,1.19814,1.19816,1.50,0.75
2021.06.17 06:09:17.539,1.19814,1.19817,0.75,0.75
2021.06.17 06:09:17.742,1.19814,1.19818,0.75,0.94
2021.06.17 06:09:17.844,1.19815,1.19819,0.75,1.01
2021.06.17 06:09:17.945,1.19816,1.19819,2.51,0.10
2021.06.17 06:09:17.996,1.19817,1.19821,2.32,0.19
2021.06.17 06:09:18.098,1.19818,1.19823,2.32,1.76
2021.06.17 06:09:18.200,1.19819,1.19824,2.32,2.81
2021.06.17 06:09:18.962,1.19817,1.1982,1.50,2.44
2021.06.17 06:09:19.063,1.19814,1.19818,2.62,0.19
2021.06.17 06:09:19.215,1.19815,1.19819,0.75,0.94
2021.06.17 06:09:19.317,1.19815,1.19818,2.32,2.06
2021.06.17 06:09:19.418,1.19817,1.1982,1.50,0.64
2021.06.17 06:09:19.520,1.19819,1.19821,0.75,0.19
2021.06.17 06:09:19.622,1.1982,1.19823,0.75,0.75
2021.06.17 06:09:19.723,1.19819,1.19824,0.82,2.51
2021.06.17 06:09:19.825,1.19819,1.19823,0.75,1.31
2021.06.17 06:09:20.261,1.19818,1.19823,1.50,2.89
2021.06.17 06:09:20.368,1.19818,1.19822,0.75,0.94
2021.06.17 06:09:20.469,1.19818,1.19821,0.75,0.94
2021.06.17 06:09:20.520,1.19815,1.19819,0.82,0.94
2021.06.17 06:09:21.319,1.19817,1.19821,2.25,1.46
2021.06.17 06:09:21.471,1.19818,1.19821,0.75,1.39
2021.06.17 06:09:21.828,1.19819,1.19822,0.75,0.19
2021.06.17 06:09:22.030,1.19817,1.19821,1.50,0.94
2021.06.17 06:09:24.268,1.1982,1.19823,0.75,1.50
2021.06.17 06:09:24.370,1.19823,1.19826,0.75,0.10
2021.06.17 06:09:24.624,1.19825,1.19827,0.75,0.94
2021.06.17 06:09:24.725,1.19824,1.19828,0.75,1.31
2021.06.17 06:09:25.079,1.19824,1.19827,0.75,0.94
2021.06.17 06:09:25.231,1.19823,1.19826,0.75,0.94
2021.06.17 06:09:26.099,1.19823,1.19827,0.75,0.94
2021.06.17 06:09:26.564,1.19823,1.19826,0.75,0.94
2021.06.17 06:09:27.684,1.19823,1.19827,0.75,0.94
2021.06.17 06:09:28.732,1.19823,1.19828,0.75,2.89
2021.06.17 06:09:28.987,1.19823,1.19827,0.75,0.37
2021.06.17 06:09:29.445,1.19823,1.19828,0.75,2.89
2021.06.17 06:09:29.957,1.19826,1.1983,1.57,0.75
2021.06.17 06:09:30.059,1.19827,1.19832,1.57,1.20
2021.06.17 06:09:30.111,1.19829,1.19833,0.75,7.50
2021.06.17 06:09:30.213,1.19829,1.19834,0.75,3.26
2021.06.17 06:09:30.314,1.19829,1.19833,0.75,0.75
2021.06.17 06:09:32.064,1.19827,1.19831,1.87,1.65
2021.06.17 06:09:32.165,1.19825,1.19828,0.75,0.10
2021.06.17 06:09:32.268,1.19827,1.19829,0.75,0.19
2021.06.17 06:09:32.319,1.19828,1.19831,0.75,1.27
2021.06.17 06:09:32.370,1.19825,1.19829,1.87,1.20
2021.06.17 06:09:32.473,1.19824,1.19828,0.75,0.10
2021.06.17 06:09:32.576,1.19824,1.19829,0.82,1.76
2021.06.17 06:09:32.779,1.19826,1.19829,0.75,0.45
2021.06.17 06:09:32.881,1.19825,1.19828,0.75,0.10
2021.06.17 06:09:32.982,1.19824,1.19828,0.75,1.39
2021.06.17 06:09:33.134,1.19825,1.19828,0.75,0.45
2021.06.17 06:09:33.807,1.19824,1.19828,0.75,1.95
2021.06.17 06:09:34.110,1.19824,1.19827,0.75,0.10
2021.06.17 06:09:34.430,1.1982,1.19824,5.93,1.12
2021.06.17 06:09:35.088,1.19825,1.19826,0.75,5.84
2021.06.17 06:09:35.190,1.19824,1.19828,0.75,0.82
2021.06.17 06:09:36.823,1.19824,1.19827,0.75,0.10
2021.06.17 06:09:37.479,1.19824,1.19828,0.75,1.01
2021.06.17 06:09:37.580,1.19823,1.19828,1.01,1.76
2021.06.17 06:09:38.420,1.19823,1.19827,0.19,0.82
2021.06.17 06:09:39.361,1.19821,1.19824,5.11,0.82
2021.06.17 06:09:39.462,1.1982,1.19824,0.75,0.45
2021.06.17 06:09:39.614,1.1982,1.19825,2.32,2.70
2021.06.17 06:09:40.161,1.1982,1.19824,0.82,0.75
2021.06.17 06:09:41.115,1.19821,1.19823,0.75,0.75
2021.06.17 06:09:41.216,1.1982,1.19824,0.75,1.20
2021.06.17 06:09:41.418,1.1982,1.19823,0.75,0.75
2021.06.17 06:09:41.570,1.1982,1.19822,0.82,0.75
2021.06.17 06:09:42.301,1.1982,1.19823,0.75,0.75
2021.06.17 06:09:42.809,1.19819,1.19823,0.75,0.82
2021.06.17 06:09:42.911,1.19818,1.19821,0.75,0.94
2021.06.17 06:09:44.349,1.19818,1.19822,1.12,0.82
2021.06.17 06:09:46.178,1.19819,1.19822,0.37,0.82
2021.06.17 06:09:46.281,1.19821,1.19823,0.75,0.75
2021.06.17 06:09:46.332,1.19822,1.19825,2.25,0.82
2021.06.17 06:09:46.434,1.19822,1.19826,2.25,0.26
2021.06.17 06:09:47.490,1.19824,1.19826,1.87,1.01
2021.06.17 06:09:47.745,1.1982,1.19824,6.31,0.10
2021.06.17 06:09:48.506,1.1982,1.19823,0.19,0.10
2021.06.17 06:09:50.489,1.19819,1.19823,0.75,0.10
2021.06.17 06:09:50.591,1.19822,1.19825,2.25,0.75
2021.06.17 06:09:50.692,1.19823,1.19826,0.37,0.10
2021.06.17 06:09:50.793,1.19822,1.19826,3.37,0.10
2021.06.17 06:09:52.292,1.19821,1.19824,5.11,1.01
2021.06.17 06:09:52.343,1.19818,1.19821,8.25,2.14
2021.06.17 06:09:52.445,1.19816,1.19819,5.11,0.10
2021.06.17 06:09:52.546,1.19816,1.1982,1.50,1.76
2021.06.17 06:09:55.483,1.19817,1.1982,0.75,1.57
2021.06.17 06:09:55.586,1.19818,1.19821,0.75,0.75
2021.06.17 06:09:57.032,1.19819,1.19821,0.75,0.75
2021.06.17 06:09:57.133,1.19818,1.19822,0.75,1.57
2021.06.17 06:09:57.512,1.19819,1.19822,0.37,1.57
2021.06.17 06:09:57.664,1.19818,1.19822,1.50,1.57
2021.06.17 06:09:58.298,1.19817,1.19818,2.25,0.82
2021.06.17 06:09:58.400,1.19814,1.19819,2.62,1.76
2021.06.17 06:09:58.501,1.19816,1.1982,1.50,1.01
2021.06.17 06:09:58.703,1.19817,1.19821,1.57,0.26
2021.06.17 06:09:58.754,1.19818,1.19823,3.19,1.57
2021.06.17 06:09:58.906,1.19819,1.19823,0.37,1.57
2021.06.17 06:09:59.642,1.19818,1.19823,8.86,0.82
2021.06.17 06:09:59.693,1.19818,1.19821,7.36,1.76
2021.06.17 06:09:59.744,1.19813,1.19815,16.05,0.10
2021.06.17 06:09:59.795,1.19808,1.1981,0.75,0.82
2021.06.17 06:09:59.846,1.19806,1.19808,7.36,0.82
2021.06.17 06:09:59.947,1.19805,1.19807,0.75,0.75
2021.06.17 06:10:00.048,1.19805,1.19808,1.12,0.75
2021.06.17 06:10:00.201,1.19805,1.19809,0.94,1.50
2021.06.17 06:10:00.302,1.19807,1.19809,0.19,0.75
2021.06.17 06:10:00.403,1.19806,1.19809,0.19,0.75
2021.06.17 06:10:00.808,1.19807,1.1981,0.19,0.82
2021.06.17 06:10:00.960,1.19806,1.1981,0.94,0.75
2021.06.17 06:10:01.061,1.19804,1.19808,1.69,0.10
2021.06.17 06:10:01.213,1.19805,1.19808,0.94,0.75
2021.06.17 06:10:01.264,1.19806,1.1981,0.75,0.82
2021.06.17 06:10:01.366,1.19808,1.19809,0.37,0.75
2021.06.17 06:10:01.911,1.19807,1.19812,3.19,0.75
2021.06.17 06:10:02.012,1.19808,1.19812,0.37,1.50
2021.06.17 06:10:02.113,1.19807,1.19812,2.25,1.57
2021.06.17 06:10:02.265,1.19807,1.19811,0.37,1.50
2021.06.17 06:10:02.366,1.19806,1.19811,3.19,1.50
2021.06.17 06:10:02.670,1.19804,1.19809,3.19,0.82
2021.06.17 06:10:02.771,1.19804,1.19808,6.79,0.10
2021.06.17 06:10:03.049,1.19802,1.19804,5.11,4.87
2021.06.17 06:10:03.100,1.19796,1.19799,8.32,0.75
2021.06.17 06:10:03.151,1.19799,1.19802,0.75,0.75
2021.06.17 06:10:03.252,1.198,1.19803,1.69,0.75
2021.06.17 06:10:03.354,1.198,1.19804,1.69,0.75
2021.06.17 06:10:03.607,1.19805,1.19808,0.19,5.02
2021.06.17 06:10:03.709,1.19805,1.19809,2.51,0.75
2021.06.17 06:10:03.810,1.19806,1.19809,0.75,0.75
2021.06.17 06:10:03.912,1.19805,1.19808,1.69,0.75
2021.06.17 06:10:04.114,1.19804,1.19808,0.94,0.75
2021.06.17 06:10:04.672,1.19802,1.19807,1.12,2.51
2021.06.17 06:10:04.724,1.19801,1.19805,1.69,0.75
2021.06.17 06:10:04.826,1.19803,1.19807,0.75,1.57
2021.06.17 06:10:06.304,1.19802,1.19805,0.82,2.62
2021.06.17 06:10:06.406,1.19799,1.19804,2.51,1.57
2021.06.17 06:10:06.456,1.19802,1.19806,1.76,1.50
2021.06.17 06:10:06.559,1.19806,1.19807,1.57,0.75
2021.06.17 06:10:06.610,1.19805,1.19809,1.76,0.75
2021.06.17 06:10:06.711,1.19807,1.19809,0.37,0.75
2021.06.17 06:10:06.813,1.19805,1.19808,0.10,1.50
2021.06.17 06:10:06.864,1.19802,1.19806,0.82,1.57
2021.06.17 06:10:06.965,1.19802,1.19805,0.75,0.82
2021.06.17 06:10:07.066,1.19801,1.19805,1.76,0.75
2021.06.17 06:10:07.117,1.19803,1.19807,0.75,0.75
2021.06.17 06:10:08.124,1.19805,1.19809,1.01,0.82
2021.06.17 06:10:10.692,1.19806,1.19809,0.75,0.75
2021.06.17 06:10:11.308,1.19807,1.1981,0.75,0.75
2021.06.17 06:10:11.460,1.19806,1.1981,0.94,0.75
2021.06.17 06:10:11.561,1.19808,1.19812,1.76,0.82
2021.06.17 06:10:11.663,1.1981,1.19813,0.26,0.75
2021.06.17 06:10:12.889,1.19811,1.19813,0.26,0.75
2021.06.17 06:10:14.663,1.19811,1.19814,0.19,1.43
2021.06.17 06:10:14.915,1.1981,1.19814,0.94,1.43
2021.06.17 06:10:15.017,1.19808,1.1981,0.94,0.82
2021.06.17 06:10:15.068,1.19806,1.1981,1.39,1.95
2021.06.17 06:10:15.170,1.19806,1.19809,0.37,0.10
2021.06.17 06:10:15.271,1.19805,1.19809,0.82,0.10
2021.06.17 06:10:17.133,1.19807,1.19809,1.69,3.07
2021.06.17 06:10:17.184,1.19808,1.19811,0.94,1.57
2021.06.17 06:10:17.336,1.19807,1.19811,1.01,0.82
2021.06.17 06:10:17.497,1.19806,1.1981,6.12,0.10
2021.06.17 06:10:18.415,1.19807,1.19811,0.26,2.32
2021.06.17 06:10:20.296,1.19802,1.19805,10.31,0.75
2021.06.17 06:10:20.550,1.19799,1.19803,1.69,1.87
2021.06.17 06:10:21.599,1.19799,1.19804,3.56,1.57
2021.06.17 06:10:21.751,1.198,1.19804,1.87,0.75
2021.06.17 06:10:21.802,1.19801,1.19806,1.50,1.57
2021.06.17 06:10:21.854,1.19803,1.19807,0.75,4.72
2021.06.17 06:10:21.955,1.19804,1.19809,0.75,7.16
2021.06.17 06:10:22.309,1.19805,1.19809,0.94,1.50
2021.06.17 06:10:22.411,1.19805,1.1981,2.44,1.57
2021.06.17 06:10:22.512,1.19806,1.19811,3.75,1.50
2021.06.17 06:10:22.563,1.19808,1.19812,0.75,3.89
2021.06.17 06:10:22.664,1.19808,1.19813,0.75,2.32
2021.06.17 06:10:22.816,1.19809,1.19811,0.75,0.10
2021.06.17 06:10:23.526,1.19807,1.19812,2.25,0.82
2021.06.17 06:10:24.576,1.19808,1.19812,0.37,0.75
2021.06.17 06:10:25.069,1.19807,1.19812,3.37,0.75
2021.06.17 06:10:25.377,1.19808,1.19812,0.75,0.75
2021.06.17 06:10:25.479,1.19805,1.19809,9.23,0.10
2021.06.17 06:10:25.631,1.19804,1.19808,0.75,0.75
2021.06.17 06:10:26.700,1.19802,1.19804,7.73,1.69
2021.06.17 06:10:26.902,1.19802,1.19805,0.37,0.82
2021.06.17 06:10:27.004,1.19802,1.19806,1.12,1.57
2021.06.17 06:10:27.105,1.19803,1.19807,1.12,4.64
2021.06.17 06:10:27.207,1.19804,1.19809,3.75,1.65
2021.06.17 06:10:27.308,1.19805,1.19809,0.75,0.75
2021.06.17 06:10:27.460,1.19805,1.19808,1.50,1.20
2021.06.17 06:10:28.139,1.19804,1.19808,0.75,0.10
2021.06.17 06:10:28.241,1.19804,1.19809,1.12,1.57
2021.06.17 06:10:28.949,1.19804,1.19808,1.87,0.10
2021.06.17 06:10:29.050,1.19804,1.19807,1.12,0.75
2021.06.17 06:10:29.154,1.19804,1.19808,0.75,0.10
2021.06.17 06:10:29.256,1.19804,1.19807,0.75,0.75
2021.06.17 06:10:29.458,1.19804,1.19808,0.75,0.10
2021.06.17 06:10:29.509,1.19803,1.19806,1.87,0.75
2021.06.17 06:10:29.814,1.19802,1.19805,0.75,0.37
2021.06.17 06:10:29.916,1.19801,1.19803,0.75,0.75
2021.06.17 06:10:30.320,1.198,1.19802,0.37,0.75
2021.06.17 06:10:30.579,1.198,1.19801,1.12,0.75
2021.06.17 06:10:30.882,1.198,1.19802,0.75,0.75
2021.06.17 06:10:31.034,1.19799,1.19802,2.44,0.75
2021.06.17 06:10:31.136,1.198,1.19802,0.75,0.75
2021.06.17 06:10:31.449,1.19801,1.19805,1.12,1.95
2021.06.17 06:10:31.551,1.19802,1.19805,0.37,0.10
2021.06.17 06:10:31.652,1.19801,1.19805,0.75,0.10
2021.06.17 06:10:33.721,1.19801,1.19803,0.37,0.75
2021.06.17 06:10:33.823,1.198,1.19802,2.25,0.75
2021.06.17 06:10:34.530,1.19801,1.19803,1.87,0.75
2021.06.17 06:10:34.884,1.198,1.19802,0.75,0.75
2021.06.17 06:10:36.956,1.19799,1.19802,1.12,0.75
2021.06.17 06:10:37.435,1.198,1.19802,1.50,0.75
2021.06.17 06:10:38.194,1.19797,1.198,6.61,0.37
2021.06.17 06:10:38.295,1.19797,1.19801,4.69,0.75
2021.06.17 06:10:38.346,1.19799,1.19802,0.75,0.75
2021.06.17 06:10:38.448,1.198,1.19802,3.56,0.75
2021.06.17 06:10:38.903,1.19804,1.19805,0.56,3.89
2021.06.17 06:10:39.004,1.19804,1.19806,0.75,0.75
2021.06.17 06:10:39.106,1.19803,1.19806,1.31,0.75
2021.06.17 06:10:39.207,1.19805,1.19808,0.75,0.75
2021.06.17 06:10:39.309,1.19806,1.19808,2.25,0.75
2021.06.17 06:10:39.412,1.19808,1.19811,0.75,1.50
2021.06.17 06:10:39.513,1.1981,1.19812,0.75,0.75
2021.06.17 06:10:39.632,1.1981,1.19813,0.75,0.75
2021.06.17 06:10:39.734,1.1981,1.19812,0.75,0.75
2021.06.17 06:10:40.101,1.1981,1.19813,0.75,0.75
2021.06.17 06:10:40.404,1.19813,1.19817,1.50,6.33
2021.06.17 06:10:40.506,1.19812,1.19816,9.86,0.75
2021.06.17 06:10:40.607,1.19814,1.19816,0.75,0.75
2021.06.17 06:10:40.658,1.19815,1.19817,0.75,0.75
2021.06.17 06:10:41.680,1.19814,1.19816,0.10,0.75
2021.06.17 06:10:41.936,1.19814,1.19816,1.20,0.75
2021.06.17 06:10:42.038,1.19812,1.19814,0.75,0.75
2021.06.17 06:10:42.141,1.19811,1.19814,5.86,0.10
2021.06.17 06:10:42.294,1.19811,1.19815,0.75,1.95
2021.06.17 06:10:42.395,1.1981,1.19812,0.10,0.75
2021.06.17 06:10:42.850,1.19813,1.19815,0.75,0.75
2021.06.17 06:10:42.901,1.19816,1.19819,0.10,3.94
2021.06.17 06:10:42.952,1.19815,1.19817,1.20,0.75
2021.06.17 06:10:43.256,1.19819,1.19821,0.10,0.75
2021.06.17 06:10:43.357,1.1982,1.19822,0.10,0.75
2021.06.17 06:10:43.458,1.19819,1.19822,0.45,0.75
2021.06.17 06:10:43.560,1.19818,1.19821,1.12,0.75
2021.06.17 06:10:44.126,1.19818,1.19822,1.57,0.75
2021.06.17 06:10:44.177,1.1982,1.19822,1.57,0.75
2021.06.17 06:10:44.278,1.19821,1.19823,0.37,0.75
2021.06.17 06:10:44.430,1.19821,1.19823,1.20,0.75
2021.06.17 06:10:44.531,1.19821,1.19823,0.37,0.75
2021.06.17 06:10:44.632,1.1982,1.19823,1.20,0.75
2021.06.17 06:10:45.783,1.19825,1.19826,0.37,7.72
2021.06.17 06:10:45.884,1.19825,1.19828,0.45,0.75
2021.06.17 06:10:45.985,1.19825,1.19827,0.10,0.75
2021.06.17 06:10:46.195,1.19824,1.19826,0.37,0.75
2021.06.17 06:10:46.297,1.19823,1.19826,1.20,0.75
2021.06.17 06:10:46.650,1.19824,1.19827,0.37,0.75
2021.06.17 06:10:47.084,1.19823,1.19827,3.07,0.75
2021.06.17 06:10:47.185,1.19823,1.19826,2.32,0.75
2021.06.17 06:10:47.494,1.19823,1.19827,3.07,0.75
2021.06.17 06:10:47.595,1.19824,1.19827,1.50,0.75
2021.06.17 06:10:47.697,1.19826,1.19827,0.10,0.75
2021.06.17 06:10:47.798,1.19824,1.19826,0.37,0.75
2021.06.17 06:10:47.849,1.19821,1.19823,0.82,0.75
2021.06.17 06:10:47.950,1.1982,1.19823,5.93,0.75
2021.06.17 06:10:48.537,1.19819,1.19823,0.75,0.75
2021.06.17 06:10:48.638,1.19818,1.19821,1.95,0.75
2021.06.17 06:10:48.740,1.19819,1.19821,0.75,0.75
2021.06.17 06:10:48.841,1.1982,1.19822,1.76,0.75
2021.06.17 06:10:48.892,1.19821,1.19824,2.70,0.75
2021.06.17 06:10:48.993,1.19821,1.19824,1.57,0.75
2021.06.17 06:10:49.044,1.19825,1.19827,0.10,0.75
2021.06.17 06:10:49.145,1.19825,1.19828,0.82,0.75
2021.06.17 06:10:49.348,1.19828,1.1983,2.06,0.75
2021.06.17 06:10:49.500,1.19828,1.19831,1.95,0.75
2021.06.17 06:10:49.601,1.19826,1.19829,0.82,0.75
2021.06.17 06:10:49.703,1.19824,1.19827,5.86,0.75
2021.06.17 06:10:49.805,1.19826,1.1983,1.50,0.10
2021.06.17 06:10:49.856,1.19827,1.19828,1.20,0.75
2021.06.17 06:10:50.008,1.19829,1.19832,0.37,0.75
2021.06.17 06:10:50.109,1.19828,1.19831,1.20,0.75
2021.06.17 06:10:51.168,1.19828,1.1983,0.75,0.75
2021.06.17 06:10:51.270,1.19825,1.19828,0.45,0.75
2021.06.17 06:10:51.573,1.19825,1.19827,0.10,0.75
2021.06.17 06:10:51.675,1.19824,1.19827,0.10,0.75
2021.06.17 06:10:52.813,1.19825,1.19827,0.75,0.75
2021.06.17 06:10:55.040,1.19824,1.19827,0.82,0.75
2021.06.17 06:10:55.685,1.19824,1.19828,1.20,0.75
2021.06.17 06:10:57.655,1.19823,1.19825,5.11,1.20
2021.06.17 06:10:57.706,1.19821,1.19823,0.37,0.75
2021.06.17 06:10:58.060,1.1982,1.19823,0.82,0.75
2021.06.17 06:10:58.830,1.19819,1.19823,0.75,0.82
2021.06.17 06:10:59.870,1.19822,1.19824,0.37,0.75
2021.06.17 06:10:59.921,1.19822,1.19826,1.95,3.75
2021.06.17 06:11:00.022,1.19823,1.19827,0.75,0.75
2021.06.17 06:11:00.427,1.19824,1.19827,0.10,0.75
2021.06.17 06:11:00.787,1.19825,1.19827,0.10,0.75
2021.06.17 06:11:01.406,1.19823,1.19826,5.86,0.75
2021.06.17 06:11:01.528,1.19824,1.19827,0.10,0.75
2021.06.17 06:11:01.630,1.19826,1.19827,0.10,0.75
2021.06.17 06:11:01.782,1.19826,1.19829,0.82,3.00
2021.06.17 06:11:01.833,1.19826,1.19827,1.20,0.75
2021.06.17 06:11:02.035,1.19826,1.19829,0.10,3.75
2021.06.17 06:11:02.137,1.19825,1.19829,0.82,0.82
2021.06.17 06:11:02.390,1.19826,1.19827,0.10,0.75
2021.06.17 06:11:03.619,1.19826,1.19828,0.10,0.75
2021.06.17 06:11:03.720,1.19826,1.19827,0.82,0.75
2021.06.17 06:11:03.821,1.19826,1.19828,0.10,0.75
2021.06.17 06:11:03.939,1.19825,1.19828,1.57,0.75
2021.06.17 06:11:04.141,1.19826,1.19829,0.10,1.50
2021.06.17 06:11:04.495,1.19826,1.19828,0.10,0.75
2021.06.17 06:11:04.597,1.19825,1.19828,0.45,0.75
2021.06.17 06:11:04.699,1.19826,1.19828,0.10,0.75
2021.06.17 06:11:04.902,1.19825,1.19828,1.39,0.75
2021.06.17 06:11:05.105,1.19826,1.19828,0.10,0.75
2021.06.17 06:11:05.156,1.19826,1.1983,1.20,1.27
2021.06.17 06:11:05.206,1.19826,1.19828,0.10,0.75
2021.06.17 06:11:05.358,1.19825,1.19828,0.82,0.75
2021.06.17 06:11:05.510,1.19824,1.19828,4.57,0.82
2021.06.17 06:11:06.544,1.19825,1.19828,0.10,0.75
2021.06.17 06:11:07.001,1.19826,1.19828,0.10,0.75
2021.06.17 06:11:07.154,1.19825,1.19828,0.82,0.75
2021.06.17 06:11:08.195,1.19824,1.19828,0.82,0.82
2021.06.17 06:11:08.499,1.19826,1.19827,0.10,0.75
2021.06.17 06:11:09.156,1.19824,1.19828,0.82,0.82
2021.06.17 06:11:13.970,1.19823,1.19827,0.10,0.82
2021.06.17 06:11:15.346,1.19822,1.19823,0.45,0.75
2021.06.17 06:11:15.550,1.19822,1.19824,0.75,0.75
2021.06.17 06:11:15.602,1.19822,1.19826,0.82,0.82
2021.06.17 06:11:15.703,1.19823,1.19827,0.82,0.75
2021.06.17 06:11:16.726,1.19822,1.19826,3.82,0.75
2021.06.17 06:11:16.939,1.19821,1.19826,4.57,1.57
2021.06.17 06:11:17.295,1.19821,1.19825,4.31,0.75
2021.06.17 06:11:17.397,1.19822,1.19826,5.14,0.75
2021.06.17 06:11:17.498,1.19823,1.19827,3.75,1.50
2021.06.17 06:11:18.105,1.19821,1.19825,1.12,0.75
2021.06.17 06:11:18.409,1.19819,1.19824,5.70,0.75
2021.06.17 06:11:19.260,1.19818,1.19819,0.75,1.12
2021.06.17 06:11:19.311,1.19816,1.19818,5.86,0.75
2021.06.17 06:11:19.413,1.19815,1.19818,0.19,0.75
2021.06.17 06:11:19.565,1.19813,1.19817,4.95,0.75
2021.06.17 06:11:19.666,1.19813,1.19815,0.37,0.75
2021.06.17 06:11:19.767,1.19814,1.19816,0.75,1.50
2021.06.17 06:11:20.071,1.19812,1.19816,3.56,1.20
2021.06.17 06:11:20.798,1.19812,1.19815,3.64,0.45
2021.06.17 06:11:20.899,1.19812,1.19816,5.14,0.45
2021.06.17 06:11:21.102,1.19812,1.19815,5.14,0.45
2021.06.17 06:11:21.327,1.19812,1.19816,4.39,0.82
2021.06.17 06:11:21.702,1.19811,1.19814,5.11,0.75
2021.06.17 06:11:21.804,1.19809,1.19813,2.06,0.37
2021.06.17 06:11:21.905,1.19809,1.19812,1.50,0.82
2021.06.17 06:11:22.007,1.19807,1.19811,1.12,0.75
2021.06.17 06:11:22.513,1.19809,1.1981,4.39,1.20
2021.06.17 06:11:23.452,1.19807,1.19811,4.31,0.75
2021.06.17 06:11:24.473,1.19808,1.19811,3.37,0.75
2021.06.17 06:11:25.508,1.19807,1.19811,2.14,0.75
2021.06.17 06:11:25.822,1.19804,1.19809,9.31,1.50
2021.06.17 06:11:25.924,1.19805,1.19809,1.95,0.75
2021.06.17 06:11:26.025,1.19806,1.1981,0.19,2.70
2021.06.17 06:11:26.430,1.19805,1.1981,1.39,1.50
2021.06.17 06:11:26.531,1.19804,1.19808,0.75,0.75
2021.06.17 06:11:26.633,1.19803,1.19808,1.69,1.57
2021.06.17 06:11:27.037,1.19804,1.19808,0.75,1.57
2021.06.17 06:11:27.341,1.19803,1.19808,1.50,1.57
2021.06.17 06:11:27.442,1.19803,1.19807,4.50,0.75
2021.06.17 06:11:27.695,1.19803,1.19808,5.81,2.02
2021.06.17 06:11:27.797,1.19804,1.19808,2.14,0.75
2021.06.17 06:11:28.407,1.19803,1.19808,2.89,0.75
2021.06.17 06:11:28.508,1.19804,1.19807,3.00,0.75
2021.06.17 06:11:28.610,1.19803,1.19807,2.06,0.10
2021.06.17 06:11:28.711,1.19798,1.198,12.98,0.75
2021.06.17 06:11:28.762,1.198,1.19803,0.94,1.50
2021.06.17 06:11:28.864,1.19801,1.19804,3.45,1.12
2021.06.17 06:11:28.966,1.19801,1.19805,6.82,0.75
2021.06.17 06:11:29.017,1.19803,1.19806,0.56,1.87
2021.06.17 06:11:29.219,1.19803,1.19805,3.00,1.50
2021.06.17 06:11:29.523,1.19801,1.19804,1.95,1.69
2021.06.17 06:11:29.625,1.19799,1.19802,3.00,0.75
2021.06.17 06:11:29.727,1.19798,1.19802,4.57,0.45
2021.06.17 06:11:29.879,1.19798,1.19803,4.95,2.32
2021.06.17 06:11:30.083,1.19799,1.19801,3.82,0.45
2021.06.17 06:11:30.236,1.19798,1.19803,4.01,2.70
2021.06.17 06:11:32.901,1.19798,1.19802,11.18,0.45
2021.06.17 06:11:33.103,1.19798,1.19803,10.99,1.95
2021.06.17 06:11:33.305,1.19798,1.19802,1.20,0.45
2021.06.17 06:11:33.457,1.19798,1.19803,1.20,1.95
2021.06.17 06:11:33.659,1.19798,1.19802,7.24,0.45
2021.06.17 06:11:33.875,1.19798,1.19803,7.24,2.32
2021.06.17 06:11:34.107,1.19798,1.19801,2.06,0.75
2021.06.17 06:11:34.208,1.19799,1.19802,0.75,0.37
2021.06.17 06:11:34.259,1.19801,1.19805,2.25,6.14
2021.06.17 06:11:34.310,1.19803,1.19805,0.75,4.64
2021.06.17 06:11:34.412,1.19802,1.19806,0.75,0.45
2021.06.17 06:11:34.564,1.19801,1.19805,1.20,0.82
2021.06.17 06:11:34.766,1.198,1.19802,6.31,0.45
2021.06.17 06:11:34.969,1.198,1.19803,0.75,0.82
2021.06.17 06:11:35.190,1.198,1.19802,0.75,0.45
2021.06.17 06:11:35.395,1.19799,1.19803,1.87,0.82
2021.06.17 06:11:35.597,1.19799,1.19802,1.50,0.45
2021.06.17 06:11:35.895,1.19799,1.19803,1.50,0.45
2021.06.17 06:11:36.200,1.19798,1.19801,0.75,2.02
2021.06.17 06:11:36.302,1.19797,1.19801,1.39,0.82
2021.06.17 06:11:36.403,1.19799,1.19802,2.06,0.37
2021.06.17 06:11:36.505,1.19799,1.19803,1.20,0.37
2021.06.17 06:11:36.606,1.19799,1.19802,1.87,0.82
2021.06.17 06:11:36.759,1.19799,1.19801,0.75,0.45
2021.06.17 06:11:37.164,1.19799,1.19802,0.75,0.82
2021.06.17 06:11:37.370,1.19799,1.19801,0.75,0.37
2021.06.17 06:11:37.724,1.19798,1.19801,1.50,0.45
2021.06.17 06:11:40.570,1.19799,1.19801,0.75,0.45
2021.06.17 06:11:41.197,1.19799,1.19802,0.75,0.45
2021.06.17 06:11:42.367,1.19797,1.19799,5.11,0.19
2021.06.17 06:11:42.469,1.19795,1.19799,9.37,0.37
2021.06.17 06:11:42.571,1.19795,1.19798,0.37,0.75
2021.06.17 06:11:42.673,1.19798,1.198,0.37,0.75
2021.06.17 06:11:42.774,1.19799,1.19801,0.37,0.75
2021.06.17 06:11:42.875,1.19799,1.19802,0.37,4.50
2021.06.17 06:11:42.977,1.198,1.19803,0.37,2.25
2021.06.17 06:11:43.381,1.19799,1.19803,0.37,2.25
2021.06.17 06:11:44.387,1.198,1.19803,0.37,2.25
2021.06.17 06:11:44.581,1.19799,1.19803,1.95,0.75
2021.06.17 06:11:44.682,1.198,1.19803,0.45,0.75
2021.06.17 06:11:44.784,1.19802,1.19804,0.37,1.50
2021.06.17 06:11:45.495,1.198,1.19803,5.48,0.75
2021.06.17 06:11:46.189,1.19799,1.19802,0.45,1.95
2021.06.17 06:11:46.394,1.19799,1.19801,0.45,0.45
2021.06.17 06:11:47.455,1.19799,1.19802,0.45,1.95
2021.06.17 06:11:47.507,1.19797,1.19799,5.11,0.82
2021.06.17 06:11:47.609,1.19795,1.19797,0.37,0.37
2021.06.17 06:11:47.712,1.19794,1.19796,7.50,0.19
2021.06.17 06:11:47.763,1.19791,1.19793,0.82,0.75
2021.06.17 06:11:47.864,1.19789,1.19793,0.64,0.94
2021.06.17 06:11:48.168,1.1979,1.19791,0.64,0.45
2021.06.17 06:11:48.337,1.19789,1.19793,0.64,1.39
2021.06.17 06:11:48.388,1.19793,1.19795,0.94,4.34
2021.06.17 06:11:48.490,1.19795,1.19797,0.37,0.75
2021.06.17 06:11:48.591,1.19794,1.19798,0.37,1.95
2021.06.17 06:11:48.692,1.19795,1.19796,0.37,0.75
2021.06.17 06:11:48.946,1.19793,1.19797,0.75,0.94
2021.06.17 06:11:49.249,1.19792,1.19797,1.12,3.94
2021.06.17 06:11:49.605,1.19792,1.19796,0.19,0.75
2021.06.17 06:11:49.921,1.19791,1.19796,4.57,1.50
2021.06.17 06:11:50.022,1.1979,1.19793,0.37,0.75
2021.06.17 06:11:50.124,1.19789,1.19791,0.56,0.75
2021.06.17 06:11:52.505,1.19787,1.19789,6.07,0.75
2021.06.17 06:11:52.556,1.19784,1.19787,6.31,0.94
2021.06.17 06:11:52.607,1.19782,1.19786,2.62,0.75
2021.06.17 06:11:52.708,1.19783,1.19786,0.37,0.75
2021.06.17 06:11:53.011,1.19783,1.19787,0.37,0.94
2021.06.17 06:11:53.213,1.19784,1.19787,0.10,0.45
2021.06.17 06:11:53.416,1.19785,1.19787,0.82,1.84
2021.06.17 06:11:53.721,1.19786,1.1979,2.89,3.82
2021.06.17 06:11:53.822,1.19786,1.19789,0.75,0.75
2021.06.17 06:11:54.075,1.19785,1.19787,1.12,0.75
2021.06.17 06:11:54.126,1.19779,1.19781,8.44,0.19
2021.06.17 06:11:54.177,1.19762,1.19764,0.75,0.75
2021.06.17 06:11:54.227,1.19758,1.1976,0.37,1.50
2021.06.17 06:11:54.279,1.19761,1.19762,2.62,4.46
2021.06.17 06:11:54.381,1.19758,1.1976,1.12,0.75
2021.06.17 06:11:54.433,1.19754,1.19756,0.37,1.50
2021.06.17 06:11:54.483,1.19752,1.19756,0.94,1.69
2021.06.17 06:11:54.535,1.19758,1.1976,0.75,0.45
2021.06.17 06:11:54.586,1.19756,1.19759,0.75,4.27
2021.06.17 06:11:54.637,1.19758,1.19761,0.75,0.19
2021.06.17 06:11:54.740,1.19761,1.19764,0.75,3.19
2021.06.17 06:11:54.791,1.19759,1.19763,0.75,0.10
2021.06.17 06:11:54.842,1.19757,1.19762,2.32,0.10
2021.06.17 06:11:54.944,1.19758,1.19762,3.82,4.57
2021.06.17 06:11:55.045,1.19759,1.19763,0.82,3.07
2021.06.17 06:11:55.147,1.19758,1.19762,0.75,0.45
2021.06.17 06:11:55.250,1.19759,1.19763,0.82,3.00
2021.06.17 06:11:55.352,1.19758,1.19763,0.75,3.45
2021.06.17 06:11:55.455,1.19759,1.19763,0.75,4.27
2021.06.17 06:11:55.710,1.19761,1.19765,0.37,4.72
2021.06.17 06:11:55.915,1.19761,1.19762,0.75,0.19
2021.06.17 06:11:55.966,1.19759,1.19764,0.94,4.20
2021.06.17 06:11:56.068,1.19758,1.19764,1.69,5.47
2021.06.17 06:11:56.277,1.19759,1.19764,0.19,0.82
2021.06.17 06:11:56.736,1.19758,1.19763,1.31,0.10
2021.06.17 06:11:56.909,1.19758,1.19764,2.06,1.27
2021.06.17 06:11:57.010,1.19759,1.19764,0.19,1.27
2021.06.17 06:11:57.263,1.1976,1.19762,0.26,0.75
2021.06.17 06:11:57.415,1.19758,1.1976,1.50,0.45
2021.06.17 06:11:57.466,1.19755,1.19757,0.37,0.75
2021.06.17 06:11:57.568,1.19756,1.19758,0.82,0.94
2021.06.17 06:11:57.619,1.19761,1.19763,0.75,1.50
2021.06.17 06:11:57.670,1.19755,1.1976,0.75,0.75
2021.06.17 06:11:57.771,1.19754,1.19759,8.67,0.82
2021.06.17 06:11:57.822,1.19756,1.19759,0.10,0.75
2021.06.17 06:11:57.873,1.19754,1.19759,2.70,0.75
2021.06.17 06:11:58.025,1.19755,1.19757,1.87,0.75
2021.06.17 06:11:58.127,1.19757,1.19758,0.94,0.75
2021.06.17 06:11:58.228,1.19757,1.19759,0.19,0.75
2021.06.17 06:11:58.632,1.19757,1.1976,0.19,0.75
2021.06.17 06:11:58.734,1.19758,1.19762,0.37,0.75
2021.06.17 06:11:58.835,1.1976,1.19761,0.19,0.75
2021.06.17 06:11:58.987,1.19759,1.19763,0.19,0.75
2021.06.17 06:11:59.088,1.19759,1.19762,0.19,0.75
2021.06.17 06:11:59.189,1.19759,1.19761,2.06,0.75
2021.06.17 06:11:59.290,1.19759,1.19763,0.19,0.82
2021.06.17 06:11:59.493,1.19761,1.19764,0.82,4.01
2021.06.17 06:11:59.645,1.19758,1.19761,5.86,5.32
2021.06.17 06:11:59.696,1.19754,1.19757,0.75,0.19
2021.06.17 06:11:59.798,1.19751,1.19755,0.75,0.94
2021.06.17 06:11:59.848,1.1975,1.19753,5.48,1.01
2021.06.17 06:11:59.950,1.1975,1.19752,1.12,0.37
2021.06.17 06:12:00.001,1.19749,1.19751,0.75,3.64
2021.06.17 06:12:00.103,1.1975,1.19752,0.37,0.45
2021.06.17 06:12:00.306,1.1975,1.19752,0.37,1.09
2021.06.17 06:12:00.613,1.1975,1.19752,0.37,0.75
2021.06.17 06:12:00.664,1.19748,1.19752,0.45,2.21
2021.06.17 06:12:00.766,1.19741,1.19744,7.50,0.10
2021.06.17 06:12:00.970,1.19741,1.19746,9.45,3.19
2021.06.17 06:12:01.072,1.19744,1.19746,0.75,1.69
2021.06.17 06:12:01.123,1.19746,1.19749,0.82,0.45
2021.06.17 06:12:01.226,1.19747,1.19749,0.82,0.45
2021.06.17 06:12:01.329,1.19747,1.19751,1.20,0.19
2021.06.17 06:12:01.584,1.1975,1.19752,0.37,0.75
2021.06.17 06:12:01.837,1.19748,1.19751,0.10,1.69
2021.06.17 06:12:02.532,1.19748,1.1975,0.10,0.45
2021.06.17 06:12:02.684,1.19748,1.19751,0.10,2.14
2021.06.17 06:12:02.836,1.19745,1.1975,1.57,1.69
2021.06.17 06:12:02.938,1.19744,1.19747,0.75,0.19
2021.06.17 06:12:03.028,1.19741,1.19744,5.11,0.82
2021.06.17 06:12:03.079,1.19739,1.19744,1.01,2.14
2021.06.17 06:12:03.180,1.19739,1.19743,0.82,0.82
2021.06.17 06:12:03.283,1.19736,1.19738,5.86,0.37
2021.06.17 06:12:03.334,1.19734,1.19736,0.75,0.37
2021.06.17 06:12:03.436,1.19733,1.19736,0.10,0.75
2021.06.17 06:12:03.538,1.19734,1.19737,0.10,0.45
2021.06.17 06:12:03.639,1.19733,1.19737,0.82,0.45
2021.06.17 06:12:03.741,1.19744,1.19746,0.94,7.57
2021.06.17 06:12:03.793,1.19752,1.19757,0.82,1.50
2021.06.17 06:12:03.844,1.19754,1.19757,0.82,0.75
2021.06.17 06:12:03.946,1.19757,1.19759,0.37,8.25
2021.06.17 06:12:04.047,1.19755,1.19758,0.75,3.37
2021.06.17 06:12:04.149,1.19754,1.19757,1.87,0.19
2021.06.17 06:12:04.352,1.19754,1.19756,1.87,0.37
2021.06.17 06:12:04.505,1.19754,1.19757,1.87,0.75
2021.06.17 06:12:04.556,1.19756,1.1976,0.10,4.64
2021.06.17 06:12:04.607,1.19753,1.19755,1.50,0.94
2021.06.17 06:12:04.710,1.19746,1.19749,0.75,0.10
2021.06.17 06:12:04.812,1.19742,1.19745,5.18,0.75
2021.06.17 06:12:04.913,1.19743,1.19745,0.10,0.19
2021.06.17 06:12:04.964,1.19743,1.19748,2.25,0.75
2021.06.17 06:12:05.015,1.19745,1.19748,0.10,0.75
2021.06.17 06:12:05.167,1.19746,1.1975,0.10,1.20
2021.06.17 06:12:05.319,1.19746,1.19751,1.57,2.44
2021.06.17 06:12:05.572,1.1974,1.19748,14.92,1.01
2021.06.17 06:12:05.674,1.19741,1.19744,5.11,0.82
2021.06.17 06:12:05.725,1.19744,1.19746,0.19,1.69
2021.06.17 06:12:05.777,1.19746,1.19748,1.57,3.89
2021.06.17 06:12:05.878,1.19745,1.19748,1.69,2.25
2021.06.17 06:12:05.980,1.19745,1.19748,1.50,1.01
2021.06.17 06:12:06.082,1.19745,1.19747,0.75,0.19
2021.06.17 06:12:06.183,1.19744,1.19746,0.75,0.19
2021.06.17 06:12:06.285,1.19744,1.19748,0.75,0.10
2021.06.17 06:12:06.387,1.19744,1.19749,0.75,1.76
2021.06.17 06:12:06.590,1.19744,1.19748,0.75,0.10
2021.06.17 06:12:06.743,1.19746,1.19748,0.82,0.10
2021.06.17 06:12:06.795,1.19748,1.19751,0.19,0.94
2021.06.17 06:12:06.898,1.19747,1.19753,1.87,1.69
2021.06.17 06:12:06.949,1.1975,1.19752,0.19,0.75
2021.06.17 06:12:07.001,1.19752,1.19756,1.87,5.39
2021.06.17 06:12:07.103,1.19754,1.19758,0.75,0.82
2021.06.17 06:12:07.204,1.19757,1.19759,0.75,1.50
2021.06.17 06:12:07.306,1.19757,1.19762,1.50,2.06
2021.06.17 06:12:07.357,1.19754,1.19758,7.54,0.19
2021.06.17 06:12:07.458,1.19753,1.19758,1.95,0.75
2021.06.17 06:12:07.937,1.19755,1.1976,0.45,0.82
2021.06.17 06:12:08.040,1.19756,1.19761,0.82,0.94
2021.06.17 06:12:08.143,1.19756,1.1976,1.57,0.19
2021.06.17 06:12:08.245,1.19754,1.19759,6.98,1.76
2021.06.17 06:12:08.549,1.19758,1.1976,0.82,0.75
2021.06.17 06:12:08.651,1.19756,1.19761,1.57,2.51
2021.06.17 06:12:08.753,1.19756,1.1976,0.82,0.75
2021.06.17 06:12:09.007,1.19757,1.1976,0.10,0.75
2021.06.17 06:12:09.057,1.19761,1.19765,1.95,4.08
2021.06.17 06:12:09.108,1.19763,1.19765,0.82,4.08
2021.06.17 06:12:09.159,1.19763,1.19768,1.20,0.75
2021.06.17 06:12:09.260,1.19766,1.1977,1.87,0.45
2021.06.17 06:12:09.362,1.19765,1.1977,0.75,0.26
2021.06.17 06:12:09.919,1.19765,1.19769,0.75,0.19
2021.06.17 06:12:10.021,1.19763,1.19769,0.82,1.01
2021.06.17 06:12:10.122,1.19763,1.19768,0.75,1.01
2021.06.17 06:12:10.984,1.19762,1.19767,0.82,0.94
2021.06.17 06:12:11.085,1.19764,1.19769,0.82,0.82
2021.06.17 06:12:11.187,1.19764,1.1977,1.20,0.64
2021.06.17 06:12:11.648,1.19764,1.19768,1.27,0.75
2021.06.17 06:12:12.106,1.19764,1.1977,1.27,0.26
2021.06.17 06:12:12.626,1.19763,1.19768,1.57,0.75
2021.06.17 06:12:12.728,1.19762,1.19764,5.11,0.26
2021.06.17 06:12:12.779,1.1976,1.19764,0.10,0.26
2021.06.17 06:12:12.881,1.19759,1.19764,0.19,0.34
2021.06.17 06:12:12.985,1.19758,1.19763,4.95,0.19
2021.06.17 06:12:13.654,1.19761,1.19765,1.01,1.50
2021.06.17 06:12:13.756,1.19769,1.19771,8.17,8.44
2021.06.17 06:12:13.807,1.1977,1.19774,1.57,4.64
2021.06.17 06:12:13.858,1.19774,1.19776,0.75,0.94
2021.06.17 06:12:13.909,1.19772,1.19776,2.51,0.75
2021.06.17 06:12:13.959,1.19772,1.19774,0.19,0.75
2021.06.17 06:12:14.010,1.1977,1.19776,1.76,0.94
2021.06.17 06:12:14.112,1.19771,1.19774,5.93,1.87
2021.06.17 06:12:14.163,1.19768,1.19772,0.10,0.75
2021.06.17 06:12:14.264,1.19769,1.19773,0.82,0.75
2021.06.17 06:12:14.468,1.19771,1.19773,0.10,0.75
2021.06.17 06:12:14.519,1.19776,1.19778,0.75,3.00
2021.06.17 06:12:14.620,1.19775,1.19777,0.75,0.10
2021.06.17 06:12:14.722,1.19774,1.19777,0.82,0.10
2021.06.17 06:12:14.824,1.19774,1.19776,0.75,0.10
2021.06.17 06:12:15.027,1.19773,1.19775,0.45,0.75
2021.06.17 06:12:15.129,1.19774,1.19777,0.82,0.75
2021.06.17 06:12:15.637,1.19774,1.19777,0.82,0.75
2021.06.17 06:12:15.739,1.19774,1.19777,0.82,0.75
2021.06.17 06:12:16.093,1.19776,1.19778,0.26,0.75
2021.06.17 06:12:16.548,1.19777,1.19779,2.70,0.75
2021.06.17 06:12:16.751,1.19776,1.19779,1.76,0.75
2021.06.17 06:12:16.852,1.19775,1.19777,0.10,0.75
2021.06.17 06:12:17.156,1.19774,1.19777,1.01,0.75
2021.06.17 06:12:17.486,1.19775,1.19777,0.26,0.75
2021.06.17 06:12:18.386,1.19776,1.19779,2.25,0.75
2021.06.17 06:12:18.488,1.19779,1.19781,0.26,0.75
2021.06.17 06:12:19.475,1.1978,1.19782,0.10,0.75
2021.06.17 06:12:19.626,1.19779,1.19782,0.10,0.75
2021.06.17 06:12:19.787,1.19783,1.19785,1.01,1.50
2021.06.17 06:12:19.889,1.19783,1.19786,0.10,0.75
2021.06.17 06:12:19.990,1.19784,1.19787,0.10,0.75
2021.06.17 06:12:21.346,1.19784,1.19788,0.26,0.75
2021.06.17 06:12:21.397,1.19788,1.1979,0.75,0.75
2021.06.17 06:12:21.449,1.19789,1.19792,1.87,4.64
2021.06.17 06:12:21.500,1.19792,1.19793,1.76,0.75
2021.06.17 06:12:21.551,1.19789,1.19793,1.95,0.75
2021.06.17 06:12:21.654,1.19788,1.19791,0.75,0.75
2021.06.17 06:12:21.705,1.19785,1.19787,5.29,0.10
2021.06.17 06:12:21.806,1.19782,1.19786,12.45,0.75
2021.06.17 06:12:21.908,1.19784,1.19785,0.75,0.75
2021.06.17 06:12:22.009,1.19782,1.19786,4.95,0.75
2021.06.17 06:12:22.211,1.19783,1.19786,0.10,0.75
2021.06.17 06:12:22.683,1.19783,1.19787,0.10,0.75
2021.06.17 06:12:23.846,1.19783,1.19786,0.10,0.75
2021.06.17 06:12:23.897,1.19782,1.19784,1.50,0.19
2021.06.17 06:12:23.948,1.1978,1.19783,5.11,0.75
2021.06.17 06:12:24.051,1.19779,1.19783,0.19,0.90
2021.06.17 06:12:24.407,1.19778,1.19783,4.76,0.82
2021.06.17 06:12:25.153,1.1978,1.19783,0.10,0.75
2021.06.17 06:12:25.254,1.19783,1.19784,0.10,3.00
2021.06.17 06:12:25.305,1.19783,1.19787,0.26,3.00
2021.06.17 06:12:25.407,1.19784,1.19788,4.20,0.75
2021.06.17 06:12:25.884,1.19783,1.19788,5.51,0.82
2021.06.17 06:12:26.086,1.19784,1.19786,0.82,0.75
2021.06.17 06:12:26.188,1.19782,1.19786,1.01,0.75
2021.06.17 06:12:26.289,1.19783,1.19787,0.10,0.75
2021.06.17 06:12:27.388,1.19784,1.19787,0.10,0.75
2021.06.17 06:12:27.490,1.19784,1.19788,0.10,1.50
2021.06.17 06:12:27.794,1.19787,1.19791,1.20,8.02
2021.06.17 06:12:27.896,1.19788,1.19792,0.10,0.75
2021.06.17 06:12:32.157,1.19788,1.19791,0.82,0.19
2021.06.17 06:12:32.208,1.19786,1.1979,4.20,0.19
2021.06.17 06:12:32.259,1.19785,1.19788,5.11,1.01
2021.06.17 06:12:32.360,1.19783,1.19788,1.57,4.01
2021.06.17 06:12:32.461,1.19783,1.19787,0.82,0.75
2021.06.17 06:12:32.613,1.19794,1.19795,0.82,7.12
2021.06.17 06:12:32.664,1.19791,1.19795,0.37,0.75
2021.06.17 06:12:32.715,1.19796,1.19799,0.26,1.20
2021.06.17 06:12:32.817,1.19798,1.198,0.75,0.94
2021.06.17 06:12:32.918,1.19796,1.19799,0.75,0.75
2021.06.17 06:12:33.024,1.19796,1.198,0.82,1.12
2021.06.17 06:12:33.126,1.19796,1.19799,0.10,0.75
2021.06.17 06:12:33.228,1.19796,1.19801,0.82,0.94
2021.06.17 06:12:33.380,1.19798,1.19801,0.10,0.82
2021.06.17 06:12:33.583,1.19798,1.19802,0.82,0.19
2021.06.17 06:12:33.684,1.19798,1.19803,1.01,0.94
2021.06.17 06:12:33.887,1.19798,1.19802,0.82,2.44
2021.06.17 06:12:34.195,1.19798,1.19803,0.82,2.44
2021.06.17 06:12:34.296,1.19799,1.19803,3.94,0.19
2021.06.17 06:12:34.680,1.19799,1.19804,0.94,0.94
2021.06.17 06:12:35.860,1.198,1.19804,1.69,0.75
2021.06.17 06:12:35.962,1.19803,1.19808,1.12,4.91
2021.06.17 06:12:36.064,1.19804,1.19808,0.82,0.75
2021.06.17 06:12:37.129,1.19804,1.19809,1.57,0.75
2021.06.17 06:12:37.448,1.19807,1.19811,1.01,0.75
2021.06.17 06:12:37.549,1.19806,1.1981,1.01,0.19
2021.06.17 06:12:38.005,1.19808,1.1981,0.82,1.50
2021.06.17 06:12:38.157,1.19805,1.19808,0.75,0.75
2021.06.17 06:12:38.613,1.19804,1.19808,0.26,0.75
2021.06.17 06:12:39.043,1.19803,1.19808,4.57,1.69
2021.06.17 06:12:39.144,1.19803,1.19807,0.10,0.75
2021.06.17 06:12:39.296,1.19805,1.19809,0.10,2.14
2021.06.17 06:12:39.449,1.19807,1.1981,0.75,0.75
2021.06.17 06:12:39.550,1.19809,1.19812,0.75,0.19
2021.06.17 06:12:39.652,1.19809,1.19813,0.82,0.94
2021.06.17 06:12:39.754,1.19811,1.19815,1.57,0.45
2021.06.17 06:12:39.856,1.1981,1.19814,0.10,0.75
2021.06.17 06:12:40.074,1.1981,1.19813,1.57,0.75
2021.06.17 06:12:40.175,1.19809,1.19813,0.82,0.75
2021.06.17 06:12:40.277,1.19808,1.19813,0.82,1.12
2021.06.17 06:12:40.378,1.19809,1.19813,0.10,0.75
2021.06.17 06:12:40.479,1.19808,1.19813,0.82,1.12
2021.06.17 06:12:40.682,1.19809,1.19811,0.82,0.19
2021.06.17 06:12:40.784,1.19809,1.19813,0.10,0.75
2021.06.17 06:12:41.600,1.19808,1.19812,0.75,0.94
2021.06.17 06:12:41.702,1.19807,1.19811,0.10,0.75
2021.06.17 06:12:42.218,1.19806,1.1981,0.75,0.94
2021.06.17 06:12:42.320,1.19803,1.19806,0.75,0.75
2021.06.17 06:12:42.422,1.198,1.19804,0.10,0.75
2021.06.17 06:12:42.624,1.198,1.19803,0.82,0.94
2021.06.17 06:12:42.727,1.19799,1.19803,0.82,0.19
2021.06.17 06:12:42.982,1.198,1.19804,1.01,0.75
2021.06.17 06:12:44.073,1.19799,1.19803,0.10,0.19
2021.06.17 06:12:44.175,1.19798,1.19804,4.57,5.51
2021.06.17 06:12:44.226,1.19798,1.19801,0.75,0.94
2021.06.17 06:12:44.327,1.19801,1.19803,1.50,0.75
2021.06.17 06:12:44.378,1.19803,1.19805,1.01,0.75
2021.06.17 06:12:44.429,1.19804,1.19808,0.10,12.14
2021.06.17 06:12:44.784,1.19803,1.19808,1.01,0.75
2021.06.17 06:12:45.087,1.19803,1.19807,0.10,0.75
2021.06.17 06:12:45.189,1.19801,1.19803,1.46,0.75
2021.06.17 06:12:46.236,1.198,1.19803,0.75,0.75
2021.06.17 06:12:46.287,1.19798,1.198,0.10,0.19
2021.06.17 06:12:46.338,1.19795,1.19797,5.11,0.10
2021.06.17 06:12:46.389,1.19794,1.19795,8.25,2.51
2021.06.17 06:12:46.490,1.1979,1.19793,0.75,0.75
2021.06.17 06:12:46.642,1.19793,1.19796,0.82,3.00
2021.06.17 06:12:46.744,1.19795,1.19798,0.82,3.89
2021.06.17 06:12:46.845,1.19795,1.19799,0.75,0.75
2021.06.17 06:12:47.099,1.19798,1.19802,0.82,0.75
2021.06.17 06:12:47.200,1.19798,1.19803,1.95,0.75
2021.06.17 06:12:47.453,1.19799,1.19804,0.82,0.94
2021.06.17 06:12:47.807,1.19799,1.19803,0.82,0.94
2021.06.17 06:12:49.617,1.198,1.19803,1.57,0.94
2021.06.17 06:12:49.669,1.19803,1.19807,0.75,4.64
2021.06.17 06:12:49.770,1.19805,1.19808,0.10,0.75
2021.06.17 06:12:49.872,1.19805,1.19809,0.26,0.75
2021.06.17 06:12:50.496,1.19804,1.19809,1.01,0.94
2021.06.17 06:12:50.598,1.19804,1.19808,0.82,0.75
2021.06.17 06:12:50.852,1.19805,1.19808,0.10,0.75
2021.06.17 06:12:50.954,1.19804,1.19808,1.20,0.75
2021.06.17 06:12:51.311,1.19803,1.19807,0.10,0.75
2021.06.17 06:12:51.768,1.19804,1.19806,1.20,0.19
2021.06.17 06:12:51.869,1.198,1.19804,3.37,0.82
2021.06.17 06:12:51.920,1.19801,1.19806,3.82,2.51
2021.06.17 06:12:51.971,1.19803,1.19807,0.82,4.01
2021.06.17 06:12:52.073,1.19804,1.19808,0.10,0.75
2021.06.17 06:12:52.174,1.19806,1.19808,1.20,0.75
2021.06.17 06:12:52.327,1.198,1.19802,5.11,1.50
2021.06.17 06:12:52.378,1.19797,1.19799,1.20,1.50
2021.06.17 06:12:52.480,1.19795,1.19797,0.75,1.57
2021.06.17 06:12:52.582,1.19793,1.19798,0.82,1.76
2021.06.17 06:12:53.659,1.19794,1.19798,1.27,1.50
2021.06.17 06:12:53.760,1.19797,1.19801,0.56,0.75
2021.06.17 06:12:53.862,1.198,1.19802,0.10,1.50
2021.06.17 06:12:53.913,1.19797,1.198,0.75,0.94
2021.06.17 06:12:53.964,1.19794,1.19798,0.37,1.50
2021.06.17 06:12:54.069,1.19793,1.19797,0.10,0.75
2021.06.17 06:12:54.121,1.19792,1.19794,1.20,7.61
2021.06.17 06:12:54.173,1.19788,1.19791,9.00,1.50
2021.06.17 06:12:54.224,1.19787,1.19789,5.11,0.82
2021.06.17 06:12:54.275,1.19785,1.19788,0.75,0.82
2021.06.17 06:12:54.376,1.19784,1.19788,0.75,0.82
2021.06.17 06:12:54.427,1.19781,1.19786,6.38,1.57
2021.06.17 06:12:54.478,1.1978,1.19782,0.37,0.75
2021.06.17 06:12:54.529,1.19782,1.19784,0.82,1.50
2021.06.17 06:12:54.580,1.19779,1.19784,1.09,1.76
2021.06.17 06:12:54.732,1.19779,1.19782,1.20,0.19
2021.06.17 06:12:54.834,1.19777,1.19782,0.82,1.76
2021.06.17 06:12:54.935,1.19779,1.19781,1.27,0.94
2021.06.17 06:12:54.986,1.19776,1.19777,5.11,0.75
2021.06.17 06:12:55.088,1.19773,1.19778,2.02,1.57
2021.06.17 06:12:55.290,1.1977,1.19774,6.76,1.50
2021.06.17 06:12:55.442,1.1977,1.19773,1.20,0.75
2021.06.17 06:12:55.494,1.19768,1.19773,2.02,1.57
2021.06.17 06:12:55.949,1.19774,1.19776,0.19,0.19
2021.06.17 06:12:56.000,1.19783,1.19786,0.94,3.37
2021.06.17 06:12:56.102,1.19787,1.19789,0.19,1.50
2021.06.17 06:12:56.153,1.19794,1.19796,0.75,0.75
2021.06.17 06:12:56.254,1.19795,1.19797,0.94,0.75
2021.06.17 06:12:56.305,1.19795,1.198,2.44,0.75
2021.06.17 06:12:56.407,1.19798,1.19802,0.75,7.50
2021.06.17 06:12:56.508,1.19798,1.19803,0.94,1.50
2021.06.17 06:12:56.609,1.19799,1.19803,1.20,1.50
2021.06.17 06:12:56.812,1.19798,1.19803,2.51,1.50
2021.06.17 06:12:57.014,1.198,1.19803,1.20,1.50
2021.06.17 06:12:57.267,1.19801,1.19805,0.82,0.94
2021.06.17 06:12:57.368,1.19802,1.19807,0.75,1.69
2021.06.17 06:12:57.688,1.19805,1.19809,0.10,1.50
2021.06.17 06:12:57.789,1.19804,1.19809,0.26,1.69
2021.06.17 06:12:58.194,1.19804,1.19808,0.82,0.75
2021.06.17 06:13:00.075,1.19804,1.19807,0.10,0.19
2021.06.17 06:13:00.176,1.19803,1.19805,2.14,0.94
2021.06.17 06:13:00.227,1.19802,1.19804,1.20,0.82
2021.06.17 06:13:00.379,1.198,1.19804,1.27,0.75
2021.06.17 06:13:01.129,1.19802,1.19805,0.64,0.75
2021.06.17 06:13:01.180,1.19803,1.19808,0.82,1.76
