2014.04.18 20:00:00.391,1.3812,1.38125,1.00,1.00
2014.04.18 20:00:01.684,1.3812,1.38125,1.00,1.00
2014.04.18 20:00:03.692,1.3812,1.38127,1.38,1.00
2014.04.18 20:01:23.494,1.3812,1.38125,1.00,2.44
2014.04.18 20:01:24.720,1.3812,1.38127,1.38,2.25
2014.04.18 20:01:53.370,1.3812,1.38125,1.00,2.44
2014.04.18 20:01:53.891,1.3812,1.38126,1.38,1.00
2014.04.18 20:03:11.688,1.3812,1.38125,1.00,1.50
2014.04.18 20:04:29.311,1.3812,1.38126,1.25,1.00
2014.04.18 20:05:01.201,1.3812,1.38126,1.00,2.44
2014.04.18 20:05:07.500,1.3812,1.38126,1.00,1.50
2014.04.18 20:05:14.839,1.3812,1.38126,1.25,2.44
2014.04.18 20:05:16.030,1.3812,1.38126,1.69,2.44
2014.04.18 20:05:16.592,1.3812,1.38126,1.00,2.44
2014.04.18 20:05:17.243,1.3812,1.38126,1.25,1.50
2014.04.18 20:05:17.754,1.3812,1.38126,1.00,1.69
2014.04.18 20:05:18.624,1.3812,1.38126,1.00,2.44
2014.04.18 20:05:30.134,1.3812,1.38126,1.25,1.00
2014.04.18 20:05:39.306,1.3812,1.38126,1.19,1.00
2014.04.18 20:05:40.202,1.3812,1.38126,1.25,1.00
2014.04.18 20:05:57.564,1.38123,1.38126,1.19,1.00
2014.04.18 20:05:59.765,1.38124,1.38126,1.19,1.00
2014.04.18 20:06:04.487,1.38123,1.38126,1.19,1.00
2014.04.18 20:06:09.183,1.3812,1.38126,1.00,1.00
2014.04.18 20:06:10.503,1.3812,1.38126,1.69,1.00
2014.04.18 20:06:17.533,1.38121,1.38126,1.19,1.00
2014.04.18 20:06:18.094,1.38122,1.38126,1.19,1.00
2014.04.18 20:06:19.299,1.38124,1.38126,1.19,1.00
2014.04.18 20:06:27.231,1.3812,1.38126,1.00,1.00
2014.04.18 20:06:27.764,1.3812,1.38126,1.19,1.00
2014.04.18 20:06:30.327,1.38122,1.38126,1.19,1.00
2014.04.18 20:06:37.743,1.38121,1.38126,1.19,1.00
2014.04.18 20:06:39.748,1.38122,1.38126,1.19,1.00
2014.04.18 20:06:40.479,1.3812,1.38126,1.19,1.00
2014.04.18 20:06:43.625,1.3812,1.38127,1.19,1.00
2014.04.18 20:06:47.367,1.3812,1.38127,1.19,1.00
2014.04.18 20:06:49.205,1.3812,1.38127,1.00,1.00
2014.04.18 20:06:51.528,1.38121,1.38127,1.19,1.00
2014.04.18 20:06:51.582,1.38121,1.38127,2.44,1.00
2014.04.18 20:06:54.394,1.3812,1.38127,1.25,1.00
2014.04.18 20:07:17.357,1.3812,1.38127,1.19,1.00
2014.04.18 20:07:18.021,1.3812,1.38127,1.00,1.00
2014.04.18 20:07:29.477,1.38122,1.38127,1.19,1.00
2014.04.18 20:07:32.244,1.3812,1.38127,1.00,1.00
2014.04.18 20:08:27.276,1.3812,1.38127,1.00,1.69
2014.04.18 20:08:28.564,1.3812,1.38127,1.00,1.00
2014.04.18 20:08:50.113,1.3812,1.38127,1.00,1.69
2014.04.18 20:08:50.205,1.3812,1.38127,1.00,1.00
2014.04.18 20:08:54.539,1.3812,1.38127,1.69,1.00
2014.04.18 20:08:55.199,1.3812,1.38127,1.00,1.00
2014.04.18 20:09:16.606,1.38119,1.38127,2.82,1.00
2014.04.18 20:09:17.199,1.3812,1.38127,1.25,1.00
2014.04.18 20:09:26.229,1.3812,1.38127,1.19,1.50
2014.04.18 20:09:26.730,1.3812,1.38127,1.25,1.50
2014.04.18 20:09:39.469,1.38122,1.38127,1.19,1.50
2014.04.18 20:09:40.010,1.38121,1.38127,1.19,1.50
2014.04.18 20:09:41.990,1.38123,1.38127,1.25,1.00
2014.04.18 20:09:50.187,1.3812,1.38127,1.25,1.00
2014.04.18 20:09:50.756,1.3812,1.38127,1.69,1.00
2014.04.18 20:09:51.392,1.38121,1.38127,1.19,1.00
2014.04.18 20:10:01.642,1.38124,1.38127,1.19,1.00
2014.04.18 20:10:01.743,1.38121,1.38127,1.19,1.00
2014.04.18 20:10:09.670,1.3812,1.38127,1.69,1.00
2014.04.18 20:10:14.252,1.38121,1.38127,1.19,1.00
2014.04.18 20:10:14.520,1.38123,1.38127,1.19,1.00
2014.04.18 20:10:17.555,1.3812,1.38127,1.69,1.69
2014.04.18 20:10:17.656,1.38124,1.38127,1.19,1.00
2014.04.18 20:10:17.756,1.38123,1.38127,1.19,1.00
2014.04.18 20:10:18.376,1.38123,1.38127,1.25,1.00
2014.04.18 20:10:27.205,1.3812,1.38127,1.00,1.00
2014.04.18 20:10:30.391,1.3812,1.38127,1.19,1.00
2014.04.18 20:10:35.036,1.38122,1.38127,1.19,1.00
2014.04.18 20:10:40.229,1.3812,1.38127,1.00,1.00
2014.04.18 20:10:44.262,1.3812,1.38127,1.69,1.00
2014.04.18 20:10:45.478,1.38121,1.38127,1.19,1.00
2014.04.18 20:10:57.966,1.38121,1.38127,1.19,1.00
2014.04.18 20:11:02.620,1.3812,1.38127,1.00,1.00
2014.04.18 20:11:02.722,1.3812,1.38127,1.69,1.00
2014.04.18 20:11:07.206,1.3812,1.38127,1.25,1.00
2014.04.18 20:11:12.695,1.3812,1.38127,1.69,1.00
2014.04.18 20:11:17.022,1.38121,1.38127,1.19,1.00
2014.04.18 20:11:17.124,1.3812,1.38127,1.69,1.00
2014.04.18 20:11:34.183,1.3812,1.38127,1.00,1.00
2014.04.18 20:11:34.284,1.38121,1.38127,1.19,1.00
2014.04.18 20:11:44.868,1.3812,1.38127,1.19,1.00
2014.04.18 20:11:54.201,1.3812,1.38127,1.00,1.00
2014.04.18 20:11:55.259,1.38123,1.38127,1.19,1.00
2014.04.18 20:11:56.404,1.38122,1.38127,1.19,1.00
2014.04.18 20:11:57.914,1.3812,1.38127,1.19,1.00
2014.04.18 20:11:59.048,1.3812,1.38126,1.00,1.19
2014.04.18 20:11:59.109,1.3812,1.38127,1.25,1.00
2014.04.18 20:12:00.410,1.38121,1.38127,1.19,1.00
2014.04.18 20:12:08.241,1.3812,1.38127,1.25,1.00
2014.04.18 20:12:09.455,1.3812,1.38127,1.19,1.00
2014.04.18 20:12:18.085,1.38123,1.38127,1.19,1.00
2014.04.18 20:12:25.264,1.3812,1.38127,1.69,1.00
2014.04.18 20:12:45.604,1.38122,1.38127,1.19,1.00
2014.04.18 20:12:46.106,1.38124,1.38127,1.19,1.00
2014.04.18 20:12:48.018,1.38123,1.38127,1.25,1.00
2014.04.18 20:12:52.822,1.38123,1.38127,1.19,1.00
2014.04.18 20:12:53.960,1.38123,1.38127,1.25,1.00
2014.04.18 20:12:55.336,1.3812,1.38127,1.19,1.00
2014.04.18 20:12:56.934,1.38118,1.38122,23.44,1.00
2014.04.18 20:12:57.086,1.38114,1.3812,1.19,1.13
2014.04.18 20:12:57.137,1.38114,1.38118,1.19,1.50
2014.04.18 20:12:57.289,1.38109,1.38115,1.57,1.13
2014.04.18 20:13:04.598,1.38108,1.38115,2.07,1.13
2014.04.18 20:13:07.213,1.38108,1.38114,2.07,1.00
2014.04.18 20:13:07.466,1.38106,1.38112,1.38,1.00
2014.04.18 20:13:07.669,1.38107,1.38112,1.19,1.00
2014.04.18 20:13:07.771,1.38109,1.38112,1.19,1.00
2014.04.18 20:13:07.923,1.38107,1.38112,1.19,1.00
2014.04.18 20:13:09.189,1.38106,1.38112,1.69,1.00
2014.04.18 20:13:13.230,1.38106,1.38112,1.00,1.00
2014.04.18 20:13:14.524,1.38107,1.38112,1.19,1.00
2014.04.18 20:13:18.004,1.38106,1.38112,1.25,1.00
2014.04.18 20:13:21.833,1.38106,1.38113,1.25,1.00
2014.04.18 20:13:43.390,1.38106,1.38113,1.69,1.00
2014.04.18 20:13:48.019,1.38106,1.38113,1.69,1.00
2014.04.18 20:13:48.747,1.38106,1.38114,1.69,2.25
2014.04.18 20:13:53.235,1.38106,1.38114,1.25,2.25
2014.04.18 20:13:59.276,1.38106,1.38113,1.00,1.00
2014.04.18 20:14:03.342,1.38106,1.38113,1.69,1.00
2014.04.18 20:14:03.469,1.38106,1.38113,1.25,1.00
2014.04.18 20:14:08.052,1.38106,1.38113,1.19,1.00
2014.04.18 20:14:08.395,1.38103,1.38113,2.82,1.00
2014.04.18 20:14:48.045,1.38103,1.38112,2.63,1.00
2014.04.18 20:14:48.527,1.38103,1.38114,4.50,1.00
2014.04.18 20:14:48.578,1.38111,1.38114,1.00,1.00
2014.04.18 20:14:48.629,1.38111,1.38117,1.00,1.25
2014.04.18 20:15:09.936,1.38112,1.38117,1.19,1.00
2014.04.18 20:15:10.555,1.38111,1.38117,1.69,1.00
2014.04.18 20:15:14.623,1.38112,1.38117,1.19,1.00
2014.04.18 20:15:14.725,1.38111,1.38117,1.25,1.00
2014.04.18 20:15:48.567,1.3811,1.38117,1.69,1.00
2014.04.18 20:15:59.383,1.38111,1.38117,1.19,1.00
2014.04.18 20:16:09.156,1.3811,1.38117,1.50,1.00
2014.04.18 20:16:09.356,1.38111,1.38117,1.19,1.00
2014.04.18 20:16:28.141,1.3811,1.38117,1.32,1.00
2014.04.18 20:16:34.184,1.38111,1.38117,1.19,1.00
2014.04.18 20:16:38.104,1.3811,1.38117,1.69,1.00
2014.04.18 20:16:40.879,1.3811,1.38117,2.44,1.00
2014.04.18 20:16:41.994,1.3811,1.38117,1.69,1.00
2014.04.18 20:16:44.209,1.3811,1.38117,2.44,1.00
2014.04.18 20:16:50.245,1.3811,1.38117,1.69,1.00
2014.04.18 20:16:50.346,1.3811,1.38117,1.69,1.00
2014.04.18 20:16:52.008,1.3811,1.38117,1.69,1.00
2014.04.18 20:17:00.261,1.3811,1.38117,1.32,1.00
2014.04.18 20:17:00.362,1.3811,1.38117,1.13,1.00
2014.04.18 20:17:04.974,1.3811,1.38117,2.07,1.00
2014.04.18 20:17:05.480,1.3811,1.38117,1.32,1.00
2014.04.18 20:17:08.098,1.3811,1.38117,1.32,1.00
2014.04.18 20:17:10.208,1.3811,1.38117,1.69,1.00
2014.04.18 20:17:14.002,1.3811,1.38117,1.13,1.00
2014.04.18 20:17:23.281,1.3811,1.38117,1.32,1.00
2014.04.18 20:17:23.969,1.3811,1.38117,1.32,1.00
2014.04.18 20:17:29.109,1.3811,1.38116,1.00,1.25
2014.04.18 20:17:31.062,1.3811,1.38116,1.13,1.19
2014.04.18 20:17:31.984,1.3811,1.38115,1.32,1.13
2014.04.18 20:17:32.690,1.3811,1.38115,1.00,1.00
2014.04.18 20:17:38.623,1.38108,1.38114,5.44,1.00
2014.04.18 20:17:38.725,1.38106,1.38114,1.00,2.44
2014.04.18 20:17:39.291,1.38106,1.38113,1.00,1.00
2014.04.18 20:17:44.240,1.38106,1.38112,1.00,1.00
2014.04.18 20:17:46.508,1.38106,1.38113,1.00,1.69
2014.04.18 20:17:51.901,1.3811,1.38113,1.00,1.00
2014.04.18 20:17:52.115,1.38111,1.38115,1.00,1.13
2014.04.18 20:18:05.212,1.3811,1.38114,1.25,1.50
2014.04.18 20:18:05.263,1.38106,1.38114,3.19,1.50
2014.04.18 20:18:18.170,1.38106,1.38114,1.19,1.50
2014.04.18 20:18:18.422,1.38106,1.38114,1.00,1.50
2014.04.18 20:18:23.741,1.38106,1.38114,1.69,1.50
2014.04.18 20:18:28.549,1.38106,1.38114,1.25,1.50
2014.04.18 20:19:05.305,1.38103,1.38114,1.88,1.00
2014.04.18 20:19:14.197,1.38102,1.38114,1.50,2.25
2014.04.18 20:19:14.298,1.38104,1.38114,1.19,2.25
2014.04.18 20:19:15.310,1.38105,1.38114,1.19,2.25
2014.04.18 20:19:25.241,1.38103,1.38114,1.38,2.25
2014.04.18 20:20:04.291,1.38103,1.38113,2.63,1.00
2014.04.18 20:20:05.103,1.38103,1.38114,2.63,1.50
2014.04.18 20:20:19.666,1.38103,1.38114,1.38,3.94
2014.04.18 20:20:21.360,1.38103,1.38109,1.38,1.19
2014.04.18 20:20:21.565,1.38103,1.38114,1.38,3.00
2014.04.18 20:20:28.224,1.38103,1.38113,1.38,1.00
2014.04.18 20:20:28.869,1.38103,1.38113,1.38,1.69
2014.04.18 20:20:32.397,1.38102,1.38113,1.88,1.00
2014.04.18 20:20:33.008,1.38102,1.38113,1.50,1.00
2014.04.18 20:20:34.530,1.38102,1.38113,1.88,1.00
2014.04.18 20:20:44.317,1.38104,1.38114,1.88,1.50
2014.04.18 20:20:51.815,1.38102,1.38113,1.88,1.00
2014.04.18 20:20:52.638,1.38102,1.38113,1.88,1.69
2014.04.18 20:20:54.951,1.38102,1.38112,1.88,1.19
2014.04.18 20:21:00.206,1.38102,1.3811,1.38,1.50
2014.04.18 20:21:01.113,1.38101,1.38109,2.63,1.00
2014.04.18 20:21:01.417,1.38101,1.38106,1.38,1.88
2014.04.18 20:21:01.771,1.38101,1.38109,1.38,1.69
2014.04.18 20:21:01.872,1.38101,1.38109,1.00,1.25
2014.04.18 20:21:03.594,1.38101,1.38109,1.38,1.25
2014.04.18 20:21:09.288,1.38101,1.3811,1.38,3.94
2014.04.18 20:21:09.541,1.38101,1.38113,2.63,2.25
2014.04.18 20:21:12.924,1.38104,1.38113,1.57,2.25
2014.04.18 20:21:13.472,1.38102,1.38113,1.57,2.25
2014.04.18 20:21:36.207,1.38101,1.38113,1.88,3.19
2014.04.18 20:21:38.230,1.38101,1.38113,1.88,2.25
2014.04.18 20:22:37.629,1.38101,1.38113,1.50,1.00
2014.04.18 20:22:38.849,1.38101,1.38113,2.07,1.00
2014.04.18 20:22:40.463,1.38101,1.38113,1.69,1.00
2014.04.18 20:22:42.658,1.38101,1.38113,2.07,1.00
2014.04.18 20:22:48.127,1.38101,1.38114,1.88,1.50
2014.04.18 20:22:53.822,1.38107,1.38114,1.19,1.00
2014.04.18 20:23:01.173,1.38103,1.38114,2.82,1.00
2014.04.18 20:23:01.682,1.38105,1.38114,2.07,1.00
2014.04.18 20:23:02.986,1.38107,1.38114,1.19,1.00
2014.04.18 20:23:05.209,1.38108,1.38115,1.19,1.00
2014.04.18 20:23:06.155,1.38108,1.38115,1.19,1.00
2014.04.18 20:23:07.293,1.38106,1.38115,1.19,1.00
2014.04.18 20:23:08.018,1.38105,1.38115,2.82,1.00
2014.04.18 20:23:08.674,1.38105,1.38115,2.07,1.00
2014.04.18 20:23:09.341,1.38105,1.38115,1.88,1.00
2014.04.18 20:23:29.240,1.38104,1.38115,2.82,1.00
2014.04.18 20:23:29.341,1.38104,1.38115,1.88,1.00
2014.04.18 20:23:37.096,1.38106,1.38115,1.19,1.00
2014.04.18 20:23:37.553,1.38108,1.38115,1.19,1.00
2014.04.18 20:23:37.654,1.38106,1.38115,1.19,1.00
2014.04.18 20:23:38.275,1.38105,1.38115,1.32,1.00
2014.04.18 20:23:46.292,1.38104,1.38115,2.07,1.00
2014.04.18 20:24:06.898,1.38104,1.38115,1.57,3.75
2014.04.18 20:24:07.487,1.38103,1.38115,2.63,3.75
2014.04.18 20:24:16.680,1.38103,1.38113,2.07,1.00
2014.04.18 20:24:18.377,1.38105,1.38115,1.13,1.00
2014.04.18 20:24:20.797,1.38103,1.38113,1.38,1.50
2014.04.18 20:24:41.247,1.38103,1.38112,1.38,1.00
2014.04.18 20:24:41.628,1.38103,1.38114,1.38,1.69
2014.04.18 20:24:47.733,1.38103,1.38114,1.69,1.50
2014.04.18 20:24:51.321,1.38103,1.38114,1.00,1.50
2014.04.18 20:24:56.216,1.38103,1.38114,1.19,1.50
2014.04.18 20:24:56.954,1.38103,1.38114,1.69,1.50
2014.04.18 20:24:58.219,1.38103,1.38114,1.25,1.50
2014.04.18 20:25:02.340,1.38103,1.38113,1.00,1.00
2014.04.18 20:25:23.209,1.38103,1.38112,1.00,1.00
2014.04.18 20:25:55.531,1.381,1.38109,2.82,1.38
2014.04.18 20:25:55.836,1.381,1.38109,1.69,3.57
2014.04.18 20:25:56.059,1.38101,1.38109,1.19,3.94
2014.04.18 20:25:57.464,1.38101,1.38109,1.19,4.32
2014.04.18 20:25:57.970,1.38101,1.38109,1.69,3.75
2014.04.18 20:25:58.071,1.38101,1.38109,1.69,4.13
2014.04.18 20:25:58.471,1.38101,1.38109,1.69,3.75
2014.04.18 20:25:58.572,1.38101,1.38109,1.69,4.13
2014.04.18 20:26:03.561,1.38102,1.38109,1.19,4.13
2014.04.18 20:26:04.292,1.38101,1.38109,1.69,4.13
2014.04.18 20:26:07.273,1.38101,1.38109,1.00,4.32
2014.04.18 20:26:09.046,1.38101,1.38109,1.69,4.13
2014.04.18 20:26:13.396,1.38102,1.38109,1.19,4.13
2014.04.18 20:26:13.497,1.38101,1.38109,1.19,4.32
2014.04.18 20:26:13.990,1.38102,1.38109,1.19,4.13
2014.04.18 20:26:18.302,1.38101,1.38109,1.69,4.13
2014.04.18 20:26:18.825,1.38101,1.38109,1.00,4.32
2014.04.18 20:26:31.340,1.38101,1.38109,1.19,4.13
2014.04.18 20:26:34.814,1.38101,1.38109,1.69,4.13
2014.04.18 20:26:41.243,1.38101,1.38108,1.00,1.88
2014.04.18 20:26:45.184,1.38101,1.38108,1.69,1.88
2014.04.18 20:26:47.043,1.38101,1.38108,1.69,1.88
2014.04.18 20:26:49.660,1.38101,1.38108,1.00,2.07
2014.04.18 20:26:56.154,1.381,1.38108,1.25,2.07
2014.04.18 20:27:00.354,1.381,1.38109,1.19,2.07
2014.04.18 20:27:13.225,1.381,1.38105,1.00,1.13
2014.04.18 20:27:18.349,1.381,1.38105,1.69,1.13
2014.04.18 20:27:20.109,1.381,1.38105,1.25,1.13
2014.04.18 20:27:35.000,1.381,1.38105,1.32,1.13
2014.04.18 20:27:38.175,1.381,1.38105,1.00,1.13
2014.04.18 20:27:38.276,1.38098,1.38102,18.94,1.00
2014.04.18 20:27:38.480,1.38095,1.381,1.00,1.88
2014.04.18 20:27:38.531,1.38092,1.381,1.00,2.63
2014.04.18 20:27:38.684,1.3809,1.381,1.13,2.63
2014.04.18 20:27:52.587,1.38089,1.38099,1.38,1.00
2014.04.18 20:27:53.100,1.38093,1.38099,1.50,1.00
2014.04.18 20:28:04.515,1.38091,1.38099,1.50,1.00
2014.04.18 20:28:25.314,1.38092,1.38099,1.00,1.00
2014.04.18 20:28:27.338,1.38092,1.381,1.50,1.00
2014.04.18 20:29:54.880,1.38094,1.381,1.50,1.13
2014.04.18 20:30:00.624,1.38092,1.381,1.50,1.00
2014.04.18 20:30:04.327,1.38092,1.381,2.44,1.00
2014.04.18 20:30:05.642,1.38092,1.381,2.44,1.13
2014.04.18 20:30:05.794,1.38092,1.381,1.50,1.13
2014.04.18 20:30:08.632,1.38092,1.381,2.44,1.13
2014.04.18 20:30:09.862,1.38093,1.381,1.19,1.13
2014.04.18 20:30:10.348,1.38092,1.381,1.69,1.13
2014.04.18 20:30:10.943,1.38092,1.381,1.50,1.13
2014.04.18 20:31:00.504,1.3809,1.381,1.30,1.00
2014.04.18 20:31:22.804,1.3809,1.381,1.49,1.13
2014.04.18 20:31:23.392,1.3809,1.381,1.30,1.13
2014.04.18 20:31:54.298,1.3809,1.381,1.49,1.13
2014.04.18 20:31:54.399,1.3809,1.381,1.30,1.13
2014.04.18 20:32:21.388,1.38093,1.381,1.00,1.13
2014.04.18 20:32:50.919,1.38093,1.381,1.19,1.13
2014.04.18 20:32:51.421,1.38093,1.381,1.00,1.13
2014.04.18 20:33:01.909,1.38097,1.381,1.00,1.13
2014.04.18 20:33:02.011,1.38102,1.38108,1.00,1.00
2014.04.18 20:34:12.322,1.38102,1.38108,1.38,1.00
2014.04.18 20:38:01.997,1.38102,1.3811,1.38,1.00
2014.04.18 20:39:03.366,1.38102,1.3811,1.38,1.69
2014.04.18 20:39:03.417,1.38102,1.3811,1.00,1.69
2014.04.18 20:39:03.468,1.38102,1.3811,1.00,1.00
2014.04.18 20:39:26.717,1.38102,1.3811,1.00,1.69
2014.04.18 20:39:48.171,1.38102,1.3811,1.00,1.00
2014.04.18 20:39:53.884,1.381,1.38103,1.00,1.00
2014.04.18 20:39:54.138,1.38096,1.38103,1.50,1.00
2014.04.18 20:40:28.527,1.38097,1.38103,1.19,1.00
2014.04.18 20:40:38.180,1.38101,1.38104,1.19,1.00
2014.04.18 20:40:38.383,1.38097,1.38103,1.00,1.00
2014.04.18 20:40:38.853,1.38102,1.38108,1.19,1.38
2014.04.18 20:40:38.905,1.38102,1.38108,1.19,1.00
2014.04.18 20:40:39.493,1.38102,1.38108,1.00,1.00
2014.04.18 20:41:07.666,1.38102,1.38108,1.19,1.00
2014.04.18 20:41:08.192,1.38102,1.38108,1.00,1.00
2014.04.18 20:41:30.513,1.38102,1.38108,1.19,1.00
2014.04.18 20:41:31.074,1.38102,1.38108,1.00,1.00
2014.04.18 20:41:36.959,1.38102,1.38108,1.19,1.00
2014.04.18 20:41:38.546,1.38102,1.38108,1.00,1.00
2014.04.18 20:42:15.232,1.38102,1.38108,1.69,1.00
2014.04.18 20:42:25.253,1.38102,1.38108,1.25,1.00
2014.04.18 20:42:26.344,1.38102,1.38108,1.19,1.00
2014.04.18 20:42:35.177,1.38102,1.38108,1.00,1.00
2014.04.18 20:42:35.775,1.38102,1.38108,1.19,1.00
2014.04.18 20:42:53.273,1.38102,1.38108,1.25,1.00
2014.04.18 20:42:55.110,1.38102,1.38108,1.19,1.00
2014.04.18 20:43:00.265,1.38102,1.38108,1.57,1.00
2014.04.18 20:44:15.275,1.38102,1.38108,1.00,1.00
2014.04.18 20:44:16.785,1.38102,1.38108,1.38,1.00
2014.04.18 20:45:39.067,1.38102,1.3811,1.38,1.00
2014.04.18 20:47:27.569,1.38106,1.3811,1.00,1.00
2014.04.18 20:47:27.620,1.38106,1.38113,1.00,1.00
2014.04.18 20:47:55.078,1.38108,1.38113,1.00,1.00
2014.04.18 20:48:15.097,1.38105,1.38113,1.00,1.00
2014.04.18 20:48:54.973,1.38104,1.38113,1.35,1.00
2014.04.18 20:48:55.512,1.38105,1.38113,1.00,1.00
2014.04.18 20:50:26.116,1.38098,1.38113,1.88,1.38
2014.04.18 20:50:26.521,1.3809,1.3811,1.47,1.13
2014.04.18 20:50:27.306,1.3809,1.3811,1.47,1.43
2014.04.18 20:50:33.350,1.3809,1.3811,1.09,1.68
2014.04.18 20:50:33.653,1.381,1.3811,1.00,1.13
2014.04.18 20:52:58.859,1.38105,1.38113,1.00,1.00
2014.04.18 20:53:05.778,1.38105,1.38118,1.00,1.38
2014.04.18 20:53:06.003,1.38101,1.38115,1.75,1.13
2014.04.18 20:54:42.917,1.38101,1.3812,1.75,1.00
2014.04.18 20:54:42.993,1.38101,1.3812,1.75,1.38
2014.04.18 20:54:45.518,1.38101,1.3812,1.75,1.13
2014.04.18 20:54:46.981,1.38102,1.38121,1.35,1.00
2014.04.18 20:54:48.546,1.38102,1.38121,1.35,1.38
2014.04.18 20:54:49.343,1.38102,1.38121,1.35,1.00
2014.04.18 20:54:50.450,1.38102,1.38121,1.35,1.38
2014.04.18 20:54:51.849,1.38105,1.38121,1.50,1.00
2014.04.18 20:54:51.950,1.38121,1.38127,1.00,3.38
2014.04.18 20:54:52.102,1.38123,1.38132,1.50,1.88
2014.04.18 20:54:52.305,1.38123,1.38148,2.25,1.38
2014.04.18 20:54:52.507,1.38118,1.38145,1.38,0.23
2014.04.18 20:54:52.849,1.38118,1.38153,4.20,1.45
2014.04.18 20:54:52.951,1.3812,1.38156,1.75,1.95
2014.04.18 20:54:53.439,1.38135,1.38156,0.38,1.45
2014.04.18 20:54:53.761,1.38135,1.38156,0.38,1.83
2014.04.18 20:54:54.265,1.38125,1.38156,1.00,1.45
2014.04.18 20:54:54.366,1.38135,1.38156,0.38,1.45
2014.04.18 20:54:55.747,1.38135,1.38156,0.38,1.83
2014.04.18 20:54:56.690,1.38135,1.38156,0.38,1.45
2014.04.18 20:54:56.792,1.38135,1.38156,0.38,1.83
2014.04.18 20:55:01.618,1.38139,1.38147,1.00,1.38
2014.04.18 20:55:01.754,1.38147,1.38157,2.63,1.00
2014.04.18 20:55:01.806,1.3815,1.38159,1.88,1.00
2014.04.18 20:55:01.857,1.3815,1.38159,1.88,1.00
2014.04.18 20:55:01.908,1.3815,1.38166,1.38,1.00
2014.04.18 20:55:01.959,1.3815,1.38166,1.75,1.00
2014.04.18 20:55:02.162,1.3815,1.38166,1.13,1.00
2014.04.18 20:55:02.264,1.38163,1.38166,0.38,1.00
2014.04.18 20:55:02.367,1.38145,1.3816,1.88,1.00
2014.04.18 20:55:02.469,1.38148,1.38157,4.50,1.50
2014.04.18 20:55:02.772,1.3815,1.38166,1.00,1.00
2014.04.18 20:55:02.974,1.38132,1.38166,1.15,1.00
2014.04.18 20:55:03.456,1.38132,1.38166,1.60,1.00
2014.04.18 20:55:03.608,1.38132,1.38166,1.98,1.00
2014.04.18 20:55:04.012,1.3813,1.38166,2.10,1.00
2014.04.18 20:55:04.416,1.38126,1.38165,1.00,1.88
2014.04.18 20:55:04.518,1.38123,1.38165,1.30,1.88
2014.04.18 20:55:05.311,1.38145,1.38165,0.38,1.88
2014.04.18 20:55:05.726,1.38123,1.38165,1.30,1.88
2014.04.18 20:55:07.132,1.38145,1.38165,0.38,1.88
2014.04.18 20:55:07.402,1.38123,1.38165,1.30,1.88
2014.04.18 20:55:08.877,1.38145,1.38165,0.38,1.88
2014.04.18 20:55:09.079,1.38123,1.38165,1.30,1.88
2014.04.18 20:55:10.186,1.38145,1.38165,0.38,1.88
2014.04.18 20:55:10.700,1.38145,1.38166,0.38,1.00
2014.04.18 20:55:11.514,1.38145,1.38166,0.38,1.38
2014.04.18 20:55:12.125,1.38145,1.38166,0.38,1.00
2014.04.18 20:55:13.245,1.38125,1.38166,1.50,1.38
2014.04.18 20:55:14.364,1.38145,1.38166,0.38,1.38
2014.04.18 20:55:15.275,1.38145,1.38166,0.38,1.00
2014.04.18 20:55:15.829,1.38127,1.38166,1.00,1.38
2014.04.18 20:55:17.865,1.38145,1.38166,0.38,1.38
2014.04.18 20:55:18.382,1.38145,1.38166,0.38,1.00
2014.04.18 20:55:19.568,1.38145,1.38166,0.38,1.38
2014.04.18 20:55:22.385,1.38127,1.38165,1.00,1.13
2014.04.18 20:55:23.532,1.38145,1.38166,0.38,1.38
2014.04.18 20:55:24.009,1.38127,1.38166,1.00,1.38
2014.04.18 20:55:25.620,1.38145,1.38166,0.38,1.38
2014.04.18 20:55:27.641,1.38127,1.38166,1.00,1.38
2014.04.18 20:55:28.935,1.38145,1.38166,0.38,1.38
2014.04.18 20:55:31.069,1.38127,1.38166,1.00,1.38
2014.04.18 20:55:32.110,1.38145,1.38166,0.38,1.38
2014.04.18 20:55:34.176,1.38127,1.38166,1.00,1.38
2014.04.18 20:55:35.133,1.38145,1.38166,0.38,1.38
2014.04.18 20:55:39.268,1.38145,1.38166,0.38,1.00
2014.04.18 20:55:40.889,1.38145,1.38166,0.38,1.38
2014.04.18 20:55:41.685,1.38127,1.38166,1.00,1.38
2014.04.18 20:55:42.731,1.38145,1.38166,0.38,1.38
2014.04.18 20:55:53.416,1.38127,1.38179,1.00,1.53
2014.04.18 20:55:54.429,1.38145,1.38179,0.38,1.53
2014.04.18 20:55:54.633,1.38127,1.38179,1.00,1.53
2014.04.18 20:55:56.075,1.38145,1.38179,0.38,1.53
2014.04.18 20:56:01.931,1.38145,1.38164,0.38,1.00
2014.04.18 20:56:02.791,1.38119,1.38164,1.95,1.00
2014.04.18 20:56:03.781,1.38145,1.38164,0.38,1.00
2014.04.18 20:56:04.520,1.38119,1.38164,1.95,1.00
2014.04.18 20:56:05.868,1.38145,1.38164,0.38,1.00
2014.04.18 20:56:11.338,1.38119,1.38164,1.95,1.00
2014.04.18 20:56:12.303,1.3812,1.38164,1.05,1.00
2014.04.18 20:56:12.404,1.38145,1.38164,0.38,1.00
2014.04.18 20:56:19.684,1.38119,1.38164,2.33,1.00
2014.04.18 20:56:20.897,1.38145,1.38164,0.38,1.00
2014.04.18 20:56:22.807,1.38119,1.38164,2.33,1.00
2014.04.18 20:56:24.504,1.38145,1.38164,0.38,1.00
2014.04.18 20:56:25.825,1.38119,1.38164,2.33,1.00
2014.04.18 20:56:28.513,1.38145,1.38164,0.38,1.00
2014.04.18 20:56:30.960,1.38145,1.38165,0.38,1.13
2014.04.18 20:56:31.263,1.38145,1.38179,0.38,1.08
2014.04.18 20:56:31.415,1.38145,1.38179,0.38,1.68
2014.04.18 20:56:32.089,1.38145,1.38184,0.38,1.45
2014.04.18 20:56:32.493,1.38145,1.38165,0.38,0.38
2014.04.18 20:56:41.391,1.38126,1.38165,1.00,0.38
2014.04.18 20:56:42.469,1.38145,1.38165,0.38,0.38
2014.04.18 20:56:58.646,1.38145,1.38184,0.38,1.08
2014.04.18 20:56:58.955,1.38126,1.38165,1.00,0.38
2014.04.18 20:57:00.156,1.38145,1.38165,0.38,0.38
2014.04.18 20:57:04.211,1.38145,1.38181,0.38,1.00
2014.04.18 20:57:05.687,1.38145,1.38165,0.38,0.38
2014.04.18 20:57:21.279,1.38145,1.38179,0.38,1.38
2014.04.18 20:57:21.965,1.3815,1.38179,0.38,1.38
2014.04.18 20:57:26.734,1.38145,1.38171,0.38,1.38
2014.04.18 20:57:27.147,1.3813,1.3816,1.13,0.38
2014.04.18 20:57:47.631,1.38128,1.3816,1.88,0.38
2014.04.18 20:57:47.733,1.38128,1.38155,2.25,0.38
2014.04.18 20:58:16.493,1.38129,1.3815,1.38,0.38
2014.04.18 20:58:23.189,1.3813,1.38149,0.38,1.75
2014.04.18 20:58:23.493,1.3811,1.38128,1.88,1.00
2014.04.18 20:58:23.644,1.38115,1.38128,1.00,1.00
2014.04.18 20:58:24.164,1.38108,1.38137,1.00,1.50
2014.04.18 20:58:24.215,1.38105,1.3814,1.13,1.13
2014.04.18 20:58:24.368,1.38105,1.38145,0.38,0.38
2014.04.18 20:58:24.485,1.38105,1.38156,0.38,0.98
2014.04.18 20:58:24.691,1.38114,1.38155,1.75,0.38
2014.04.18 20:58:24.793,1.38127,1.3817,1.13,0.38
2014.04.18 20:58:24.949,1.38127,1.38185,1.13,0.10
2014.04.18 20:58:26.599,1.38125,1.3817,1.13,0.38
2014.04.18 20:58:47.606,1.38136,1.3817,1.00,0.38
2014.04.18 20:58:48.000,1.38136,1.38175,1.38,0.38
2014.04.18 20:59:00.237,1.38136,1.38185,1.00,0.10
2014.04.18 20:59:00.991,1.38137,1.38185,0.75,0.10
2014.04.18 20:59:01.350,1.38135,1.38185,0.75,0.10
2014.04.18 20:59:01.502,1.3811,1.38185,0.30,0.10
2014.04.18 20:59:01.603,1.38106,1.38185,0.75,0.10
2014.04.18 20:59:02.247,1.38077,1.3812,2.18,0.30
2014.04.18 20:59:02.603,1.38077,1.38165,0.38,0.75
