2020.07.14 14:00:00.068,1.13895,1.13896,0.75,1.50
2020.07.14 14:00:00.169,1.13894,1.13896,2.44,0.75
2020.07.14 14:00:00.321,1.13895,1.13896,0.75,0.75
2020.07.14 14:00:00.372,1.13897,1.13899,7.57,0.75
2020.07.14 14:00:00.473,1.13893,1.13895,4.31,0.75
2020.07.14 14:00:00.574,1.13897,1.13898,8.51,2.25
2020.07.14 14:00:00.626,1.13902,1.13904,1.69,0.37
2020.07.14 14:00:00.676,1.13905,1.13907,1.69,0.47
2020.07.14 14:00:00.727,1.13908,1.13909,0.10,8.25
2020.07.14 14:00:00.829,1.13909,1.1391,0.94,7.50
2020.07.14 14:00:01.081,1.13908,1.13909,0.94,8.25
2020.07.14 14:00:01.183,1.13906,1.13907,1.69,0.75
2020.07.14 14:00:01.234,1.13904,1.13905,1.69,0.75
2020.07.14 14:00:01.690,1.13903,1.13905,0.94,1.12
2020.07.14 14:00:01.792,1.13901,1.13903,6.56,0.75
2020.07.14 14:00:01.946,1.13902,1.13904,0.75,1.20
2020.07.14 14:00:02.199,1.13901,1.13903,3.75,1.12
2020.07.14 14:00:02.303,1.13906,1.13908,1.69,3.45
2020.07.14 14:00:02.455,1.13906,1.13909,1.76,1.85
2020.07.14 14:00:02.556,1.13906,1.13907,0.75,0.75
2020.07.14 14:00:02.607,1.13907,1.13909,0.94,3.35
2020.07.14 14:00:02.810,1.13907,1.13908,0.19,0.75
2020.07.14 14:00:02.861,1.13905,1.13907,3.19,0.75
2020.07.14 14:00:03.216,1.13906,1.13907,0.37,0.75
2020.07.14 14:00:03.318,1.13904,1.13906,0.94,0.75
2020.07.14 14:00:03.420,1.13902,1.13904,9.64,0.75
2020.07.14 14:00:03.623,1.13903,1.13904,0.26,0.75
2020.07.14 14:00:03.977,1.13903,1.13905,0.94,0.75
2020.07.14 14:00:04.130,1.13905,1.13907,1.01,1.50
2020.07.14 14:00:04.180,1.13906,1.13909,0.94,2.62
2020.07.14 14:00:04.282,1.13908,1.1391,0.75,4.10
2020.07.14 14:00:04.889,1.13909,1.13911,1.50,2.97
2020.07.14 14:00:04.991,1.1391,1.13912,0.75,0.75
2020.07.14 14:00:05.295,1.13909,1.13912,4.76,0.75
2020.07.14 14:00:05.396,1.1391,1.13914,2.44,0.82
2020.07.14 14:00:05.549,1.1391,1.13912,0.75,0.75
2020.07.14 14:00:05.652,1.13916,1.13917,1.50,0.82
2020.07.14 14:00:05.755,1.13917,1.13918,0.10,0.75
2020.07.14 14:00:05.806,1.13918,1.1392,0.10,0.75
2020.07.14 14:00:05.858,1.13916,1.13917,0.75,0.75
2020.07.14 14:00:05.960,1.13916,1.13919,0.10,2.97
2020.07.14 14:00:06.062,1.13914,1.13916,0.82,0.75
2020.07.14 14:00:06.114,1.13913,1.13915,3.75,1.50
2020.07.14 14:00:06.216,1.13913,1.13914,4.50,0.37
2020.07.14 14:00:06.268,1.13908,1.1391,0.10,0.75
2020.07.14 14:00:06.369,1.13908,1.13909,0.94,1.12
2020.07.14 14:00:06.471,1.13908,1.13909,0.94,1.12
2020.07.14 14:00:06.673,1.13906,1.13907,1.01,0.75
2020.07.14 14:00:06.775,1.13904,1.13905,3.00,0.75
2020.07.14 14:00:06.877,1.13905,1.13907,0.75,3.75
2020.07.14 14:00:07.029,1.13905,1.13906,0.75,3.56
2020.07.14 14:00:07.080,1.13903,1.13904,0.75,0.75
2020.07.14 14:00:07.233,1.13902,1.13903,1.50,0.75
2020.07.14 14:00:07.284,1.13901,1.13902,0.10,1.50
2020.07.14 14:00:07.486,1.13899,1.139,8.25,0.75
2020.07.14 14:00:07.790,1.139,1.13901,6.82,0.75
2020.07.14 14:00:07.894,1.13901,1.13902,3.82,3.72
2020.07.14 14:00:08.400,1.13902,1.13903,7.12,1.87
2020.07.14 14:00:08.502,1.13903,1.13904,0.75,0.75
2020.07.14 14:00:08.604,1.13903,1.13905,0.75,4.47
2020.07.14 14:00:09.061,1.13903,1.13906,1.50,1.69
2020.07.14 14:00:09.216,1.13904,1.13906,0.75,1.87
2020.07.14 14:00:09.318,1.13905,1.13907,0.94,0.75
2020.07.14 14:00:09.419,1.13904,1.13906,2.25,2.62
2020.07.14 14:00:10.077,1.13906,1.13907,6.37,0.75
2020.07.14 14:00:10.179,1.13907,1.13908,6.37,3.37
2020.07.14 14:00:10.280,1.13906,1.13907,6.37,3.75
2020.07.14 14:00:10.382,1.13905,1.13906,0.75,1.12
2020.07.14 14:00:10.889,1.13907,1.13908,6.37,0.75
2020.07.14 14:00:10.990,1.13907,1.13909,6.37,3.19
2020.07.14 14:00:11.092,1.13907,1.13908,6.37,2.62
2020.07.14 14:00:11.194,1.13905,1.13907,9.37,1.87
2020.07.14 14:00:11.297,1.13904,1.13907,22.50,2.62
2020.07.14 14:00:11.400,1.13903,1.13906,3.94,0.75
2020.07.14 14:00:11.655,1.13904,1.13906,0.75,0.75
2020.07.14 14:00:11.758,1.13903,1.13906,1.12,1.87
2020.07.14 14:00:11.861,1.13902,1.13904,1.50,1.50
2020.07.14 14:00:11.962,1.13902,1.13903,1.50,0.37
2020.07.14 14:00:12.064,1.13903,1.13904,3.75,0.37
2020.07.14 14:00:12.217,1.13903,1.13904,3.75,0.75
2020.07.14 14:00:12.420,1.13901,1.13903,6.37,2.62
2020.07.14 14:00:12.875,1.13902,1.13904,6.37,1.87
2020.07.14 14:00:13.026,1.13904,1.13905,0.75,1.87
2020.07.14 14:00:13.179,1.13903,1.13907,7.12,4.12
2020.07.14 14:00:13.533,1.13903,1.13906,6.37,1.50
2020.07.14 14:00:13.887,1.13903,1.13905,6.37,1.87
2020.07.14 14:00:13.988,1.13902,1.13904,6.37,1.50
2020.07.14 14:00:14.089,1.13903,1.13904,6.37,1.50
2020.07.14 14:00:14.546,1.13902,1.13904,6.37,1.87
2020.07.14 14:00:15.178,1.13903,1.13905,2.62,2.25
2020.07.14 14:00:15.280,1.13903,1.13905,2.25,0.75
2020.07.14 14:00:15.549,1.13903,1.13905,6.37,1.12
2020.07.14 14:00:15.650,1.13905,1.13908,0.19,4.12
2020.07.14 14:00:15.752,1.13904,1.13906,0.37,1.95
2020.07.14 14:00:15.853,1.13903,1.13905,6.37,2.25
2020.07.14 14:00:15.955,1.13904,1.13907,1.31,0.37
2020.07.14 14:00:16.107,1.13905,1.13907,0.75,1.85
2020.07.14 14:00:16.211,1.13906,1.13908,0.75,1.12
2020.07.14 14:00:16.464,1.13906,1.13907,0.75,0.75
2020.07.14 14:00:16.565,1.13908,1.13909,1.50,1.12
2020.07.14 14:00:16.667,1.13908,1.1391,0.94,1.50
2020.07.14 14:00:16.768,1.13909,1.13911,0.10,1.50
2020.07.14 14:00:16.819,1.1391,1.13913,0.94,2.62
2020.07.14 14:00:16.921,1.13909,1.13912,0.75,1.12
2020.07.14 14:00:16.973,1.13911,1.13912,1.87,1.12
2020.07.14 14:00:17.024,1.13912,1.13914,0.94,0.37
2020.07.14 14:00:17.125,1.13912,1.13915,0.94,1.87
2020.07.14 14:00:17.226,1.13912,1.13914,1.69,0.37
2020.07.14 14:00:17.690,1.13912,1.13915,1.69,1.87
2020.07.14 14:00:18.138,1.13916,1.13917,2.51,0.75
2020.07.14 14:00:18.189,1.13916,1.13918,1.76,1.87
2020.07.14 14:00:18.290,1.13916,1.13919,0.56,1.87
2020.07.14 14:00:18.341,1.13915,1.13916,3.00,1.50
2020.07.14 14:00:18.544,1.13911,1.13913,1.76,0.75
2020.07.14 14:00:18.645,1.13912,1.13914,0.94,0.37
2020.07.14 14:00:18.747,1.13912,1.13915,0.94,2.62
2020.07.14 14:00:18.848,1.13911,1.13915,3.26,2.62
2020.07.14 14:00:18.950,1.13911,1.13913,0.19,0.75
2020.07.14 14:00:19.203,1.13911,1.13912,0.19,0.75
2020.07.14 14:00:19.879,1.1391,1.13914,1.76,4.12
2020.07.14 14:00:19.981,1.13911,1.13913,0.82,1.50
2020.07.14 14:00:20.082,1.1391,1.13913,0.94,1.87
2020.07.14 14:00:20.487,1.13909,1.13913,2.51,4.31
2020.07.14 14:00:20.639,1.1391,1.13913,2.44,3.37
2020.07.14 14:00:20.842,1.13912,1.13914,1.50,0.75
2020.07.14 14:00:20.944,1.13911,1.13914,4.01,0.75
2020.07.14 14:00:21.096,1.1391,1.13914,0.82,5.06
2020.07.14 14:00:21.197,1.1391,1.13913,1.69,1.69
2020.07.14 14:00:21.501,1.1391,1.13914,1.69,3.00
2020.07.14 14:00:21.603,1.1391,1.13913,0.94,0.37
2020.07.14 14:00:21.705,1.13909,1.13913,1.76,0.37
2020.07.14 14:00:22.599,1.13909,1.13911,0.75,3.75
2020.07.14 14:00:23.155,1.13908,1.13911,0.94,6.91
2020.07.14 14:00:23.358,1.13908,1.1391,0.94,0.75
2020.07.14 14:00:23.459,1.1391,1.13911,0.75,0.37
2020.07.14 14:00:23.510,1.13911,1.13914,0.19,2.25
2020.07.14 14:00:23.612,1.13912,1.13914,0.19,1.50
2020.07.14 14:00:23.883,1.13914,1.13916,2.25,3.72
2020.07.14 14:00:24.035,1.13913,1.13915,3.75,0.75
2020.07.14 14:00:24.441,1.13912,1.13914,6.37,1.50
2020.07.14 14:00:24.492,1.1391,1.13912,0.10,1.50
2020.07.14 14:00:24.594,1.13909,1.13911,0.37,0.75
2020.07.14 14:00:24.695,1.13909,1.13912,0.37,1.12
2020.07.14 14:00:25.117,1.13911,1.13913,0.94,0.75
2020.07.14 14:00:25.219,1.13912,1.13915,0.10,3.07
2020.07.14 14:00:25.321,1.13912,1.13914,0.10,0.37
2020.07.14 14:00:25.423,1.13914,1.13915,0.75,1.50
2020.07.14 14:00:25.526,1.13915,1.13916,0.37,1.50
2020.07.14 14:00:26.336,1.13915,1.13917,0.37,1.87
2020.07.14 14:00:26.437,1.13914,1.13916,0.37,1.85
2020.07.14 14:00:26.861,1.13913,1.13915,0.74,2.70
2020.07.14 14:00:27.417,1.13913,1.13915,0.94,0.37
2020.07.14 14:00:27.698,1.13913,1.13916,0.94,1.87
2020.07.14 14:00:28.153,1.13915,1.13917,2.44,2.22
2020.07.14 14:00:28.204,1.13915,1.13919,3.94,0.45
2020.07.14 14:00:28.356,1.13916,1.13919,1.50,0.75
2020.07.14 14:00:28.457,1.13917,1.13919,2.25,0.75
2020.07.14 14:00:28.610,1.13917,1.1392,3.19,4.47
2020.07.14 14:00:28.865,1.13917,1.13919,2.25,0.75
2020.07.14 14:00:29.067,1.13917,1.1392,2.25,5.03
2020.07.14 14:00:29.422,1.13915,1.13918,2.44,0.75
2020.07.14 14:00:29.523,1.13912,1.13913,7.50,0.75
2020.07.14 14:00:29.676,1.13909,1.13913,0.26,3.00
2020.07.14 14:00:29.778,1.13908,1.13911,0.75,0.75
2020.07.14 14:00:29.929,1.13909,1.13911,0.75,1.50
2020.07.14 14:00:30.031,1.13911,1.13913,0.82,0.75
2020.07.14 14:00:30.132,1.13914,1.13915,2.25,1.12
2020.07.14 14:00:30.436,1.13912,1.13915,0.75,0.75
2020.07.14 14:00:30.537,1.13912,1.13916,1.12,4.87
2020.07.14 14:00:30.827,1.13913,1.13916,0.75,2.62
2020.07.14 14:00:30.929,1.13912,1.13915,1.12,1.87
2020.07.14 14:00:31.031,1.13912,1.13914,0.75,0.94
2020.07.14 14:00:31.186,1.13912,1.13915,0.75,3.00
2020.07.14 14:00:31.288,1.13912,1.13914,0.75,2.25
2020.07.14 14:00:31.440,1.1391,1.13914,3.26,4.10
2020.07.14 14:00:31.692,1.1391,1.13913,2.44,1.50
2020.07.14 14:00:31.809,1.13908,1.13912,4.87,1.69
2020.07.14 14:00:31.911,1.1391,1.13913,1.76,1.69
2020.07.14 14:00:32.012,1.13911,1.13914,1.12,0.37
2020.07.14 14:00:32.114,1.1391,1.13913,0.75,1.87
2020.07.14 14:00:32.215,1.1391,1.13914,1.69,0.75
2020.07.14 14:00:32.317,1.1391,1.13913,1.76,0.75
2020.07.14 14:00:32.519,1.1391,1.13914,1.76,1.50
2020.07.14 14:00:32.722,1.1391,1.13913,1.69,0.37
2020.07.14 14:00:32.823,1.13908,1.13911,8.14,1.50
2020.07.14 14:00:32.975,1.13908,1.13912,0.75,3.82
2020.07.14 14:00:33.177,1.13907,1.13912,2.32,4.76
2020.07.14 14:00:33.279,1.13907,1.13908,0.75,0.75
2020.07.14 14:00:33.633,1.13907,1.1391,1.50,3.75
2020.07.14 14:00:33.683,1.13909,1.1391,0.19,1.12
2020.07.14 14:00:33.734,1.13911,1.13914,0.37,15.23
2020.07.14 14:00:33.836,1.13909,1.13912,0.26,1.12
2020.07.14 14:00:33.886,1.13911,1.13914,0.37,8.11
2020.07.14 14:00:33.937,1.13908,1.13912,3.26,0.37
2020.07.14 14:00:34.089,1.13908,1.13911,0.45,1.12
2020.07.14 14:00:34.493,1.13908,1.1391,0.37,1.87
2020.07.14 14:00:34.544,1.13906,1.13907,0.94,1.50
2020.07.14 14:00:34.596,1.13906,1.13909,0.75,1.12
2020.07.14 14:00:34.697,1.13907,1.1391,0.75,2.97
2020.07.14 14:00:35.000,1.13906,1.13909,1.50,0.37
2020.07.14 14:00:35.152,1.13907,1.13911,2.25,6.98
2020.07.14 14:00:35.254,1.13907,1.1391,0.75,1.69
2020.07.14 14:00:35.356,1.13907,1.13911,1.50,6.16
2020.07.14 14:00:35.508,1.13907,1.1391,1.50,1.31
2020.07.14 14:00:35.609,1.13907,1.13909,2.25,0.75
2020.07.14 14:00:35.862,1.13907,1.1391,1.50,1.69
2020.07.14 14:00:36.317,1.13907,1.13909,0.75,0.75
2020.07.14 14:00:36.418,1.13907,1.1391,0.75,2.44
2020.07.14 14:00:36.621,1.13906,1.13909,1.50,1.12
2020.07.14 14:00:36.722,1.13905,1.13908,0.37,1.20
2020.07.14 14:00:37.330,1.13905,1.13907,0.19,0.37
2020.07.14 14:00:37.432,1.13905,1.13908,0.19,2.32
2020.07.14 14:00:37.836,1.13906,1.13909,2.44,2.62
2020.07.14 14:00:37.887,1.13904,1.13907,2.81,0.75
2020.07.14 14:00:38.039,1.13904,1.13906,0.75,0.75
2020.07.14 14:00:38.141,1.13902,1.13905,2.62,2.25
2020.07.14 14:00:38.394,1.13904,1.13906,0.19,2.25
2020.07.14 14:00:38.495,1.13904,1.13907,1.69,1.87
2020.07.14 14:00:38.647,1.13905,1.13907,0.19,1.50
2020.07.14 14:00:38.799,1.13906,1.13908,2.44,1.12
2020.07.14 14:00:38.850,1.13906,1.1391,2.51,1.57
2020.07.14 14:00:39.052,1.13908,1.1391,0.75,0.75
2020.07.14 14:00:39.306,1.13907,1.1391,0.75,3.00
2020.07.14 14:00:39.560,1.13906,1.13907,3.75,0.75
2020.07.14 14:00:39.944,1.13903,1.13906,1.76,0.75
2020.07.14 14:00:40.096,1.13906,1.13908,1.50,1.50
2020.07.14 14:00:40.147,1.13904,1.13908,4.76,0.75
2020.07.14 14:00:40.198,1.13907,1.13909,0.75,0.75
2020.07.14 14:00:40.249,1.13905,1.13909,2.25,0.82
2020.07.14 14:00:40.350,1.13905,1.13908,1.50,0.37
2020.07.14 14:00:41.108,1.13904,1.13908,1.50,5.48
2020.07.14 14:00:41.210,1.13904,1.13907,1.50,1.50
2020.07.14 14:00:41.464,1.13904,1.13906,0.75,0.75
2020.07.14 14:00:41.566,1.13904,1.13907,0.75,4.76
2020.07.14 14:00:41.872,1.13907,1.13909,1.50,0.10
2020.07.14 14:00:42.024,1.13907,1.1391,2.81,0.75
2020.07.14 14:00:42.125,1.13907,1.13911,2.81,2.32
2020.07.14 14:00:42.226,1.13908,1.13911,1.50,0.75
2020.07.14 14:00:42.328,1.1391,1.13914,0.94,2.62
2020.07.14 14:00:42.379,1.1391,1.13912,0.75,0.75
2020.07.14 14:00:42.430,1.13909,1.13914,1.69,4.39
2020.07.14 14:00:42.480,1.13908,1.13912,4.31,0.75
2020.07.14 14:00:42.582,1.13908,1.13911,0.75,0.75
2020.07.14 14:00:42.734,1.13907,1.13911,1.87,5.51
2020.07.14 14:00:42.835,1.13907,1.13909,1.12,0.75
2020.07.14 14:00:42.937,1.13906,1.13909,2.44,0.75
2020.07.14 14:00:43.038,1.13906,1.1391,1.69,4.95
2020.07.14 14:00:43.139,1.13907,1.1391,1.50,1.50
2020.07.14 14:00:43.241,1.13908,1.1391,0.75,0.75
2020.07.14 14:00:43.343,1.13907,1.1391,1.50,0.75
2020.07.14 14:00:43.444,1.13907,1.13911,1.50,3.19
2020.07.14 14:00:43.899,1.13906,1.13908,1.50,1.12
2020.07.14 14:00:44.001,1.13906,1.13909,1.50,3.16
2020.07.14 14:00:44.102,1.13908,1.1391,0.75,0.75
2020.07.14 14:00:44.203,1.13908,1.13911,1.50,0.75
2020.07.14 14:00:44.305,1.13908,1.13912,1.50,5.51
2020.07.14 14:00:44.406,1.13908,1.13911,0.75,0.37
2020.07.14 14:00:45.268,1.13908,1.13909,0.75,1.50
2020.07.14 14:00:45.371,1.13907,1.13908,0.75,0.37
2020.07.14 14:00:45.473,1.13907,1.1391,0.75,1.50
2020.07.14 14:00:45.847,1.13907,1.13911,0.75,5.14
2020.07.14 14:00:45.949,1.13906,1.1391,1.39,0.75
2020.07.14 14:00:46.000,1.13905,1.13907,0.75,0.75
2020.07.14 14:00:46.050,1.13906,1.13908,0.75,3.53
2020.07.14 14:00:46.152,1.13905,1.13906,0.75,1.50
2020.07.14 14:00:46.304,1.13905,1.13907,0.75,2.44
2020.07.14 14:00:46.557,1.13903,1.13906,2.62,14.77
2020.07.14 14:00:46.659,1.13903,1.13907,0.75,3.94
2020.07.14 14:00:46.761,1.13904,1.13907,0.19,4.10
2020.07.14 14:00:46.864,1.13907,1.13909,0.75,0.75
2020.07.14 14:00:46.915,1.13905,1.13908,0.19,0.37
2020.07.14 14:00:47.118,1.13907,1.13909,1.87,0.75
2020.07.14 14:00:47.219,1.13908,1.13911,0.19,0.37
2020.07.14 14:00:47.321,1.13907,1.1391,1.12,0.75
2020.07.14 14:00:47.523,1.13907,1.13912,2.51,6.26
2020.07.14 14:00:47.675,1.13907,1.1391,1.12,0.37
2020.07.14 14:00:47.828,1.13907,1.13909,1.12,0.75
2020.07.14 14:00:47.929,1.13907,1.1391,1.12,0.75
2020.07.14 14:00:48.136,1.13906,1.13907,0.75,1.50
2020.07.14 14:00:48.238,1.13905,1.13906,3.00,0.75
2020.07.14 14:00:48.339,1.13905,1.13907,2.25,4.28
2020.07.14 14:00:48.541,1.13906,1.13909,1.50,0.10
2020.07.14 14:00:48.643,1.13906,1.1391,3.00,0.94
2020.07.14 14:00:48.744,1.13907,1.1391,0.10,2.78
2020.07.14 14:00:48.846,1.13906,1.1391,1.50,3.19
2020.07.14 14:00:48.948,1.13907,1.13911,2.44,2.62
2020.07.14 14:00:49.150,1.13906,1.1391,3.75,3.94
2020.07.14 14:00:49.252,1.13906,1.13909,0.75,2.44
2020.07.14 14:00:49.404,1.13906,1.13908,0.75,1.69
2020.07.14 14:00:49.759,1.13906,1.13909,1.50,5.06
2020.07.14 14:00:49.860,1.13906,1.13908,0.75,0.37
2020.07.14 14:00:50.012,1.13907,1.13909,0.75,0.37
2020.07.14 14:00:50.164,1.13906,1.13909,1.31,1.01
2020.07.14 14:00:50.417,1.13906,1.13908,0.37,1.69
2020.07.14 14:00:50.771,1.13907,1.13909,0.75,0.75
2020.07.14 14:00:50.923,1.13906,1.13907,0.37,0.75
2020.07.14 14:00:51.126,1.13905,1.13907,0.75,2.44
2020.07.14 14:00:51.334,1.13906,1.13908,0.75,0.75
2020.07.14 14:00:51.436,1.13906,1.13909,0.75,2.25
2020.07.14 14:00:51.537,1.13904,1.13908,3.75,3.94
2020.07.14 14:00:51.639,1.13904,1.13906,3.75,0.75
2020.07.14 14:00:51.993,1.13904,1.13907,0.37,2.44
2020.07.14 14:00:52.094,1.13903,1.13906,2.62,0.75
2020.07.14 14:00:53.163,1.13903,1.13907,1.87,3.16
2020.07.14 14:00:53.265,1.13903,1.13906,1.87,0.37
2020.07.14 14:00:53.366,1.13902,1.13904,1.50,0.75
2020.07.14 14:00:53.467,1.13902,1.13905,0.75,4.12
2020.07.14 14:00:54.074,1.13902,1.13906,2.25,2.97
2020.07.14 14:00:54.227,1.13903,1.13906,1.50,0.75
2020.07.14 14:00:54.328,1.13905,1.13908,0.75,1.50
2020.07.14 14:00:54.430,1.13904,1.13906,0.37,0.75
2020.07.14 14:00:54.480,1.13902,1.13907,3.19,3.19
2020.07.14 14:00:54.582,1.13902,1.13906,1.87,0.94
2020.07.14 14:00:54.835,1.13903,1.13906,0.75,0.94
2020.07.14 14:00:54.937,1.13904,1.13907,0.75,1.69
2020.07.14 14:00:54.988,1.13905,1.13909,3.94,4.92
2020.07.14 14:00:55.089,1.13906,1.1391,0.75,8.86
2020.07.14 14:00:55.191,1.13905,1.13909,0.75,4.01
2020.07.14 14:00:55.292,1.13905,1.13908,0.75,0.75
2020.07.14 14:00:55.495,1.13905,1.13907,0.75,0.75
2020.07.14 14:00:55.596,1.13905,1.13908,0.75,5.78
2020.07.14 14:00:55.850,1.13906,1.13909,0.75,1.20
2020.07.14 14:00:56.052,1.13906,1.13908,0.75,1.69
2020.07.14 14:00:56.154,1.13906,1.13909,1.50,0.75
2020.07.14 14:00:56.357,1.13906,1.1391,1.50,2.44
2020.07.14 14:00:56.458,1.13906,1.13909,0.75,4.69
2020.07.14 14:00:56.560,1.13906,1.13908,0.75,2.25
2020.07.14 14:00:56.661,1.13905,1.13907,0.75,1.69
2020.07.14 14:00:56.712,1.13904,1.13906,0.37,0.75
2020.07.14 14:00:56.813,1.13903,1.13907,1.87,1.69
2020.07.14 14:00:57.268,1.13903,1.13906,0.75,0.75
2020.07.14 14:00:57.604,1.13903,1.13907,0.75,6.53
2020.07.14 14:00:58.065,1.13905,1.13907,0.75,3.37
2020.07.14 14:00:58.116,1.13906,1.13909,0.94,1.87
2020.07.14 14:00:58.217,1.13907,1.13909,0.75,0.37
2020.07.14 14:00:58.319,1.13907,1.1391,1.50,2.60
2020.07.14 14:00:58.421,1.13909,1.1391,0.75,2.60
2020.07.14 14:00:58.472,1.1391,1.13912,0.75,0.37
2020.07.14 14:00:58.573,1.1391,1.13913,1.50,0.94
2020.07.14 14:00:59.352,1.13912,1.13914,0.75,1.69
2020.07.14 14:00:59.454,1.13911,1.13914,1.12,1.69
2020.07.14 14:00:59.607,1.13911,1.13913,0.75,0.94
2020.07.14 14:00:59.709,1.13911,1.13914,3.75,0.75
2020.07.14 14:00:59.811,1.13911,1.13915,0.82,4.31
2020.07.14 14:01:00.013,1.13912,1.13915,0.75,3.19
2020.07.14 14:01:00.578,1.13913,1.13916,0.75,1.50
2020.07.14 14:01:00.679,1.13916,1.13917,0.75,0.75
2020.07.14 14:01:00.730,1.13916,1.13919,2.25,0.75
2020.07.14 14:01:00.832,1.13915,1.13918,1.87,0.75
2020.07.14 14:01:00.933,1.13914,1.13917,0.75,1.50
2020.07.14 14:01:01.035,1.13913,1.13916,0.37,0.75
2020.07.14 14:01:01.136,1.13912,1.13914,0.75,1.12
2020.07.14 14:01:01.238,1.13912,1.13915,1.50,0.75
2020.07.14 14:01:02.118,1.13915,1.13917,0.75,5.97
2020.07.14 14:01:02.221,1.13914,1.13917,0.19,1.87
2020.07.14 14:01:02.322,1.13913,1.13916,0.10,0.75
2020.07.14 14:01:02.474,1.13912,1.13916,3.64,0.75
2020.07.14 14:01:02.727,1.13913,1.13916,0.75,0.75
2020.07.14 14:01:02.828,1.13912,1.13915,3.26,0.37
2020.07.14 14:01:02.980,1.13913,1.13915,0.75,1.12
2020.07.14 14:01:03.098,1.13912,1.13915,4.57,1.12
2020.07.14 14:01:03.200,1.13913,1.13916,0.75,0.75
2020.07.14 14:01:03.656,1.13912,1.13916,5.51,1.50
2020.07.14 14:01:03.808,1.13919,1.1392,1.20,0.75
2020.07.14 14:01:03.859,1.13923,1.13924,0.75,1.12
2020.07.14 14:01:03.909,1.13925,1.13927,1.69,1.20
2020.07.14 14:01:04.011,1.13925,1.13927,3.64,0.75
2020.07.14 14:01:04.112,1.13924,1.13927,2.89,0.75
2020.07.14 14:01:04.214,1.13926,1.13929,0.75,0.75
2020.07.14 14:01:04.519,1.13926,1.1393,5.51,0.75
2020.07.14 14:01:04.621,1.13926,1.13931,5.51,3.37
2020.07.14 14:01:04.743,1.13927,1.1393,3.19,1.50
2020.07.14 14:01:04.845,1.13926,1.13927,4.69,1.95
2020.07.14 14:01:04.896,1.13918,1.13921,0.10,4.12
2020.07.14 14:01:04.948,1.13916,1.1392,0.75,3.07
2020.07.14 14:01:05.000,1.13919,1.13921,1.69,4.95
2020.07.14 14:01:05.103,1.13919,1.13921,6.45,0.94
2020.07.14 14:01:05.205,1.1392,1.13922,1.50,0.75
2020.07.14 14:01:05.307,1.1392,1.13921,0.19,0.75
2020.07.14 14:01:05.408,1.13919,1.13922,0.75,1.50
2020.07.14 14:01:05.510,1.13919,1.13921,0.75,1.50
2020.07.14 14:01:05.713,1.13919,1.13922,0.75,1.50
2020.07.14 14:01:05.815,1.13921,1.13923,0.10,1.87
2020.07.14 14:01:05.916,1.1392,1.13923,0.45,0.37
2020.07.14 14:01:06.069,1.1392,1.13922,0.37,3.37
2020.07.14 14:01:06.373,1.13919,1.13921,0.74,0.75
2020.07.14 14:01:06.829,1.13916,1.13919,0.19,0.37
2020.07.14 14:01:06.880,1.13915,1.13916,0.37,0.75
2020.07.14 14:01:07.133,1.13914,1.13917,2.24,5.11
2020.07.14 14:01:07.235,1.13909,1.13913,187.87,1.12
2020.07.14 14:01:07.337,1.13907,1.13912,1.87,3.26
2020.07.14 14:01:07.438,1.13909,1.13911,0.37,0.75
2020.07.14 14:01:07.641,1.13907,1.13911,210.07,1.50
2020.07.14 14:01:07.743,1.13909,1.13912,1.69,2.25
2020.07.14 14:01:07.945,1.13909,1.13911,0.15,1.50
2020.07.14 14:01:08.047,1.13906,1.13911,5.14,4.10
2020.07.14 14:01:08.451,1.13907,1.13911,0.37,2.97
2020.07.14 14:01:08.553,1.13906,1.13911,4.01,2.60
2020.07.14 14:01:08.654,1.13906,1.1391,3.26,0.37
2020.07.14 14:01:09.011,1.13908,1.13911,0.75,2.22
2020.07.14 14:01:09.516,1.13908,1.13912,1.69,1.31
2020.07.14 14:01:10.465,1.13908,1.13911,0.94,0.37
2020.07.14 14:01:10.728,1.13907,1.13911,1.50,2.60
2020.07.14 14:01:10.831,1.13903,1.13908,3.64,3.72
2020.07.14 14:01:10.934,1.13903,1.13907,1.39,0.45
2020.07.14 14:01:12.177,1.13903,1.13906,1.01,0.37
2020.07.14 14:01:12.279,1.13903,1.13907,1.01,0.82
2020.07.14 14:01:12.380,1.13904,1.13908,1.01,0.37
2020.07.14 14:01:12.638,1.13907,1.1391,0.75,2.22
2020.07.14 14:01:12.741,1.13905,1.13909,0.37,2.89
2020.07.14 14:01:12.894,1.13907,1.13911,2.44,1.57
2020.07.14 14:01:12.995,1.13908,1.13911,0.75,1.50
2020.07.14 14:01:13.096,1.13909,1.13911,0.75,0.75
2020.07.14 14:01:13.299,1.13908,1.13911,0.75,0.75
2020.07.14 14:01:13.552,1.13909,1.13911,0.75,0.75
2020.07.14 14:01:13.653,1.1391,1.13912,0.75,2.22
2020.07.14 14:01:13.705,1.13911,1.13914,0.75,1.20
2020.07.14 14:01:14.243,1.13913,1.13916,1.12,2.60
2020.07.14 14:01:14.345,1.13915,1.13918,2.44,0.75
2020.07.14 14:01:14.446,1.13915,1.13919,2.44,7.50
2020.07.14 14:01:14.548,1.1392,1.13923,0.19,3.37
2020.07.14 14:01:14.649,1.13919,1.13921,0.94,0.37
2020.07.14 14:01:15.106,1.13917,1.1392,2.06,0.37
2020.07.14 14:01:15.208,1.13917,1.13921,0.37,2.06
2020.07.14 14:01:15.718,1.13917,1.1392,0.37,0.75
2020.07.14 14:01:16.074,1.13916,1.1392,1.69,0.75
2020.07.14 14:01:16.704,1.13914,1.13918,3.45,5.89
2020.07.14 14:01:16.806,1.13912,1.13915,7.50,0.75
2020.07.14 14:01:17.009,1.1391,1.13914,1.95,1.31
2020.07.14 14:01:17.111,1.1391,1.13913,0.37,2.51
2020.07.14 14:01:17.263,1.1391,1.13912,0.37,0.94
2020.07.14 14:01:17.366,1.13911,1.13914,1.50,2.06
2020.07.14 14:01:17.467,1.13911,1.13915,2.25,2.06
2020.07.14 14:01:17.569,1.13911,1.13914,0.75,0.94
2020.07.14 14:01:17.671,1.1391,1.13913,0.37,2.06
2020.07.14 14:01:17.825,1.13909,1.13913,3.56,1.12
2020.07.14 14:01:18.029,1.1391,1.13914,0.75,2.44
2020.07.14 14:01:18.131,1.13909,1.13913,2.06,1.87
2020.07.14 14:01:18.182,1.13909,1.13911,0.37,1.57
2020.07.14 14:01:18.437,1.13909,1.1391,0.37,0.19
2020.07.14 14:01:18.538,1.13909,1.13911,0.37,3.91
2020.07.14 14:01:18.791,1.13908,1.13911,1.50,3.16
2020.07.14 14:01:18.993,1.13909,1.13911,0.75,2.78
2020.07.14 14:01:19.145,1.13908,1.13911,2.25,2.03
2020.07.14 14:01:19.297,1.13913,1.13915,1.57,10.87
2020.07.14 14:01:19.399,1.13915,1.13916,0.15,7.50
2020.07.14 14:01:19.500,1.13914,1.13915,0.37,0.37
2020.07.14 14:01:19.602,1.13914,1.13917,0.37,7.36
2020.07.14 14:01:20.078,1.13914,1.13916,0.37,0.37
2020.07.14 14:01:20.129,1.1391,1.13914,2.06,4.20
2020.07.14 14:01:20.230,1.13909,1.13913,3.00,0.19
2020.07.14 14:01:20.281,1.13911,1.13914,1.50,0.19
2020.07.14 14:01:20.383,1.1391,1.13914,2.44,2.70
2020.07.14 14:01:20.485,1.13911,1.13915,2.25,1.69
2020.07.14 14:01:20.619,1.13912,1.13915,1.50,1.31
2020.07.14 14:01:20.725,1.13911,1.13915,3.00,1.31
2020.07.14 14:01:20.877,1.1391,1.13914,0.75,4.69
2020.07.14 14:01:20.978,1.13909,1.13913,0.37,2.81
2020.07.14 14:01:21.080,1.13908,1.13912,0.37,5.81
2020.07.14 14:01:21.181,1.13907,1.13912,1182.19,6.56
2020.07.14 14:01:21.282,1.13907,1.13911,1.69,1.12
2020.07.14 14:01:21.435,1.13908,1.13911,0.75,2.62
2020.07.14 14:01:21.538,1.13907,1.13911,3.37,1.12
2020.07.14 14:01:21.751,1.13914,1.13915,1.50,2.81
2020.07.14 14:01:21.802,1.13916,1.13918,0.75,0.75
2020.07.14 14:01:21.904,1.13916,1.1392,0.37,3.64
2020.07.14 14:01:22.005,1.13917,1.1392,2.25,1.12
2020.07.14 14:01:22.208,1.13917,1.13919,4.50,0.75
2020.07.14 14:01:22.310,1.13917,1.1392,2.44,0.75
2020.07.14 14:01:22.703,1.13917,1.13919,2.25,0.37
2020.07.14 14:01:22.804,1.13917,1.1392,2.25,0.75
2020.07.14 14:01:22.906,1.13919,1.13922,1.12,1.12
2020.07.14 14:01:23.008,1.13917,1.13922,3.26,2.44
2020.07.14 14:01:23.109,1.13916,1.1392,2.25,3.19
2020.07.14 14:01:23.211,1.13918,1.13921,0.75,4.01
2020.07.14 14:01:23.312,1.13917,1.13921,1.50,3.53
2020.07.14 14:01:23.884,1.13917,1.13922,1.50,4.01
2020.07.14 14:01:23.986,1.1392,1.13923,0.19,0.45
2020.07.14 14:01:24.087,1.13919,1.13923,0.75,0.45
2020.07.14 14:01:24.189,1.13919,1.13922,0.75,0.75
2020.07.14 14:01:24.291,1.13919,1.13923,2.25,0.75
2020.07.14 14:01:24.393,1.13919,1.13924,5.81,1.12
2020.07.14 14:01:24.595,1.1392,1.13924,1.87,1.12
2020.07.14 14:01:24.646,1.13924,1.13926,3.75,5.14
2020.07.14 14:01:24.697,1.13921,1.13924,1431.75,0.75
2020.07.14 14:01:24.799,1.1392,1.13924,3.00,1.50
2020.07.14 14:01:24.849,1.13923,1.13925,3.75,4.09
2020.07.14 14:01:24.951,1.1392,1.13924,2.51,0.37
2020.07.14 14:01:25.103,1.13923,1.13925,3.75,2.51
2020.07.14 14:01:25.256,1.13924,1.13926,3.75,0.10
2020.07.14 14:01:25.357,1.13924,1.13927,3.75,5.81
2020.07.14 14:01:25.460,1.13925,1.13928,3.75,5.14
2020.07.14 14:01:25.562,1.13924,1.13926,3.75,0.37
2020.07.14 14:01:26.472,1.13922,1.13923,0.37,0.82
2020.07.14 14:01:26.574,1.13924,1.13925,3.75,2.06
2020.07.14 14:01:26.676,1.13924,1.13926,3.75,1.87
2020.07.14 14:01:26.727,1.13922,1.13923,0.37,0.94
2020.07.14 14:01:26.829,1.13922,1.13925,0.37,5.03
2020.07.14 14:01:26.931,1.13923,1.13925,3.75,2.51
2020.07.14 14:01:26.982,1.13922,1.13924,0.37,0.75
2020.07.14 14:01:27.033,1.13923,1.13925,3.75,2.44
2020.07.14 14:01:27.214,1.13922,1.13924,0.37,1.57
2020.07.14 14:01:27.316,1.13923,1.13925,3.75,4.01
2020.07.14 14:01:27.367,1.13922,1.13924,0.37,1.50
2020.07.14 14:01:27.418,1.13918,1.13921,2.14,0.75
2020.07.14 14:01:27.520,1.13918,1.13922,0.37,1.69
2020.07.14 14:01:27.621,1.13917,1.13921,2.89,0.75
2020.07.14 14:01:28.878,1.13918,1.13921,0.75,1.12
2020.07.14 14:01:28.981,1.13917,1.13921,1606.50,1.12
2020.07.14 14:01:29.091,1.13919,1.13921,1612.69,0.37
2020.07.14 14:01:29.193,1.13918,1.13921,1.76,0.37
2020.07.14 14:01:29.295,1.13919,1.13921,0.19,0.37
2020.07.14 14:01:29.649,1.1392,1.13921,1.76,0.37
2020.07.14 14:01:29.802,1.13919,1.13921,1.69,0.37
2020.07.14 14:01:29.904,1.13918,1.13921,0.19,0.37
2020.07.14 14:01:30.007,1.13917,1.13921,2.44,0.37
2020.07.14 14:01:30.160,1.13918,1.13921,0.19,0.37
2020.07.14 14:01:30.264,1.13919,1.13921,2.59,0.37
2020.07.14 14:01:30.469,1.13918,1.13921,2.51,1.12
2020.07.14 14:01:30.927,1.13919,1.13921,0.75,0.37
2020.07.14 14:01:31.028,1.13918,1.13921,3.00,0.37
2020.07.14 14:01:31.231,1.13917,1.13919,0.37,0.75
2020.07.14 14:01:31.643,1.13914,1.13916,6.07,2.32
2020.07.14 14:01:31.745,1.13912,1.13913,8.25,0.45
2020.07.14 14:01:31.847,1.13912,1.13914,7.50,1.50
2020.07.14 14:01:31.900,1.1391,1.13914,2.44,1.50
2020.07.14 14:01:32.002,1.1391,1.13913,0.94,0.75
2020.07.14 14:01:32.103,1.13909,1.13912,0.94,0.75
2020.07.14 14:01:32.205,1.13909,1.13913,0.94,4.95
2020.07.14 14:01:32.306,1.13909,1.13911,1.31,1.50
2020.07.14 14:01:32.408,1.13909,1.13912,0.94,4.12
2020.07.14 14:01:33.068,1.1391,1.13913,0.75,1.87
2020.07.14 14:01:33.170,1.13908,1.13911,1.50,0.94
2020.07.14 14:01:33.526,1.13907,1.1391,1.50,1.69
2020.07.14 14:01:33.628,1.13907,1.13911,0.75,3.37
2020.07.14 14:01:33.729,1.13906,1.13909,2.25,0.37
2020.07.14 14:01:33.881,1.13906,1.13908,0.75,1.57
2020.07.14 14:01:34.034,1.13906,1.13907,0.75,0.37
2020.07.14 14:01:34.135,1.13906,1.13908,0.75,3.26
2020.07.14 14:01:34.237,1.13905,1.13906,2.25,0.37
2020.07.14 14:01:34.339,1.13905,1.13907,2.25,0.37
2020.07.14 14:01:34.666,1.13904,1.13907,0.37,1.12
2020.07.14 14:01:35.728,1.13905,1.13908,3.00,0.75
2020.07.14 14:01:35.880,1.13903,1.13907,2110.95,1.31
2020.07.14 14:01:36.032,1.13904,1.13908,0.94,3.37
2020.07.14 14:01:36.367,1.13903,1.13907,1.12,0.94
2020.07.14 14:01:36.491,1.13904,1.13908,0.94,3.45
2020.07.14 14:01:37.403,1.13905,1.13908,0.75,1.95
2020.07.14 14:01:37.555,1.13906,1.13908,0.75,1.12
2020.07.14 14:01:37.656,1.13906,1.13909,1.50,3.56
2020.07.14 14:01:37.909,1.13906,1.13908,0.75,0.75
2020.07.14 14:01:38.011,1.13906,1.13909,0.75,3.56
2020.07.14 14:01:39.012,1.13908,1.1391,1.50,1.50
2020.07.14 14:01:39.114,1.13909,1.13912,1.69,0.75
2020.07.14 14:01:39.216,1.13909,1.13911,2.44,0.75
2020.07.14 14:01:39.988,1.13909,1.13911,0.56,0.75
2020.07.14 14:01:40.145,1.13909,1.13912,0.19,0.75
2020.07.14 14:01:40.297,1.13909,1.13911,0.19,0.75
2020.07.14 14:01:40.486,1.13909,1.13912,0.19,0.75
2020.07.14 14:01:40.741,1.13907,1.13908,3.00,0.75
2020.07.14 14:01:40.842,1.13908,1.13909,0.37,0.37
2020.07.14 14:01:40.944,1.13908,1.1391,0.37,0.37
2020.07.14 14:01:41.045,1.13908,1.13911,0.37,1.12
2020.07.14 14:01:41.197,1.13909,1.13911,0.75,0.75
2020.07.14 14:01:41.502,1.13908,1.13911,0.37,0.75
2020.07.14 14:01:41.654,1.13907,1.13911,3.94,0.75
2020.07.14 14:01:41.965,1.13907,1.1391,3.94,1.50
2020.07.14 14:01:42.067,1.13907,1.13909,1.50,1.31
2020.07.14 14:01:42.273,1.13908,1.13911,0.94,2.62
2020.07.14 14:01:42.577,1.13908,1.1391,0.56,0.37
2020.07.14 14:01:42.803,1.13907,1.1391,2601.19,0.37
2020.07.14 14:01:42.956,1.13909,1.13911,0.37,3.75
2020.07.14 14:01:43.057,1.13908,1.13911,2618.44,2.25
2020.07.14 14:01:43.159,1.13911,1.13912,0.75,0.82
2020.07.14 14:01:43.952,1.13909,1.13911,1.50,0.75
2020.07.14 14:01:44.064,1.13908,1.13911,2692.31,0.75
2020.07.14 14:01:44.166,1.13909,1.13911,1.50,0.75
2020.07.14 14:01:44.419,1.1391,1.13911,0.19,0.75
2020.07.14 14:01:44.521,1.13908,1.13911,2.06,1.50
2020.07.14 14:01:45.784,1.13905,1.13907,1.69,0.75
2020.07.14 14:01:46.040,1.13906,1.13908,0.19,0.75
2020.07.14 14:01:46.143,1.13907,1.1391,0.75,3.37
2020.07.14 14:01:46.245,1.13906,1.13909,2839.12,0.75
2020.07.14 14:01:46.348,1.13906,1.1391,2846.25,4.31
2020.07.14 14:01:46.451,1.13906,1.13908,2853.37,0.75
2020.07.14 14:01:46.705,1.13905,1.13907,2872.50,0.75
2020.07.14 14:01:46.958,1.13909,1.1391,1.57,0.37
2020.07.14 14:01:47.060,1.13908,1.13909,3.75,0.75
2020.07.14 14:01:47.161,1.13905,1.13908,7.69,1.50
2020.07.14 14:01:47.365,1.13904,1.13908,1.39,2.62
2020.07.14 14:01:47.466,1.13905,1.13908,1.01,1.12
2020.07.14 14:01:47.669,1.13904,1.13906,2945.25,0.75
2020.07.14 14:01:47.872,1.13902,1.13906,2.25,2.44
2020.07.14 14:01:48.431,1.13901,1.13905,3004.69,0.75
2020.07.14 14:01:48.532,1.139,1.13905,3.26,5.81
2020.07.14 14:01:48.634,1.13902,1.13906,0.75,4.31
2020.07.14 14:01:48.888,1.13903,1.13906,0.94,4.31
2020.07.14 14:01:49.192,1.13902,1.13906,0.94,3.37
2020.07.14 14:01:49.394,1.13903,1.13906,0.19,3.37
2020.07.14 14:01:49.850,1.13902,1.13906,0.94,3.37
2020.07.14 14:01:49.952,1.13901,1.13904,0.19,1.50
2020.07.14 14:01:50.206,1.13901,1.13905,1.31,1.87
2020.07.14 14:01:50.408,1.13901,1.13904,1.31,0.75
2020.07.14 14:01:50.713,1.139,1.13902,3168.00,0.75
2020.07.14 14:01:53.375,1.139,1.13903,0.19,2.62
2020.07.14 14:01:53.629,1.13901,1.13903,0.37,1.87
2020.07.14 14:01:53.731,1.13903,1.13906,0.37,7.73
2020.07.14 14:01:53.832,1.13901,1.13905,0.82,1.31
2020.07.14 14:01:53.934,1.13907,1.13908,0.82,0.75
2020.07.14 14:01:53.985,1.13908,1.1391,3.45,8.62
2020.07.14 14:01:54.087,1.1391,1.13911,0.94,7.50
2020.07.14 14:01:54.190,1.1391,1.13912,0.94,0.75
2020.07.14 14:01:54.293,1.1391,1.13914,4.76,3.72
2020.07.14 14:01:54.395,1.13911,1.13914,3425.51,0.37
2020.07.14 14:01:54.496,1.13912,1.13916,0.10,3.94
2020.07.14 14:01:54.598,1.13911,1.13916,3442.01,5.14
2020.07.14 14:01:54.699,1.13911,1.13915,3451.01,1.50
2020.07.14 14:01:54.801,1.13912,1.13916,1.69,3.45
2020.07.14 14:01:55.109,1.13912,1.13915,1.12,0.75
2020.07.14 14:01:55.211,1.13912,1.13916,1.12,4.39
2020.07.14 14:01:55.313,1.13912,1.13915,0.37,0.75
2020.07.14 14:01:55.364,1.13916,1.13918,0.19,0.45
2020.07.14 14:01:55.415,1.13914,1.13918,1.69,1.95
2020.07.14 14:01:55.516,1.13915,1.13918,0.75,1.20
2020.07.14 14:01:55.618,1.13914,1.13918,1.31,1.95
2020.07.14 14:01:55.668,1.13914,1.13916,0.37,0.10
2020.07.14 14:01:55.770,1.13911,1.13913,8.25,4.92
2020.07.14 14:01:55.872,1.13908,1.13911,0.19,0.75
2020.07.14 14:01:55.973,1.13907,1.1391,0.56,0.37
2020.07.14 14:01:56.863,1.13908,1.13912,1.12,2.51
2020.07.14 14:01:56.965,1.13907,1.13912,1.87,2.51
2020.07.14 14:01:57.067,1.13907,1.13911,0.37,0.37
2020.07.14 14:01:57.219,1.13907,1.1391,1.12,0.37
2020.07.14 14:01:57.472,1.13907,1.13911,1.12,3.16
2020.07.14 14:01:57.523,1.13909,1.13911,0.75,2.60
2020.07.14 14:01:57.625,1.1391,1.13913,1.76,1.50
2020.07.14 14:01:57.828,1.1391,1.13912,0.75,0.75
2020.07.14 14:01:58.296,1.13909,1.13912,0.37,0.75
2020.07.14 14:01:58.650,1.13908,1.13912,0.19,0.75
2020.07.14 14:01:58.752,1.13909,1.13912,0.19,0.37
2020.07.14 14:01:59.126,1.1391,1.13913,1.69,1.85
2020.07.14 14:01:59.531,1.13911,1.13915,2.25,3.23
2020.07.14 14:01:59.735,1.1391,1.13915,5.14,3.56
2020.07.14 14:01:59.838,1.1391,1.13913,1.12,1.50
2020.07.14 14:02:00.041,1.1391,1.13914,0.75,0.82
2020.07.14 14:02:00.449,1.13909,1.13914,2.44,1.57
2020.07.14 14:02:00.551,1.13908,1.13912,0.19,0.37
2020.07.14 14:02:00.652,1.13908,1.13913,1.69,6.80
2020.07.14 14:02:00.754,1.13909,1.13913,0.75,5.97
2020.07.14 14:02:00.856,1.13909,1.13912,1.50,0.37
2020.07.14 14:02:01.312,1.1391,1.13913,0.10,1.50
2020.07.14 14:02:01.414,1.13909,1.13913,4.69,1.85
2020.07.14 14:02:01.670,1.1391,1.13913,0.19,1.85
2020.07.14 14:02:02.541,1.13909,1.13913,0.75,3.00
2020.07.14 14:02:02.642,1.13911,1.13914,0.94,5.60
2020.07.14 14:02:03.412,1.13912,1.13916,0.75,2.59
2020.07.14 14:02:03.817,1.13912,1.13917,1.69,8.48
2020.07.14 14:02:04.020,1.13912,1.13916,1.69,0.75
2020.07.14 14:02:04.121,1.13912,1.13914,0.94,0.75
2020.07.14 14:02:04.223,1.13911,1.13914,2.44,0.75
2020.07.14 14:02:04.427,1.13911,1.13915,1.69,6.42
2020.07.14 14:02:04.696,1.13911,1.13916,2.14,5.78
2020.07.14 14:02:04.798,1.13911,1.13915,1.69,0.75
2020.07.14 14:02:04.899,1.13911,1.13916,2.51,3.94
2020.07.14 14:02:05.070,1.13912,1.13916,0.37,3.94
2020.07.14 14:02:05.380,1.13913,1.13916,0.94,2.25
2020.07.14 14:02:05.481,1.13915,1.13918,7.76,0.82
2020.07.14 14:02:05.583,1.13915,1.13917,2.25,0.75
2020.07.14 14:02:05.786,1.13914,1.13917,0.19,1.50
2020.07.14 14:02:05.887,1.13914,1.13918,0.19,1.57
2020.07.14 14:02:06.090,1.13913,1.13918,7.01,2.32
2020.07.14 14:02:06.242,1.13913,1.13917,7.01,0.75
2020.07.14 14:02:06.344,1.13915,1.13919,1.50,6.42
2020.07.14 14:02:06.446,1.13916,1.1392,0.94,5.22
2020.07.14 14:02:06.549,1.13914,1.13918,2.51,5.67
2020.07.14 14:02:06.651,1.13914,1.13917,0.94,0.75
2020.07.14 14:02:07.025,1.13914,1.13918,0.94,6.42
2020.07.14 14:02:07.127,1.13916,1.1392,2.51,2.30
2020.07.14 14:02:08.122,1.13916,1.13919,2.51,0.75
2020.07.14 14:02:08.224,1.13915,1.13917,0.75,3.35
2020.07.14 14:02:08.477,1.13914,1.13917,1.57,3.35
2020.07.14 14:02:08.578,1.13915,1.13918,2.06,1.50
2020.07.14 14:02:08.680,1.13915,1.13919,2.06,2.97
2020.07.14 14:02:08.832,1.13915,1.13918,1.69,1.87
2020.07.14 14:02:10.144,1.13914,1.13918,0.75,4.47
2020.07.14 14:02:10.246,1.13917,1.13919,0.37,0.37
2020.07.14 14:02:10.347,1.13917,1.1392,0.37,1.87
2020.07.14 14:02:10.449,1.13917,1.13921,0.37,7.28
2020.07.14 14:02:10.550,1.13917,1.1392,0.37,1.85
2020.07.14 14:02:10.753,1.13916,1.13918,0.75,1.50
2020.07.14 14:02:10.804,1.13916,1.1392,0.94,2.62
2020.07.14 14:02:10.905,1.13915,1.13918,3.94,0.75
2020.07.14 14:02:11.007,1.13914,1.13918,6.19,2.60
2020.07.14 14:02:11.109,1.13914,1.13917,0.75,0.75
2020.07.14 14:02:11.210,1.13913,1.13917,0.75,0.75
2020.07.14 14:02:11.325,1.13913,1.13915,0.75,0.75
2020.07.14 14:02:11.527,1.13912,1.13917,5.89,2.60
2020.07.14 14:02:11.628,1.13912,1.13916,4.39,0.37
2020.07.14 14:02:12.083,1.13913,1.13917,0.37,2.97
2020.07.14 14:02:12.437,1.13914,1.13917,0.37,3.72
2020.07.14 14:02:12.538,1.13914,1.13918,0.37,1.50
2020.07.14 14:02:12.639,1.13913,1.13917,2.51,0.37
2020.07.14 14:02:13.102,1.13914,1.13916,1.50,0.37
2020.07.14 14:02:13.153,1.13914,1.13918,2.44,1.50
2020.07.14 14:02:13.255,1.13914,1.13917,1.69,1.50
2020.07.14 14:02:13.356,1.13913,1.13916,2.44,0.75
2020.07.14 14:02:13.457,1.13913,1.13917,2.44,2.25
2020.07.14 14:02:13.565,1.13913,1.13916,2.44,0.75
2020.07.14 14:02:13.666,1.13913,1.13917,2.44,2.25
2020.07.14 14:02:13.768,1.13914,1.13918,3.64,2.60
2020.07.14 14:02:14.172,1.13916,1.13919,1.01,2.25
2020.07.14 14:02:14.223,1.13914,1.13918,3.94,2.60
2020.07.14 14:02:14.773,1.13914,1.13916,1.69,0.75
2020.07.14 14:02:14.874,1.13915,1.13918,0.19,1.50
2020.07.14 14:02:15.177,1.13916,1.13919,0.94,1.85
2020.07.14 14:02:15.279,1.13916,1.1392,2.44,1.12
2020.07.14 14:02:15.431,1.13917,1.13921,1.50,5.03
2020.07.14 14:02:15.533,1.1392,1.13921,0.75,0.75
2020.07.14 14:02:15.584,1.13921,1.13923,0.94,2.25
2020.07.14 14:02:15.686,1.1392,1.13923,3.75,0.75
2020.07.14 14:02:15.788,1.1392,1.13924,3.19,1.12
2020.07.14 14:02:15.889,1.13922,1.13924,0.37,0.75
2020.07.14 14:02:15.991,1.13921,1.13926,2.44,7.66
2020.07.14 14:02:16.149,1.13923,1.13927,2.44,3.35
2020.07.14 14:02:16.351,1.13925,1.13929,0.75,3.37
2020.07.14 14:02:16.453,1.13924,1.13927,1.50,0.75
2020.07.14 14:02:16.554,1.13923,1.13926,0.10,0.75
2020.07.14 14:02:16.605,1.13927,1.13929,0.75,0.45
2020.07.14 14:02:16.706,1.13926,1.13929,1.31,0.75
2020.07.14 14:02:16.959,1.13926,1.13927,0.37,1.50
2020.07.14 14:02:17.061,1.13926,1.13928,0.37,4.12
2020.07.14 14:02:17.314,1.13924,1.13928,4.76,1.87
2020.07.14 14:02:17.466,1.13923,1.13928,5.14,4.87
2020.07.14 14:02:17.736,1.13923,1.13926,0.37,1.50
2020.07.14 14:02:18.233,1.13923,1.13927,0.75,6.72
2020.07.14 14:02:18.334,1.13923,1.13926,3.94,0.37
2020.07.14 14:02:19.241,1.13926,1.13929,1.31,2.89
2020.07.14 14:02:19.343,1.13925,1.13928,0.19,2.25
2020.07.14 14:02:19.444,1.13926,1.13928,0.56,1.12
2020.07.14 14:02:19.553,1.13927,1.13928,0.75,1.50
2020.07.14 14:02:19.604,1.13925,1.13927,0.75,0.75
2020.07.14 14:02:19.655,1.13921,1.13924,0.94,1.76
2020.07.14 14:02:19.757,1.13919,1.13921,1.69,1.50
2020.07.14 14:02:19.909,1.13917,1.1392,7.50,2.06
2020.07.14 14:02:20.010,1.13916,1.1392,0.82,1.31
2020.07.14 14:02:20.262,1.13915,1.13919,4.76,0.75
2020.07.14 14:02:20.364,1.13916,1.13919,0.37,0.37
2020.07.14 14:02:20.920,1.13915,1.13917,0.75,2.25
2020.07.14 14:02:21.021,1.13913,1.13917,7.01,1.87
2020.07.14 14:02:21.476,1.13915,1.13917,1.95,0.37
2020.07.14 14:02:21.527,1.13916,1.13919,3.00,3.37
2020.07.14 14:02:21.628,1.13916,1.1392,2.32,3.56
2020.07.14 14:02:22.134,1.13915,1.13916,1.50,0.10
2020.07.14 14:02:22.185,1.13913,1.13914,0.75,2.25
2020.07.14 14:02:22.236,1.13909,1.1391,1.69,0.10
2020.07.14 14:02:22.337,1.13907,1.1391,0.10,1.76
2020.07.14 14:02:23.044,1.13907,1.13909,0.10,1.50
2020.07.14 14:02:23.256,1.13907,1.1391,0.10,2.86
2020.07.14 14:02:23.913,1.13906,1.13909,4.50,0.75
2020.07.14 14:02:24.015,1.13907,1.13909,0.75,1.87
2020.07.14 14:02:24.368,1.13907,1.1391,0.75,4.47
2020.07.14 14:02:24.723,1.13909,1.13911,0.75,1.50
2020.07.14 14:02:24.824,1.13908,1.13912,4.01,3.00
2020.07.14 14:02:24.926,1.13907,1.13911,5.62,0.94
2020.07.14 14:02:25.027,1.13907,1.1391,0.75,1.50
2020.07.14 14:02:25.128,1.13906,1.1391,1.69,2.62
2020.07.14 14:02:25.533,1.13907,1.13911,0.75,5.03
2020.07.14 14:02:25.635,1.13906,1.13911,3.56,4.01
2020.07.14 14:02:26.704,1.13909,1.13911,1.50,2.78
2020.07.14 14:02:26.806,1.13909,1.13913,0.94,3.37
2020.07.14 14:02:26.907,1.13909,1.13912,0.75,0.75
2020.07.14 14:02:27.009,1.1391,1.13914,2.44,1.50
2020.07.14 14:02:27.262,1.13911,1.13914,3.75,0.75
2020.07.14 14:02:27.415,1.13911,1.13915,3.26,1.87
2020.07.14 14:02:27.517,1.13913,1.13916,0.75,1.85
2020.07.14 14:02:27.619,1.13915,1.13919,1.31,8.32
2020.07.14 14:02:27.721,1.13913,1.13917,2.06,0.75
2020.07.14 14:02:27.843,1.13914,1.13917,1.12,0.75
2020.07.14 14:02:27.945,1.13914,1.13918,1.31,1.12
2020.07.14 14:02:28.047,1.13915,1.13919,1.12,2.70
2020.07.14 14:02:28.148,1.13915,1.13918,0.37,0.75
2020.07.14 14:02:28.249,1.13914,1.13918,4.87,0.75
2020.07.14 14:02:28.351,1.13915,1.13917,0.37,0.75
2020.07.14 14:02:28.452,1.13912,1.13916,7.76,1.57
2020.07.14 14:02:28.554,1.13912,1.13917,4.76,6.53
2020.07.14 14:02:28.655,1.13912,1.13916,1.12,2.51
2020.07.14 14:02:28.758,1.13911,1.13916,5.89,2.51
2020.07.14 14:02:28.911,1.13911,1.13915,5.14,0.75
2020.07.14 14:02:29.012,1.13912,1.13914,0.75,0.75
2020.07.14 14:02:29.114,1.13911,1.13915,4.39,0.75
2020.07.14 14:02:29.875,1.1391,1.13913,4.69,0.75
2020.07.14 14:02:29.925,1.13911,1.13915,1.12,2.51
2020.07.14 14:02:30.027,1.13912,1.13915,0.37,1.50
2020.07.14 14:02:30.078,1.13915,1.13917,2.89,2.62
2020.07.14 14:02:30.179,1.13914,1.13917,3.19,0.37
2020.07.14 14:02:30.281,1.13913,1.13915,10.76,0.75
2020.07.14 14:02:30.332,1.13913,1.13917,9.26,2.25
2020.07.14 14:02:30.433,1.13914,1.13917,0.19,1.50
2020.07.14 14:02:30.534,1.13914,1.13918,0.94,2.70
2020.07.14 14:02:30.636,1.13914,1.13917,0.19,0.94
2020.07.14 14:02:30.890,1.13916,1.13919,1.57,2.62
2020.07.14 14:02:30.991,1.13916,1.1392,0.64,2.60
2020.07.14 14:02:31.093,1.13914,1.13918,3.26,2.32
2020.07.14 14:02:31.194,1.13916,1.13919,0.37,0.82
2020.07.14 14:02:31.548,1.13915,1.13919,2.14,0.75
2020.07.14 14:02:31.802,1.13918,1.13921,0.10,6.07
2020.07.14 14:02:31.906,1.13916,1.13919,0.19,0.75
2020.07.14 14:02:32.008,1.13914,1.13917,1.31,0.75
2020.07.14 14:02:32.507,1.13914,1.13918,1.31,4.17
2020.07.14 14:02:32.912,1.13914,1.13917,1.31,1.50
2020.07.14 14:02:33.227,1.13915,1.13918,0.19,2.60
2020.07.14 14:02:33.329,1.13914,1.13918,0.37,2.51
2020.07.14 14:02:33.431,1.13914,1.13917,0.37,0.75
2020.07.14 14:02:33.685,1.13913,1.13917,6.00,1.85
2020.07.14 14:02:33.985,1.13915,1.13917,2.25,1.85
2020.07.14 14:02:34.037,1.13916,1.1392,1.57,5.30
2020.07.14 14:02:34.139,1.13917,1.13921,1.50,1.57
2020.07.14 14:02:34.241,1.13916,1.13921,7.76,1.50
2020.07.14 14:02:34.393,1.13916,1.13919,2.25,0.75
2020.07.14 14:02:34.495,1.13915,1.1392,5.32,3.75
2020.07.14 14:02:34.727,1.13916,1.13919,1.50,0.75
2020.07.14 14:02:34.929,1.13915,1.13919,4.20,0.75
2020.07.14 14:02:34.980,1.13916,1.13921,2.25,7.73
2020.07.14 14:02:35.183,1.13916,1.1392,6.07,0.75
2020.07.14 14:02:35.284,1.13915,1.1392,3.82,3.37
2020.07.14 14:02:35.386,1.13918,1.1392,0.26,1.50
2020.07.14 14:02:35.488,1.1392,1.13921,0.37,0.75
2020.07.14 14:02:35.589,1.13918,1.13921,0.45,0.37
2020.07.14 14:02:35.893,1.13918,1.13922,0.75,4.57
2020.07.14 14:02:36.638,1.13917,1.13922,3.82,6.45
2020.07.14 14:02:36.790,1.13917,1.13921,0.10,1.31
2020.07.14 14:02:36.841,1.13916,1.13918,0.19,1.12
2020.07.14 14:02:36.892,1.13913,1.13917,2.51,0.75
2020.07.14 14:02:37.144,1.13913,1.13916,0.94,0.37
2020.07.14 14:02:37.246,1.13913,1.13917,2.44,1.95
2020.07.14 14:02:38.735,1.13913,1.13916,0.75,1.50
2020.07.14 14:02:38.786,1.13911,1.13915,5.14,0.82
2020.07.14 14:02:38.888,1.1391,1.13912,0.10,3.94
2020.07.14 14:02:38.939,1.13908,1.13911,8.25,0.75
2020.07.14 14:02:40.035,1.1391,1.13912,0.75,1.87
2020.07.14 14:02:40.086,1.13911,1.13914,0.75,0.75
2020.07.14 14:02:40.188,1.13913,1.13915,0.37,0.37
2020.07.14 14:02:40.289,1.13913,1.13916,0.37,3.91
2020.07.14 14:02:40.441,1.13912,1.13916,0.75,2.06
2020.07.14 14:02:40.756,1.13912,1.13915,0.37,0.82
2020.07.14 14:02:40.857,1.13912,1.13914,0.37,0.75
2020.07.14 14:02:41.264,1.13913,1.13916,0.37,2.62
2020.07.14 14:02:41.366,1.13912,1.13916,1.12,1.87
2020.07.14 14:02:41.467,1.13912,1.13915,1.87,0.75
2020.07.14 14:02:41.608,1.13912,1.13916,1.87,0.75
2020.07.14 14:02:41.760,1.13913,1.13916,1.12,1.12
2020.07.14 14:02:41.862,1.13912,1.13916,1.95,0.75
2020.07.14 14:02:42.596,1.13912,1.13915,0.75,5.14
2020.07.14 14:02:42.698,1.13911,1.13915,2.32,1.87
2020.07.14 14:02:43.001,1.13911,1.13914,0.10,1.69
2020.07.14 14:02:43.103,1.1391,1.13914,2.81,0.75
2020.07.14 14:02:43.204,1.13911,1.13914,0.10,0.94
2020.07.14 14:02:43.306,1.1391,1.13914,1.57,0.94
2020.07.14 14:02:43.407,1.13912,1.13915,1.87,4.28
2020.07.14 14:02:43.508,1.13914,1.13915,0.75,1.50
2020.07.14 14:02:43.559,1.13915,1.13917,0.75,0.37
2020.07.14 14:02:43.661,1.13914,1.13917,0.10,0.75
2020.07.14 14:02:43.762,1.13914,1.13918,0.10,6.98
2020.07.14 14:02:44.318,1.13913,1.13918,1.87,5.89
2020.07.14 14:02:44.420,1.13913,1.13916,0.75,0.75
2020.07.14 14:02:44.572,1.13912,1.13916,1.57,2.25
2020.07.14 14:02:44.673,1.13911,1.13916,7.09,2.25
2020.07.14 14:02:44.774,1.13911,1.13915,6.34,0.75
2020.07.14 14:02:44.901,1.13912,1.13917,1.50,5.89
2020.07.14 14:02:44.954,1.13914,1.13917,0.75,5.41
2020.07.14 14:02:45.055,1.13913,1.13917,0.75,2.62
2020.07.14 14:02:45.207,1.13912,1.13917,7.09,2.62
2020.07.14 14:02:45.747,1.13913,1.13917,0.75,2.62
2020.07.14 14:02:45.899,1.13915,1.13917,0.82,0.75
2020.07.14 14:02:45.950,1.13915,1.13919,3.07,3.19
2020.07.14 14:02:46.051,1.13917,1.1392,0.75,2.44
2020.07.14 14:02:47.153,1.13918,1.1392,3.00,0.75
2020.07.14 14:02:47.557,1.13917,1.1392,3.75,0.75
2020.07.14 14:02:47.659,1.13916,1.13918,0.75,1.69
2020.07.14 14:02:47.760,1.13913,1.13917,0.45,1.69
2020.07.14 14:02:49.051,1.13912,1.13915,5.25,0.75
2020.07.14 14:02:49.153,1.13912,1.13916,0.75,2.44
2020.07.14 14:02:49.839,1.13913,1.13916,0.37,5.22
2020.07.14 14:02:49.941,1.13912,1.13916,1.57,3.37
2020.07.14 14:02:50.042,1.13913,1.13916,0.37,1.87
2020.07.14 14:02:50.509,1.13912,1.13916,5.40,1.87
2020.07.14 14:02:51.533,1.13912,1.13914,4.87,0.37
2020.07.14 14:02:51.686,1.13913,1.13916,0.75,1.12
2020.07.14 14:02:51.787,1.13913,1.13917,0.37,2.62
2020.07.14 14:02:52.293,1.13913,1.13916,0.37,0.75
2020.07.14 14:02:52.394,1.13913,1.13917,1.12,3.56
2020.07.14 14:02:52.597,1.13913,1.13918,1.57,8.41
2020.07.14 14:02:52.699,1.13914,1.13919,5.25,3.64
2020.07.14 14:02:52.801,1.13914,1.13918,3.07,1.69
2020.07.14 14:02:52.902,1.13913,1.13917,2.62,0.75
2020.07.14 14:02:53.104,1.13913,1.13916,0.75,1.50
2020.07.14 14:02:53.206,1.13913,1.13917,0.75,2.44
2020.07.14 14:02:53.358,1.13913,1.13916,0.75,0.75
2020.07.14 14:02:53.459,1.13912,1.13916,1.95,1.50
2020.07.14 14:02:53.984,1.13912,1.13917,1.95,3.19
2020.07.14 14:02:54.735,1.13912,1.13914,0.75,0.56
2020.07.14 14:02:54.786,1.13912,1.13916,2.32,4.31
2020.07.14 14:02:55.901,1.13911,1.13914,0.75,0.37
2020.07.14 14:02:55.951,1.13912,1.13916,0.37,9.23
2020.07.14 14:02:56.103,1.13912,1.13915,0.45,1.85
2020.07.14 14:02:56.205,1.13912,1.13916,0.82,3.56
2020.07.14 14:02:56.565,1.13911,1.13915,1.12,3.82
2020.07.14 14:02:56.668,1.13909,1.13914,2.70,10.73
2020.07.14 14:02:56.770,1.1391,1.13914,3.82,3.19
2020.07.14 14:02:57.428,1.1391,1.13913,0.75,0.75
2020.07.14 14:02:57.631,1.1391,1.13914,0.75,6.26
2020.07.14 14:02:58.162,1.1391,1.13913,0.75,0.75
2020.07.14 14:02:58.543,1.13911,1.13913,0.75,0.75
2020.07.14 14:02:58.594,1.13909,1.13914,5.14,3.26
2020.07.14 14:02:58.704,1.1391,1.13914,0.75,4.01
2020.07.14 14:02:58.919,1.13909,1.13914,5.89,3.26
2020.07.14 14:02:59.020,1.1391,1.13914,0.82,2.06
2020.07.14 14:02:59.172,1.13911,1.13914,1.50,1.69
2020.07.14 14:02:59.390,1.1391,1.13914,3.07,2.06
2020.07.14 14:02:59.592,1.13909,1.13913,6.26,1.50
2020.07.14 14:03:00.381,1.13908,1.1391,0.82,0.75
2020.07.14 14:03:00.483,1.13907,1.13909,0.37,0.19
2020.07.14 14:03:00.533,1.13907,1.13911,0.45,8.03
2020.07.14 14:03:00.989,1.13907,1.1391,1.20,0.75
2020.07.14 14:03:01.090,1.13908,1.13911,2.25,2.62
2020.07.14 14:03:01.191,1.1391,1.13912,0.75,1.50
2020.07.14 14:03:01.242,1.1391,1.13914,2.32,3.64
2020.07.14 14:03:01.796,1.13912,1.13914,0.10,2.62
2020.07.14 14:03:02.151,1.13912,1.13913,0.10,0.75
2020.07.14 14:03:02.202,1.13912,1.13915,0.45,2.14
2020.07.14 14:03:03.874,1.13916,1.13918,1.50,0.10
2020.07.14 14:03:03.975,1.13915,1.13919,3.00,1.76
2020.07.14 14:03:04.178,1.13916,1.13919,1.12,0.94
2020.07.14 14:03:04.282,1.13915,1.13918,2.25,0.94
2020.07.14 14:03:04.434,1.13915,1.13917,0.37,0.75
2020.07.14 14:03:04.535,1.13914,1.13918,3.00,1.69
2020.07.14 14:03:04.637,1.13915,1.13918,0.37,0.94
2020.07.14 14:03:05.072,1.13916,1.13918,1.50,0.75
2020.07.14 14:03:05.173,1.13915,1.13917,1.87,0.94
2020.07.14 14:03:05.224,1.13916,1.13919,0.75,2.44
2020.07.14 14:03:05.326,1.13916,1.1392,2.62,4.36
2020.07.14 14:03:05.427,1.13917,1.1392,1.87,0.75
2020.07.14 14:03:05.529,1.13918,1.1392,0.37,0.75
2020.07.14 14:03:05.731,1.13918,1.13921,1.87,1.69
2020.07.14 14:03:05.933,1.13917,1.1392,1.12,0.19
2020.07.14 14:03:06.136,1.13918,1.13921,0.75,0.94
2020.07.14 14:03:06.440,1.13918,1.13922,0.75,3.61
2020.07.14 14:03:08.196,1.13919,1.13921,0.37,0.75
2020.07.14 14:03:08.298,1.13921,1.13924,2.25,0.19
2020.07.14 14:03:08.349,1.1392,1.13922,1.87,0.75
2020.07.14 14:03:08.713,1.1392,1.13923,1.87,5.51
2020.07.14 14:03:08.814,1.1392,1.13924,3.75,0.94
2020.07.14 14:03:08.916,1.1392,1.13923,1.50,2.51
2020.07.14 14:03:09.017,1.13919,1.13923,2.62,3.26
2020.07.14 14:03:09.119,1.1392,1.13923,0.75,3.19
2020.07.14 14:03:09.220,1.13922,1.13924,0.75,0.94
2020.07.14 14:03:09.322,1.13922,1.13925,0.75,0.37
2020.07.14 14:03:09.473,1.13924,1.13926,0.75,0.37
2020.07.14 14:03:09.575,1.13925,1.13928,2.62,3.94
2020.07.14 14:03:09.676,1.13926,1.13928,2.25,0.19
2020.07.14 14:03:09.828,1.13927,1.13928,2.25,0.19
2020.07.14 14:03:09.929,1.13928,1.13929,0.75,1.69
2020.07.14 14:03:10.031,1.13927,1.13928,2.62,0.19
2020.07.14 14:03:10.789,1.13928,1.13929,2.25,0.19
2020.07.14 14:03:10.891,1.13928,1.1393,0.75,0.75
2020.07.14 14:03:12.946,1.13927,1.13928,0.75,0.75
2020.07.14 14:03:13.048,1.13924,1.13926,3.37,0.75
2020.07.14 14:03:13.150,1.13923,1.13927,0.82,3.26
2020.07.14 14:03:13.201,1.13922,1.13924,3.37,0.75
2020.07.14 14:03:13.302,1.13923,1.13924,0.75,0.19
2020.07.14 14:03:13.403,1.13922,1.13924,1.50,0.19
2020.07.14 14:03:13.707,1.13923,1.13926,1.12,6.53
2020.07.14 14:03:13.809,1.13924,1.13926,0.37,1.50
2020.07.14 14:03:13.910,1.13923,1.13926,3.00,0.75
2020.07.14 14:03:14.012,1.13924,1.13926,0.75,0.75
2020.07.14 14:03:14.367,1.13923,1.13926,3.00,0.75
2020.07.14 14:03:14.469,1.13922,1.13925,1.87,1.76
2020.07.14 14:03:14.874,1.13921,1.13924,2.25,1.01
2020.07.14 14:03:15.177,1.13922,1.13925,1.50,0.94
2020.07.14 14:03:15.279,1.13923,1.13926,0.75,1.69
2020.07.14 14:03:15.380,1.13922,1.13926,1.50,1.69
2020.07.14 14:03:16.106,1.13922,1.13924,1.50,0.19
2020.07.14 14:03:16.208,1.13922,1.13925,1.12,0.75
2020.07.14 14:03:16.515,1.13923,1.13926,3.37,0.75
2020.07.14 14:03:17.238,1.13924,1.13926,0.75,0.75
2020.07.14 14:03:17.289,1.1392,1.13922,0.82,1.69
2020.07.14 14:03:17.391,1.13919,1.13922,1.87,1.69
2020.07.14 14:03:17.492,1.13918,1.13922,4.50,1.69
2020.07.14 14:03:17.870,1.13918,1.13921,3.00,0.94
2020.07.14 14:03:18.119,1.1392,1.13923,1.12,4.36
2020.07.14 14:03:18.272,1.13919,1.13922,1.87,4.01
2020.07.14 14:03:18.373,1.13918,1.13922,3.37,4.01
2020.07.14 14:03:18.576,1.13919,1.13922,2.44,0.75
2020.07.14 14:03:18.627,1.1392,1.13924,1.87,3.34
2020.07.14 14:03:18.778,1.1392,1.13923,0.37,1.01
2020.07.14 14:03:18.982,1.13921,1.13923,0.37,1.01
2020.07.14 14:03:19.574,1.13922,1.13925,1.50,0.94
2020.07.14 14:03:19.726,1.13921,1.13925,4.87,1.76
2020.07.14 14:03:19.777,1.13921,1.13923,1.87,3.26
2020.07.14 14:03:19.828,1.13919,1.13922,1.87,1.69
2020.07.14 14:03:19.929,1.1392,1.13922,0.75,1.69
2020.07.14 14:03:20.283,1.1392,1.13921,0.75,0.94
2020.07.14 14:03:20.838,1.13917,1.13918,0.37,0.10
2020.07.14 14:03:20.939,1.13916,1.13918,1.87,0.10
2020.07.14 14:03:21.713,1.13915,1.13917,0.75,0.94
2020.07.14 14:03:21.814,1.13914,1.13915,1.12,1.69
2020.07.14 14:03:21.916,1.13912,1.13915,1.87,1.69
2020.07.14 14:03:22.169,1.13912,1.13916,1.87,1.84
2020.07.14 14:03:22.271,1.13915,1.13916,0.75,0.94
2020.07.14 14:03:22.322,1.13917,1.13919,0.75,8.51
2020.07.14 14:03:23.106,1.13917,1.1392,0.75,2.51
2020.07.14 14:03:23.410,1.13914,1.13916,1.12,1.12
2020.07.14 14:03:23.511,1.13914,1.13918,3.00,1.84
2020.07.14 14:03:23.562,1.13916,1.13918,0.75,0.82
2020.07.14 14:03:23.714,1.13915,1.13918,1.87,0.19
2020.07.14 14:03:23.867,1.13916,1.13918,0.37,0.10
2020.07.14 14:03:23.969,1.13916,1.13919,4.12,1.76
2020.07.14 14:03:24.172,1.13916,1.1392,4.87,4.66
2020.07.14 14:03:24.754,1.13919,1.13921,4.57,1.85
2020.07.14 14:03:24.856,1.1392,1.13922,0.75,2.32
2020.07.14 14:03:24.957,1.13919,1.13922,0.75,4.84
2020.07.14 14:03:25.059,1.13919,1.13921,0.75,0.75
2020.07.14 14:03:25.110,1.13917,1.1392,1.87,3.26
2020.07.14 14:03:25.211,1.13916,1.13918,1.50,0.82
2020.07.14 14:03:25.312,1.13915,1.13917,1.87,1.50
2020.07.14 14:03:25.414,1.13914,1.13917,1.12,0.26
2020.07.14 14:03:25.515,1.13915,1.13917,1.50,0.10
2020.07.14 14:03:25.616,1.13915,1.13919,1.50,2.59
2020.07.14 14:03:25.769,1.13915,1.13918,1.87,2.51
2020.07.14 14:03:25.921,1.13915,1.13917,1.87,1.69
2020.07.14 14:03:26.022,1.13915,1.13918,1.87,0.10
2020.07.14 14:03:26.174,1.13915,1.13919,1.87,2.59
2020.07.14 14:03:26.326,1.13915,1.13918,1.87,1.57
2020.07.14 14:03:26.478,1.13916,1.13918,0.37,3.71
2020.07.14 14:03:26.580,1.13914,1.13917,1.87,1.01
2020.07.14 14:03:26.681,1.13915,1.13918,1.50,0.10
2020.07.14 14:03:26.782,1.13915,1.13919,3.75,2.14
2020.07.14 14:03:26.833,1.13917,1.1392,1.50,3.71
2020.07.14 14:03:27.087,1.13917,1.13918,0.75,0.75
2020.07.14 14:03:27.137,1.13914,1.13916,1.87,0.19
2020.07.14 14:03:27.239,1.13914,1.13917,3.00,1.01
2020.07.14 14:03:27.340,1.13917,1.13918,0.75,0.10
2020.07.14 14:03:27.442,1.13917,1.1392,2.25,1.50
2020.07.14 14:03:27.644,1.13918,1.13921,2.62,1.01
2020.07.14 14:03:27.746,1.13919,1.13923,1.87,4.43
2020.07.14 14:03:27.847,1.1392,1.13922,0.75,2.44
2020.07.14 14:03:27.950,1.1392,1.13921,0.75,0.37
2020.07.14 14:03:28.051,1.13919,1.13921,1.12,0.37
2020.07.14 14:03:28.203,1.13919,1.13922,1.12,2.89
2020.07.14 14:03:28.305,1.13919,1.13921,1.12,0.75
2020.07.14 14:03:28.841,1.13918,1.13921,1.87,2.51
2020.07.14 14:03:29.347,1.1392,1.13922,3.00,0.10
2020.07.14 14:03:29.450,1.1392,1.13924,3.37,3.71
2020.07.14 14:03:29.551,1.13921,1.13924,1.50,1.01
2020.07.14 14:03:29.705,1.13922,1.13924,2.25,0.19
2020.07.14 14:03:30.544,1.13922,1.13925,0.75,1.31
2020.07.14 14:03:30.645,1.13922,1.13924,1.87,0.94
2020.07.14 14:03:30.747,1.13922,1.13925,1.50,0.94
2020.07.14 14:03:31.252,1.13926,1.13927,0.37,1.39
2020.07.14 14:03:31.303,1.13927,1.13928,0.75,0.75
2020.07.14 14:03:31.404,1.13927,1.13929,1.12,2.44
2020.07.14 14:03:31.556,1.13926,1.13928,0.75,2.25
2020.07.14 14:03:31.708,1.13926,1.13929,3.75,1.09
2020.07.14 14:03:31.961,1.13928,1.13929,0.37,0.94
2020.07.14 14:03:32.164,1.1393,1.13932,1.50,0.37
2020.07.14 14:03:32.215,1.13931,1.13934,0.75,13.25
2020.07.14 14:03:32.619,1.13932,1.13934,0.37,1.12
2020.07.14 14:03:32.873,1.13929,1.13931,4.12,0.94
2020.07.14 14:03:33.024,1.13929,1.13932,2.62,1.57
2020.07.14 14:03:33.126,1.13929,1.13931,1.87,1.57
2020.07.14 14:03:33.328,1.1393,1.13932,0.75,0.45
2020.07.14 14:03:33.430,1.1393,1.13933,1.50,0.82
2020.07.14 14:03:33.531,1.13931,1.13934,2.25,2.44
2020.07.14 14:03:33.684,1.1393,1.13932,1.50,1.69
2020.07.14 14:03:33.886,1.1393,1.13933,1.12,3.19
2020.07.14 14:03:33.988,1.1393,1.13932,1.12,3.19
2020.07.14 14:03:34.089,1.13929,1.1393,1.50,1.31
2020.07.14 14:03:34.242,1.13927,1.13931,3.37,4.76
2020.07.14 14:03:34.343,1.13927,1.1393,3.37,0.94
2020.07.14 14:03:34.444,1.13929,1.13931,2.25,3.34
2020.07.14 14:03:34.546,1.13931,1.13933,1.50,0.10
2020.07.14 14:03:34.800,1.13931,1.13934,1.50,1.69
2020.07.14 14:03:34.902,1.1393,1.13933,0.37,3.26
2020.07.14 14:03:35.003,1.13931,1.13934,2.25,1.76
2020.07.14 14:03:35.357,1.13929,1.13933,5.25,2.44
2020.07.14 14:03:35.458,1.1393,1.13932,0.75,0.94
2020.07.14 14:03:35.559,1.13928,1.13931,4.12,0.75
2020.07.14 14:03:35.661,1.13927,1.13929,0.37,1.69
2020.07.14 14:03:35.763,1.13926,1.13929,3.75,0.94
2020.07.14 14:03:35.864,1.13927,1.1393,1.12,0.75
2020.07.14 14:03:35.967,1.13929,1.13931,3.37,0.10
2020.07.14 14:03:36.068,1.13929,1.13932,3.37,0.94
2020.07.14 14:03:36.170,1.13929,1.13931,3.37,0.75
2020.07.14 14:03:36.271,1.13929,1.13932,3.37,0.94
2020.07.14 14:03:36.423,1.13927,1.1393,2.25,1.69
2020.07.14 14:03:36.525,1.13928,1.13931,0.75,1.69
2020.07.14 14:03:36.727,1.13927,1.1393,1.12,4.01
2020.07.14 14:03:36.829,1.13926,1.1393,4.12,5.48
2020.07.14 14:03:36.980,1.13926,1.13927,1.12,0.75
2020.07.14 14:03:37.031,1.13924,1.13927,1.87,2.60
2020.07.14 14:03:37.133,1.13923,1.13926,1.12,2.25
2020.07.14 14:03:37.286,1.13925,1.13927,2.25,0.10
2020.07.14 14:03:37.337,1.13926,1.13929,0.75,0.45
2020.07.14 14:03:37.539,1.13927,1.13929,0.75,0.37
2020.07.14 14:03:37.691,1.13928,1.13931,0.90,0.82
2020.07.14 14:03:37.792,1.13927,1.13931,2.44,2.97
2020.07.14 14:03:37.894,1.13926,1.1393,4.87,3.64
2020.07.14 14:03:38.197,1.13927,1.1393,0.75,0.75
2020.07.14 14:03:38.349,1.13929,1.13932,1.50,1.39
2020.07.14 14:03:38.451,1.13927,1.1393,1.50,3.19
2020.07.14 14:03:38.603,1.13926,1.1393,3.37,4.39
2020.07.14 14:03:38.806,1.13927,1.1393,0.19,3.91
2020.07.14 14:03:39.008,1.13926,1.1393,2.62,3.56
2020.07.14 14:03:39.110,1.13926,1.13929,2.62,0.94
2020.07.14 14:03:39.211,1.13926,1.1393,4.95,0.94
2020.07.14 14:03:39.313,1.1393,1.13933,0.75,1.84
2020.07.14 14:03:39.414,1.13931,1.13933,0.75,0.75
2020.07.14 14:03:39.516,1.13927,1.1393,1.50,1.69
2020.07.14 14:03:39.617,1.13927,1.13929,0.75,0.19
2020.07.14 14:03:39.923,1.13927,1.1393,0.75,1.12
2020.07.14 14:03:40.278,1.13928,1.1393,1.50,0.37
2020.07.14 14:03:40.430,1.13928,1.13931,1.12,0.19
2020.07.14 14:03:40.634,1.13929,1.13931,0.75,0.94
2020.07.14 14:03:40.735,1.13928,1.13931,3.75,0.26
2020.07.14 14:03:40.989,1.13927,1.13931,2.62,1.76
2020.07.14 14:03:41.091,1.13927,1.1393,1.12,1.39
2020.07.14 14:03:41.613,1.13927,1.13929,0.75,0.75
2020.07.14 14:03:41.766,1.13927,1.1393,1.50,1.01
2020.07.14 14:03:42.021,1.13928,1.13931,0.75,1.76
2020.07.14 14:03:42.073,1.1393,1.13932,0.75,0.10
2020.07.14 14:03:42.175,1.1393,1.13933,0.75,0.82
2020.07.14 14:03:42.277,1.1393,1.13934,1.69,5.37
2020.07.14 14:03:42.479,1.13929,1.13933,4.12,3.26
2020.07.14 14:03:42.783,1.13928,1.13931,5.62,1.76
2020.07.14 14:03:42.885,1.13927,1.1393,1.50,1.76
2020.07.14 14:03:42.986,1.13928,1.13929,0.75,0.75
2020.07.14 14:03:43.088,1.13927,1.1393,1.50,3.26
2020.07.14 14:03:43.474,1.13928,1.1393,0.75,2.44
2020.07.14 14:03:43.575,1.13925,1.13927,1.69,0.75
2020.07.14 14:03:43.677,1.13925,1.13928,3.75,0.82
2020.07.14 14:03:43.779,1.13924,1.13928,6.37,1.31
2020.07.14 14:03:43.880,1.13925,1.13928,0.75,2.59
2020.07.14 14:03:43.982,1.13924,1.13927,3.37,2.78
2020.07.14 14:03:44.336,1.13924,1.13928,4.12,0.52
2020.07.14 14:03:44.639,1.13926,1.13929,0.37,2.96
2020.07.14 14:03:44.741,1.13924,1.13928,3.37,4.76
2020.07.14 14:03:44.842,1.13925,1.13928,0.75,2.59
2020.07.14 14:03:44.944,1.13924,1.13928,1.12,1.09
2020.07.14 14:03:45.045,1.13923,1.13927,0.75,2.59
2020.07.14 14:03:45.345,1.13924,1.13927,0.75,0.10
2020.07.14 14:03:45.447,1.13923,1.13928,3.75,2.96
2020.07.14 14:03:45.559,1.13924,1.13928,0.75,2.96
2020.07.14 14:03:45.660,1.13925,1.13927,0.75,3.26
2020.07.14 14:03:45.762,1.13925,1.13927,0.75,2.51
2020.07.14 14:03:46.288,1.13924,1.13926,0.75,1.50
2020.07.14 14:03:46.389,1.13925,1.13928,0.75,3.12
2020.07.14 14:03:46.491,1.13924,1.13927,0.75,1.50
2020.07.14 14:03:46.694,1.13922,1.13925,2.25,0.10
2020.07.14 14:03:46.846,1.13922,1.13926,1.87,1.57
2020.07.14 14:03:46.947,1.13922,1.13927,3.37,8.56
2020.07.14 14:03:47.049,1.13922,1.13926,1.87,0.10
2020.07.14 14:03:47.303,1.13922,1.13925,1.50,0.94
2020.07.14 14:03:47.728,1.13923,1.13927,1.69,6.80
2020.07.14 14:03:47.779,1.13925,1.13927,0.75,1.50
2020.07.14 14:03:47.881,1.13924,1.13927,0.94,1.57
2020.07.14 14:03:47.932,1.13922,1.13926,4.12,0.75
2020.07.14 14:03:48.910,1.13923,1.13927,2.25,6.23
2020.07.14 14:03:48.961,1.13925,1.13927,0.75,0.10
2020.07.14 14:03:49.012,1.13923,1.13927,1.12,1.69
2020.07.14 14:03:49.215,1.13922,1.13927,3.75,2.59
2020.07.14 14:03:49.711,1.13924,1.13927,1.50,2.89
2020.07.14 14:03:49.863,1.13926,1.13928,0.75,0.10
2020.07.14 14:03:50.015,1.13925,1.13928,1.12,0.10
2020.07.14 14:03:50.117,1.13925,1.13929,1.12,1.09
2020.07.14 14:03:50.218,1.13925,1.13928,0.75,0.75
2020.07.14 14:03:50.319,1.13922,1.13926,4.12,0.75
2020.07.14 14:03:52.018,1.13921,1.13923,1.50,1.20
2020.07.14 14:03:52.220,1.13921,1.13924,0.75,4.09
2020.07.14 14:03:52.364,1.1392,1.13923,0.75,1.84
2020.07.14 14:03:52.465,1.13919,1.13923,3.00,0.34
2020.07.14 14:03:52.675,1.1392,1.13923,0.75,1.01
2020.07.14 14:03:52.776,1.13918,1.1392,0.37,0.94
2020.07.14 14:03:52.878,1.13917,1.1392,1.50,1.01
2020.07.14 14:03:53.182,1.13917,1.13919,1.50,0.94
2020.07.14 14:03:53.283,1.13918,1.13919,0.75,0.94
2020.07.14 14:03:53.384,1.13917,1.13919,0.75,0.94
2020.07.14 14:03:53.487,1.13915,1.13916,0.75,0.75
2020.07.14 14:03:53.588,1.13915,1.13917,0.75,0.26
2020.07.14 14:03:53.690,1.13915,1.13916,0.75,0.75
2020.07.14 14:03:53.792,1.13915,1.13917,0.75,0.26
2020.07.14 14:03:53.894,1.13915,1.13919,2.62,1.39
2020.07.14 14:03:53.996,1.13915,1.13918,1.12,0.10
2020.07.14 14:03:54.503,1.13914,1.13918,7.12,1.46
2020.07.14 14:03:54.706,1.13914,1.13917,2.62,0.94
2020.07.14 14:03:54.807,1.13914,1.13918,1.50,5.93
2020.07.14 14:03:55.191,1.13914,1.13917,1.50,0.94
2020.07.14 14:03:55.394,1.13913,1.13916,0.75,0.45
2020.07.14 14:03:55.445,1.13911,1.13915,2.81,0.37
2020.07.14 14:03:55.698,1.1391,1.13913,1.50,0.37
2020.07.14 14:03:55.800,1.13909,1.13914,6.19,7.06
2020.07.14 14:03:55.903,1.1391,1.13913,0.75,2.51
2020.07.14 14:03:56.005,1.13909,1.13913,1.50,3.34
2020.07.14 14:03:56.467,1.13911,1.13914,1.50,1.57
2020.07.14 14:03:56.569,1.13914,1.13917,3.37,7.57
2020.07.14 14:03:56.923,1.13913,1.13917,3.37,0.94
2020.07.14 14:03:57.024,1.13913,1.13916,0.75,0.94
2020.07.14 14:03:57.126,1.13911,1.13916,11.14,0.94
2020.07.14 14:03:57.296,1.13912,1.13914,0.75,0.37
2020.07.14 14:03:57.718,1.13909,1.13913,4.69,0.37
2020.07.14 14:03:57.819,1.1391,1.13913,0.75,1.69
2020.07.14 14:03:57.921,1.13909,1.13911,1.50,0.19
2020.07.14 14:03:57.971,1.1391,1.13913,0.75,4.01
2020.07.14 14:03:58.022,1.13908,1.13913,4.50,4.01
2020.07.14 14:03:58.174,1.13909,1.13913,0.75,3.19
2020.07.14 14:03:58.275,1.13908,1.13913,4.50,3.19
2020.07.14 14:03:58.428,1.13908,1.13912,2.25,0.94
2020.07.14 14:03:58.530,1.13907,1.1391,5.25,0.94
2020.07.14 14:03:58.784,1.13909,1.13912,3.94,1.50
2020.07.14 14:03:58.885,1.13909,1.13913,2.25,2.89
2020.07.14 14:03:59.037,1.13909,1.13912,0.75,0.75
2020.07.14 14:03:59.139,1.13907,1.1391,3.00,1.69
2020.07.14 14:03:59.657,1.13906,1.13909,4.12,0.75
2020.07.14 14:03:59.758,1.13907,1.13909,0.75,0.37
2020.07.14 14:03:59.859,1.13906,1.13909,3.00,0.37
2020.07.14 14:03:59.961,1.13907,1.1391,0.37,1.69
2020.07.14 14:04:00.279,1.13909,1.13911,0.75,3.45
2020.07.14 14:04:00.483,1.1391,1.13912,0.94,0.82
2020.07.14 14:04:00.534,1.1391,1.13914,0.75,4.84
2020.07.14 14:04:00.686,1.1391,1.13913,1.12,1.50
2020.07.14 14:04:00.787,1.13909,1.13911,0.37,1.76
2020.07.14 14:04:00.839,1.13907,1.13911,1.12,2.51
2020.07.14 14:04:00.991,1.13906,1.1391,7.31,0.37
2020.07.14 14:04:01.092,1.13907,1.13911,1.12,3.34
2020.07.14 14:04:01.193,1.13907,1.1391,0.75,0.75
2020.07.14 14:04:01.396,1.13908,1.1391,0.75,1.50
2020.07.14 14:04:01.447,1.13909,1.13912,0.75,0.52
2020.07.14 14:04:01.599,1.1391,1.13913,1.69,1.20
2020.07.14 14:04:01.752,1.13912,1.13913,0.37,0.75
2020.07.14 14:04:01.802,1.13912,1.13915,0.37,1.57
2020.07.14 14:04:01.955,1.13909,1.13913,8.06,0.75
2020.07.14 14:04:02.108,1.13909,1.13912,0.75,0.75
2020.07.14 14:04:02.210,1.13908,1.13911,0.37,2.44
2020.07.14 14:04:02.413,1.13907,1.1391,1.50,0.75
2020.07.14 14:04:02.514,1.13908,1.13911,0.75,0.75
2020.07.14 14:04:02.868,1.13907,1.13911,0.75,2.51
2020.07.14 14:04:02.919,1.13907,1.13909,1.50,0.75
2020.07.14 14:04:03.021,1.13907,1.1391,0.75,0.75
2020.07.14 14:04:03.122,1.13906,1.13911,5.06,3.26
2020.07.14 14:04:03.223,1.13907,1.13911,1.12,3.26
2020.07.14 14:04:03.324,1.13909,1.13912,0.19,1.20
2020.07.14 14:04:03.426,1.13907,1.13912,7.76,2.81
2020.07.14 14:04:03.527,1.13908,1.13912,0.75,4.39
2020.07.14 14:04:03.579,1.13907,1.13909,1.12,0.75
2020.07.14 14:04:03.630,1.13905,1.13908,5.62,0.37
2020.07.14 14:04:03.731,1.13904,1.13908,1.50,1.69
2020.07.14 14:04:03.833,1.13903,1.13907,4.50,2.44
2020.07.14 14:04:03.884,1.13905,1.13907,0.75,2.44
2020.07.14 14:04:04.036,1.13905,1.13907,0.75,2.06
2020.07.14 14:04:04.188,1.13906,1.13908,0.75,1.12
2020.07.14 14:04:04.241,1.13904,1.13907,0.75,0.75
2020.07.14 14:04:04.343,1.13903,1.13907,0.75,1.31
2020.07.14 14:04:04.394,1.13905,1.13908,1.69,0.10
2020.07.14 14:04:04.445,1.13906,1.1391,0.37,6.53
2020.07.14 14:04:04.546,1.13906,1.13909,0.37,2.25
2020.07.14 14:04:04.850,1.13905,1.13909,0.19,3.75
2020.07.14 14:04:04.901,1.13903,1.13907,5.81,0.75
2020.07.14 14:04:05.002,1.13904,1.13907,0.37,0.94
2020.07.14 14:04:05.103,1.13903,1.13907,1.50,0.94
2020.07.14 14:04:05.205,1.13902,1.13906,1.50,1.31
2020.07.14 14:04:05.306,1.13902,1.13907,7.69,1.76
2020.07.14 14:04:05.458,1.13905,1.13907,0.75,1.69
2020.07.14 14:04:05.711,1.13904,1.13906,0.75,0.37
2020.07.14 14:04:05.812,1.13905,1.13907,0.75,2.06
2020.07.14 14:04:05.914,1.13902,1.13907,6.19,2.06
2020.07.14 14:04:06.267,1.13902,1.13906,0.94,0.37
2020.07.14 14:04:06.521,1.13903,1.13906,0.75,0.37
2020.07.14 14:04:06.724,1.13902,1.13906,0.94,0.37
2020.07.14 14:04:06.826,1.13901,1.13903,3.00,1.50
2020.07.14 14:04:06.927,1.139,1.13902,0.75,2.44
2020.07.14 14:04:06.978,1.13898,1.13899,0.75,0.75
2020.07.14 14:04:07.029,1.13896,1.13897,7.50,0.75
2020.07.14 14:04:07.131,1.13893,1.13897,1.31,2.25
2020.07.14 14:04:07.333,1.13893,1.13896,0.19,0.75
2020.07.14 14:04:07.619,1.13893,1.13897,0.94,1.12
2020.07.14 14:04:07.720,1.13895,1.13897,0.75,0.75
2020.07.14 14:04:07.770,1.13893,1.13897,0.56,1.12
2020.07.14 14:04:07.822,1.13895,1.13897,0.75,4.31
2020.07.14 14:04:07.873,1.13894,1.13896,1.12,0.37
2020.07.14 14:04:07.974,1.13893,1.13896,0.75,1.31
2020.07.14 14:04:08.025,1.13895,1.13897,0.75,3.34
2020.07.14 14:04:08.076,1.13892,1.13896,0.75,1.31
2020.07.14 14:04:08.532,1.13895,1.13897,0.75,2.51
2020.07.14 14:04:08.634,1.13895,1.13897,0.75,1.50
2020.07.14 14:04:08.686,1.13894,1.13897,0.75,1.50
2020.07.14 14:04:08.788,1.13893,1.13897,0.94,1.87
2020.07.14 14:04:08.839,1.13895,1.13897,0.75,1.12
2020.07.14 14:04:08.941,1.13897,1.13898,0.94,0.10
2020.07.14 14:04:09.042,1.13897,1.139,0.19,1.01
2020.07.14 14:04:09.245,1.13896,1.13901,0.94,8.56
2020.07.14 14:04:09.346,1.13895,1.139,3.94,3.26
2020.07.14 14:04:09.397,1.13895,1.13898,1.12,0.19
2020.07.14 14:04:09.550,1.13894,1.13898,3.00,0.26
2020.07.14 14:04:10.126,1.13896,1.13899,0.75,0.19
2020.07.14 14:04:10.228,1.13896,1.139,0.37,1.39
2020.07.14 14:04:10.329,1.13897,1.13899,0.75,0.37
2020.07.14 14:04:10.481,1.13896,1.139,1.12,1.31
2020.07.14 14:04:12.062,1.13897,1.139,0.37,0.19
2020.07.14 14:04:13.189,1.13895,1.13898,1.12,0.19
2020.07.14 14:04:13.290,1.13894,1.13898,4.12,0.19
2020.07.14 14:04:13.391,1.13895,1.13898,0.37,0.19
2020.07.14 14:04:13.493,1.13894,1.13897,0.37,0.19
2020.07.14 14:04:13.897,1.13894,1.13896,0.37,0.19
2020.07.14 14:04:13.998,1.13893,1.13896,1.12,0.19
2020.07.14 14:04:14.656,1.13895,1.13897,0.75,0.10
2020.07.14 14:04:14.707,1.13895,1.13899,1.50,2.14
2020.07.14 14:04:14.809,1.13896,1.13898,1.50,0.94
2020.07.14 14:04:15.012,1.13896,1.139,1.50,2.81
2020.07.14 14:04:15.114,1.13898,1.13901,1.50,3.42
2020.07.14 14:04:15.216,1.13899,1.13901,0.94,0.37
2020.07.14 14:04:15.418,1.13899,1.139,0.19,0.37
2020.07.14 14:04:15.565,1.139,1.13902,2.25,0.37
2020.07.14 14:04:15.617,1.139,1.13904,1.57,3.19
2020.07.14 14:04:15.770,1.13899,1.13904,8.06,3.26
2020.07.14 14:04:15.873,1.13901,1.13904,1.50,3.19
2020.07.14 14:04:15.974,1.13901,1.13905,0.75,3.56
2020.07.14 14:04:16.179,1.13903,1.13906,0.75,2.21
2020.07.14 14:04:16.281,1.13906,1.13907,0.75,0.10
2020.07.14 14:04:16.332,1.13904,1.13907,0.94,3.19
2020.07.14 14:04:16.434,1.13903,1.13906,0.37,3.19
2020.07.14 14:04:16.536,1.13901,1.13904,2.25,0.75
2020.07.14 14:04:16.637,1.13901,1.13905,0.37,1.01
2020.07.14 14:04:16.789,1.13901,1.13904,0.37,1.50
2020.07.14 14:04:16.891,1.13904,1.13905,1.50,0.75
2020.07.14 14:04:16.942,1.13905,1.13907,1.50,1.12
2020.07.14 14:04:17.044,1.13905,1.13908,4.87,0.94
2020.07.14 14:04:17.095,1.13907,1.13909,2.44,0.75
2020.07.14 14:04:17.197,1.13908,1.1391,0.75,1.31
2020.07.14 14:04:17.299,1.13908,1.13911,0.75,3.56
2020.07.14 14:04:17.452,1.13907,1.1391,0.37,0.75
2020.07.14 14:04:17.554,1.13905,1.13908,6.37,0.37
2020.07.14 14:04:17.657,1.13904,1.13907,0.75,1.12
2020.07.14 14:04:17.759,1.13902,1.13906,10.31,0.75
2020.07.14 14:04:18.165,1.13903,1.13906,0.75,0.75
2020.07.14 14:04:18.266,1.13902,1.13906,2.06,1.50
2020.07.14 14:04:18.368,1.13901,1.13905,2.06,2.25
2020.07.14 14:04:19.328,1.13899,1.13902,0.75,0.75
2020.07.14 14:04:19.379,1.139,1.13904,3.56,0.82
2020.07.14 14:04:19.480,1.13901,1.13904,1.12,1.12
2020.07.14 14:04:19.582,1.13903,1.13905,0.75,0.94
2020.07.14 14:04:19.633,1.13903,1.13907,1.76,8.62
2020.07.14 14:04:19.734,1.13902,1.13906,1.12,0.94
2020.07.14 14:04:20.667,1.13905,1.13908,0.75,0.75
2020.07.14 14:04:20.768,1.13906,1.13909,0.75,0.75
2020.07.14 14:04:21.073,1.13907,1.1391,1.50,3.19
2020.07.14 14:04:21.326,1.13909,1.13911,0.37,4.28
2020.07.14 14:04:21.377,1.13909,1.13913,4.20,4.36
2020.07.14 14:04:21.580,1.1391,1.13913,0.75,0.75
2020.07.14 14:04:21.681,1.1391,1.13914,0.10,3.91
2020.07.14 14:04:21.861,1.13909,1.13914,6.26,3.98
2020.07.14 14:04:21.962,1.1391,1.13914,0.10,3.91
2020.07.14 14:04:22.013,1.1391,1.13912,0.10,0.19
2020.07.14 14:04:22.115,1.13909,1.13911,0.10,1.76
2020.07.14 14:04:22.166,1.13907,1.1391,1.57,1.69
2020.07.14 14:04:22.841,1.13905,1.13909,0.10,1.87
2020.07.14 14:04:22.993,1.13904,1.13907,1.12,0.75
2020.07.14 14:04:23.095,1.13903,1.13907,2.32,1.76
2020.07.14 14:04:23.399,1.13902,1.13906,1.95,1.69
2020.07.14 14:04:23.500,1.13903,1.13906,0.37,3.19
2020.07.14 14:04:23.602,1.13905,1.13908,0.94,1.87
2020.07.14 14:04:23.703,1.13905,1.13909,3.94,2.60
2020.07.14 14:04:23.805,1.13904,1.13908,1.20,1.69
2020.07.14 14:04:24.043,1.13904,1.13907,0.75,0.75
2020.07.14 14:04:24.104,1.13902,1.13906,3.82,2.25
2020.07.14 14:04:24.206,1.13903,1.13907,2.25,4.47
2020.07.14 14:04:24.358,1.13902,1.13906,0.82,2.25
2020.07.14 14:04:24.510,1.13901,1.13906,7.20,3.75
2020.07.14 14:04:24.966,1.13902,1.13906,3.00,1.50
2020.07.14 14:04:25.069,1.13903,1.13906,0.37,2.25
2020.07.14 14:04:26.150,1.13902,1.13905,1.87,0.75
2020.07.14 14:04:26.353,1.13903,1.13905,0.75,0.75
2020.07.14 14:04:26.454,1.13904,1.13905,0.75,0.75
2020.07.14 14:04:26.555,1.13903,1.13905,0.37,0.75
2020.07.14 14:04:26.758,1.13902,1.13905,2.62,0.75
2020.07.14 14:04:26.860,1.13903,1.13905,2.25,0.75
2020.07.14 14:04:27.086,1.13902,1.13905,2.70,0.75
2020.07.14 14:04:27.188,1.13904,1.13905,0.75,1.12
2020.07.14 14:04:27.365,1.13906,1.13908,0.75,2.78
2020.07.14 14:04:27.466,1.13907,1.13909,1.50,0.75
2020.07.14 14:04:27.719,1.13907,1.1391,0.75,1.50
2020.07.14 14:04:27.871,1.13909,1.1391,1.87,1.50
2020.07.14 14:04:28.124,1.13909,1.13912,1.50,1.31
2020.07.14 14:04:28.225,1.13907,1.13911,4.76,0.75
2020.07.14 14:04:28.771,1.13907,1.1391,1.95,0.94
2020.07.14 14:04:28.923,1.13906,1.13909,2.02,0.37
2020.07.14 14:04:29.452,1.13905,1.13906,0.10,1.50
2020.07.14 14:04:29.554,1.13903,1.13905,0.75,0.75
2020.07.14 14:04:29.655,1.13903,1.13907,3.37,0.94
2020.07.14 14:04:29.757,1.13902,1.13906,4.20,2.03
2020.07.14 14:04:30.315,1.13901,1.13904,1.39,0.75
2020.07.14 14:04:30.417,1.13901,1.13905,1.87,0.94
2020.07.14 14:04:30.670,1.13902,1.13905,1.50,0.75
2020.07.14 14:04:30.772,1.13901,1.13905,4.39,0.75
2020.07.14 14:04:30.974,1.13902,1.13905,1.50,0.75
2020.07.14 14:04:31.126,1.13903,1.13905,1.50,0.75
2020.07.14 14:04:31.227,1.13903,1.13906,0.37,1.69
2020.07.14 14:04:31.379,1.13904,1.13906,0.37,1.69
2020.07.14 14:04:31.480,1.13903,1.13906,0.82,1.69
2020.07.14 14:04:31.582,1.13902,1.13906,0.10,2.06
2020.07.14 14:04:31.683,1.13902,1.13905,0.10,0.75
2020.07.14 14:04:32.517,1.13903,1.13905,1.50,0.75
2020.07.14 14:04:32.619,1.13902,1.13905,0.45,0.75
2020.07.14 14:04:32.771,1.13901,1.13905,2.14,0.75
2020.07.14 14:04:33.075,1.13902,1.13905,0.37,2.25
2020.07.14 14:04:33.288,1.13901,1.13906,4.01,6.91
2020.07.14 14:04:33.440,1.13901,1.13905,2.14,2.25
2020.07.14 14:04:34.158,1.13902,1.13905,1.50,0.75
2020.07.14 14:04:34.770,1.13901,1.13905,3.94,0.75
2020.07.14 14:04:34.872,1.13902,1.13905,2.25,0.75
2020.07.14 14:04:34.973,1.13901,1.13905,3.94,0.75
2020.07.14 14:04:36.002,1.13901,1.13904,0.75,0.45
2020.07.14 14:04:36.104,1.139,1.13904,3.56,0.45
2020.07.14 14:04:36.205,1.13899,1.13903,3.75,0.56
2020.07.14 14:04:36.307,1.13897,1.13901,5.25,2.25
2020.07.14 14:04:36.560,1.13897,1.139,0.37,0.19
2020.07.14 14:04:36.712,1.13897,1.13899,0.37,0.75
2020.07.14 14:04:36.814,1.13896,1.13899,1.50,0.75
2020.07.14 14:04:37.016,1.13895,1.13897,2.32,1.50
2020.07.14 14:04:37.117,1.13895,1.13898,0.75,2.44
2020.07.14 14:04:37.219,1.13895,1.13896,0.75,0.94
2020.07.14 14:04:37.371,1.13895,1.13898,3.56,2.67
2020.07.14 14:04:37.472,1.13896,1.13899,0.37,1.57
2020.07.14 14:04:38.028,1.13895,1.13899,7.39,0.75
2020.07.14 14:04:38.239,1.13896,1.13899,1.50,0.75
2020.07.14 14:04:38.340,1.13898,1.13899,1.50,0.75
2020.07.14 14:04:38.391,1.13898,1.13901,0.37,1.69
2020.07.14 14:04:38.493,1.13897,1.13901,1.50,1.69
2020.07.14 14:04:38.596,1.13899,1.13902,0.94,3.37
2020.07.14 14:04:39.557,1.13898,1.139,0.94,0.37
2020.07.14 14:04:39.608,1.13899,1.13902,0.19,2.25
2020.07.14 14:04:39.962,1.13898,1.13901,1.31,0.94
2020.07.14 14:04:40.648,1.13899,1.13902,0.19,1.50
2020.07.14 14:04:40.851,1.13898,1.13901,1.69,0.37
2020.07.14 14:04:40.953,1.13898,1.13902,1.69,1.50
2020.07.14 14:04:41.973,1.13898,1.13901,0.75,0.75
2020.07.14 14:04:42.076,1.13898,1.13902,0.75,3.19
2020.07.14 14:04:42.501,1.13899,1.13902,0.75,3.94
2020.07.14 14:04:42.602,1.13899,1.13903,3.56,2.97
2020.07.14 14:04:43.159,1.139,1.13903,0.75,1.12
2020.07.14 14:04:43.261,1.13899,1.13903,3.64,1.12
2020.07.14 14:04:43.515,1.139,1.13903,0.75,1.12
2020.07.14 14:04:43.617,1.13899,1.13903,3.56,1.12
2020.07.14 14:04:43.769,1.139,1.13903,0.75,1.12
2020.07.14 14:04:43.871,1.13901,1.13904,1.50,0.94
2020.07.14 14:04:44.147,1.139,1.13904,1.95,0.94
2020.07.14 14:04:44.604,1.13902,1.13904,0.37,1.69
2020.07.14 14:04:44.707,1.13904,1.13907,1.69,0.75
2020.07.14 14:04:44.808,1.13903,1.13906,0.75,1.50
2020.07.14 14:04:45.212,1.13903,1.13907,0.75,6.16
2020.07.14 14:04:45.364,1.13904,1.13908,4.76,3.37
2020.07.14 14:04:45.466,1.13905,1.13908,0.75,2.62
2020.07.14 14:04:46.875,1.13904,1.13907,1.87,1.87
2020.07.14 14:04:47.078,1.13904,1.13906,1.50,1.85
2020.07.14 14:04:47.329,1.13903,1.13906,1.50,2.22
2020.07.14 14:04:47.834,1.13902,1.13904,0.82,0.75
2020.07.14 14:04:48.036,1.13902,1.13905,0.10,3.26
2020.07.14 14:04:48.239,1.13902,1.13906,0.75,3.35
2020.07.14 14:04:48.340,1.13904,1.13907,7.69,3.00
2020.07.14 14:04:48.442,1.13905,1.13908,2.44,0.75
2020.07.14 14:04:49.054,1.13906,1.13908,1.50,0.75
2020.07.14 14:04:49.307,1.13905,1.13908,1.95,0.75
2020.07.14 14:04:49.409,1.13905,1.13909,5.89,1.50
2020.07.14 14:04:49.813,1.13904,1.13908,3.45,0.94
2020.07.14 14:04:49.915,1.13905,1.13909,0.19,4.50
2020.07.14 14:04:50.018,1.13903,1.13906,0.75,1.50
2020.07.14 14:04:50.171,1.13903,1.13905,2.25,0.75
2020.07.14 14:04:50.272,1.13902,1.13906,0.37,4.66
2020.07.14 14:04:50.626,1.13902,1.13905,0.37,0.75
2020.07.14 14:04:50.854,1.13901,1.13905,2.70,1.87
2020.07.14 14:04:50.956,1.13901,1.13904,0.82,1.50
2020.07.14 14:04:51.108,1.13901,1.13905,1.84,0.75
2020.07.14 14:04:51.209,1.13902,1.13905,0.10,0.75
2020.07.14 14:04:52.733,1.13905,1.13908,0.82,2.60
2020.07.14 14:04:52.885,1.13906,1.13909,1.50,1.12
2020.07.14 14:04:52.986,1.13905,1.13909,1.76,1.20
2020.07.14 14:04:53.601,1.13906,1.13909,0.75,0.75
2020.07.14 14:04:55.018,1.13906,1.1391,6.45,1.69
2020.07.14 14:04:55.233,1.13907,1.1391,0.75,2.44
2020.07.14 14:04:55.334,1.13906,1.1391,6.45,1.69
2020.07.14 14:04:55.436,1.13906,1.13909,2.62,0.75
2020.07.14 14:04:56.589,1.13905,1.13908,0.82,1.12
2020.07.14 14:04:56.640,1.13903,1.13907,4.95,3.75
2020.07.14 14:04:56.742,1.13903,1.13906,1.87,0.75
2020.07.14 14:04:56.793,1.13904,1.13908,5.44,6.00
2020.07.14 14:04:56.894,1.13905,1.13909,0.94,3.37
2020.07.14 14:04:56.996,1.13905,1.13907,0.75,0.75
2020.07.14 14:04:57.097,1.13904,1.13906,1.50,0.75
2020.07.14 14:04:57.249,1.13903,1.13906,0.75,0.75
2020.07.14 14:04:57.603,1.13904,1.13908,2.44,3.00
2020.07.14 14:04:57.705,1.13905,1.13908,0.75,0.75
2020.07.14 14:04:58.347,1.13903,1.13906,1.12,1.50
2020.07.14 14:04:58.751,1.13902,1.13906,7.12,0.94
2020.07.14 14:04:59.649,1.13901,1.13906,3.19,1.69
2020.07.14 14:04:59.852,1.13902,1.13906,0.37,2.25
2020.07.14 14:05:00.003,1.13901,1.13906,3.26,2.81
2020.07.14 14:05:00.105,1.13905,1.13909,1.69,1.12
2020.07.14 14:05:00.256,1.13905,1.1391,7.31,5.89
2020.07.14 14:05:00.459,1.13905,1.13907,3.00,0.75
2020.07.14 14:05:00.560,1.13904,1.13906,1.50,0.75
2020.07.14 14:05:00.662,1.13904,1.13907,0.75,1.31
2020.07.14 14:05:00.763,1.13903,1.13907,6.00,1.69
2020.07.14 14:05:01.295,1.13905,1.13907,0.75,1.31
2020.07.14 14:05:01.396,1.1391,1.13912,0.75,9.35
2020.07.14 14:05:01.599,1.1391,1.13914,4.50,1.69
2020.07.14 14:05:01.700,1.13912,1.13914,0.37,1.69
2020.07.14 14:05:01.802,1.13911,1.13914,1.50,1.69
2020.07.14 14:05:01.953,1.13911,1.13913,0.75,0.94
2020.07.14 14:05:02.063,1.13911,1.13914,0.75,0.19
2020.07.14 14:05:03.141,1.1391,1.13913,8.44,1.50
2020.07.14 14:05:03.192,1.13911,1.13915,0.56,3.35
2020.07.14 14:05:05.416,1.13915,1.13917,1.69,3.00
2020.07.14 14:05:05.517,1.13915,1.13919,3.56,10.50
2020.07.14 14:05:05.619,1.13915,1.13918,2.44,1.50
2020.07.14 14:05:05.720,1.13916,1.13919,0.19,0.75
2020.07.14 14:05:06.551,1.13915,1.13918,1.50,4.92
2020.07.14 14:05:06.653,1.13915,1.13917,1.50,1.50
2020.07.14 14:05:06.855,1.13916,1.13919,0.19,1.57
2020.07.14 14:05:07.058,1.13917,1.13919,0.19,0.75
2020.07.14 14:05:07.159,1.1392,1.13921,0.19,0.75
2020.07.14 14:05:07.210,1.1392,1.13923,0.19,4.17
2020.07.14 14:05:07.311,1.1392,1.13922,0.19,0.37
2020.07.14 14:05:07.716,1.13919,1.13922,0.19,0.37
2020.07.14 14:05:07.848,1.13919,1.13923,0.19,6.42
2020.07.14 14:05:08.051,1.13917,1.1392,1.87,1.57
2020.07.14 14:05:08.153,1.13917,1.13922,4.01,1.87
2020.07.14 14:05:08.254,1.13919,1.13922,1.69,0.75
2020.07.14 14:05:08.407,1.13918,1.13922,2.32,0.75
2020.07.14 14:05:09.181,1.13916,1.13918,0.75,0.75
2020.07.14 14:05:09.282,1.13915,1.13919,6.19,0.37
2020.07.14 14:05:09.586,1.13916,1.13919,0.19,0.75
2020.07.14 14:05:09.788,1.13916,1.13918,0.19,0.37
2020.07.14 14:05:09.839,1.13916,1.1392,1.01,2.60
2020.07.14 14:05:09.940,1.13916,1.13921,1.76,6.72
2020.07.14 14:05:10.042,1.13917,1.13921,0.19,6.72
2020.07.14 14:05:10.143,1.13917,1.1392,0.94,1.50
2020.07.14 14:05:10.244,1.13917,1.13921,0.56,1.12
2020.07.14 14:05:10.508,1.13918,1.13921,0.19,1.12
2020.07.14 14:05:10.912,1.1392,1.13923,2.62,3.80
2020.07.14 14:05:11.013,1.13919,1.13923,3.19,3.35
2020.07.14 14:05:11.115,1.13918,1.13922,5.06,0.75
2020.07.14 14:05:11.217,1.13918,1.13923,4.31,6.42
2020.07.14 14:05:11.419,1.13918,1.13922,5.06,0.75
2020.07.14 14:05:11.521,1.1392,1.13925,8.89,3.26
2020.07.14 14:05:11.825,1.13921,1.13925,0.75,2.51
2020.07.14 14:05:11.926,1.1392,1.13925,5.89,2.51
2020.07.14 14:05:12.078,1.13921,1.13925,0.10,1.31
2020.07.14 14:05:12.432,1.13921,1.13926,3.26,5.48
2020.07.14 14:05:12.685,1.13925,1.13926,1.50,0.37
2020.07.14 14:05:12.786,1.13925,1.1393,5.51,2.14
2020.07.14 14:05:13.141,1.13926,1.13929,0.75,1.50
2020.07.14 14:05:13.243,1.13927,1.1393,0.19,0.75
2020.07.14 14:05:13.345,1.13926,1.1393,2.51,0.75
2020.07.14 14:05:13.655,1.13926,1.13931,2.51,4.39
2020.07.14 14:05:14.203,1.13926,1.1393,2.51,0.75
2020.07.14 14:05:14.616,1.13926,1.13929,2.51,0.37
2020.07.14 14:05:15.156,1.13926,1.1393,2.51,0.75
2020.07.14 14:05:15.460,1.13929,1.13931,2.44,1.12
2020.07.14 14:05:15.561,1.13931,1.13935,0.19,2.32
2020.07.14 14:05:15.814,1.13932,1.13936,0.10,1.50
2020.07.14 14:05:15.966,1.13935,1.13936,0.75,0.37
2020.07.14 14:05:16.017,1.13936,1.13938,0.19,0.75
2020.07.14 14:05:16.119,1.13935,1.13938,0.94,0.37
2020.07.14 14:05:16.170,1.13937,1.13939,0.19,1.12
2020.07.14 14:05:16.427,1.13936,1.13939,1.50,1.57
2020.07.14 14:05:16.579,1.13936,1.1394,0.19,3.07
2020.07.14 14:05:16.882,1.13936,1.13939,0.19,0.37
2020.07.14 14:05:17.085,1.13935,1.13937,2.44,0.37
2020.07.14 14:05:17.187,1.13935,1.13939,1.76,2.25
2020.07.14 14:05:17.340,1.13934,1.13938,6.19,0.10
2020.07.14 14:05:17.441,1.13935,1.13939,2.44,1.50
2020.07.14 14:05:18.563,1.13936,1.13939,0.94,2.44
2020.07.14 14:05:18.664,1.13936,1.13938,0.94,0.75
2020.07.14 14:05:19.018,1.13936,1.13939,0.94,0.94
2020.07.14 14:05:19.916,1.1394,1.13941,0.75,0.75
2020.07.14 14:05:19.967,1.1394,1.13942,0.26,2.25
2020.07.14 14:05:20.018,1.13943,1.13944,0.10,8.44
2020.07.14 14:05:20.120,1.13944,1.13946,0.94,2.00
2020.07.14 14:05:20.221,1.13942,1.13945,0.10,0.82
2020.07.14 14:05:20.322,1.13941,1.13945,2.44,1.95
2020.07.14 14:05:20.424,1.1394,1.13944,2.44,1.50
2020.07.14 14:05:20.626,1.13942,1.13945,0.75,0.37
2020.07.14 14:05:20.727,1.13944,1.13945,2.25,0.37
2020.07.14 14:05:20.778,1.13946,1.13948,0.75,0.10
2020.07.14 14:05:20.930,1.13948,1.1395,1.50,4.17
2020.07.14 14:05:20.981,1.13946,1.13949,1.69,0.75
2020.07.14 14:05:21.133,1.13947,1.13949,0.19,0.75
2020.07.14 14:05:21.184,1.13949,1.1395,0.75,0.75
2020.07.14 14:05:21.235,1.13946,1.13949,3.45,1.50
2020.07.14 14:05:21.336,1.13945,1.13948,1.01,0.37
2020.07.14 14:05:21.438,1.13945,1.13949,3.26,0.75
2020.07.14 14:05:21.539,1.13946,1.13949,0.37,0.75
2020.07.14 14:05:21.640,1.13947,1.1395,0.37,4.73
2020.07.14 14:05:21.742,1.13946,1.13949,0.75,0.75
2020.07.14 14:05:21.995,1.13943,1.13945,1.57,0.75
2020.07.14 14:05:22.148,1.13946,1.13949,0.75,1.20
2020.07.14 14:05:22.250,1.13946,1.1395,3.19,1.12
2020.07.14 14:05:22.453,1.13947,1.1395,0.75,2.60
2020.07.14 14:05:22.716,1.13947,1.13949,0.75,0.75
2020.07.14 14:05:22.817,1.13947,1.1395,0.75,2.06
2020.07.14 14:05:23.188,1.13949,1.1395,0.75,0.75
2020.07.14 14:05:23.239,1.13947,1.13949,0.82,2.25
2020.07.14 14:05:23.341,1.13945,1.13947,1.76,0.75
2020.07.14 14:05:23.443,1.13944,1.13947,0.94,1.50
2020.07.14 14:05:23.544,1.13946,1.13948,0.94,1.50
2020.07.14 14:05:23.646,1.13946,1.13949,0.94,2.44
2020.07.14 14:05:23.798,1.13946,1.13948,0.94,0.75
2020.07.14 14:05:23.899,1.13946,1.13949,0.94,2.44
2020.07.14 14:05:24.051,1.13945,1.13948,2.32,0.75
2020.07.14 14:05:24.153,1.13944,1.13947,0.10,4.12
2020.07.14 14:05:24.254,1.13943,1.13947,0.94,3.37
2020.07.14 14:05:24.355,1.13944,1.13947,0.75,1.12
2020.07.14 14:05:24.457,1.13943,1.13947,3.26,2.62
2020.07.14 14:05:24.659,1.13943,1.13946,2.44,0.75
2020.07.14 14:05:24.760,1.13944,1.13946,0.75,0.75
2020.07.14 14:05:24.862,1.13946,1.1395,0.75,7.47
2020.07.14 14:05:24.963,1.13946,1.13949,0.75,0.75
2020.07.14 14:05:25.115,1.13946,1.13948,0.75,0.75
2020.07.14 14:05:25.216,1.13945,1.13948,0.82,0.37
2020.07.14 14:05:25.318,1.13946,1.13948,0.19,0.37
2020.07.14 14:05:25.421,1.13946,1.13949,0.82,0.75
2020.07.14 14:05:25.523,1.13946,1.1395,0.10,5.78
2020.07.14 14:05:25.625,1.13945,1.13949,5.70,0.75
2020.07.14 14:05:25.726,1.13946,1.13949,0.82,1.12
2020.07.14 14:05:26.097,1.13945,1.13949,5.32,0.75
2020.07.14 14:05:26.350,1.13945,1.13948,1.57,0.75
2020.07.14 14:05:26.452,1.13945,1.13949,1.57,1.50
2020.07.14 14:05:26.502,1.13945,1.13947,0.10,0.75
2020.07.14 14:05:26.604,1.13944,1.13948,1.50,1.87
2020.07.14 14:05:26.806,1.13944,1.13947,0.75,0.75
2020.07.14 14:05:26.907,1.13943,1.13948,8.59,1.50
2020.07.14 14:05:27.059,1.13944,1.13948,0.10,0.37
2020.07.14 14:05:27.211,1.13945,1.13949,0.75,2.25
2020.07.14 14:05:27.313,1.13946,1.13949,0.10,0.75
2020.07.14 14:05:27.414,1.13947,1.13949,0.10,0.75
2020.07.14 14:05:28.731,1.13946,1.13949,0.10,0.75
2020.07.14 14:05:29.137,1.13946,1.1395,1.20,5.41
2020.07.14 14:05:29.440,1.13946,1.13949,0.45,1.50
2020.07.14 14:05:29.592,1.13946,1.13948,0.75,1.50
2020.07.14 14:05:29.643,1.13945,1.1395,2.14,9.16
2020.07.14 14:05:29.745,1.13946,1.1395,0.37,6.91
2020.07.14 14:05:29.897,1.13946,1.13949,0.45,1.50
2020.07.14 14:05:30.187,1.13947,1.13949,0.10,1.50
2020.07.14 14:05:30.656,1.13946,1.13949,0.10,3.00
2020.07.14 14:05:30.759,1.13944,1.13946,0.10,2.44
2020.07.14 14:05:30.861,1.13942,1.13945,8.40,0.75
2020.07.14 14:05:30.962,1.13942,1.13946,1.84,2.25
2020.07.14 14:05:31.064,1.13942,1.13943,1.57,0.75
2020.07.14 14:05:31.166,1.1394,1.13943,0.37,2.25
2020.07.14 14:05:31.217,1.13941,1.13945,1.69,5.22
2020.07.14 14:05:31.369,1.13941,1.13946,2.40,4.31
2020.07.14 14:05:31.470,1.13942,1.13946,0.10,3.19
2020.07.14 14:05:31.572,1.13942,1.13945,0.10,0.37
2020.07.14 14:05:31.825,1.13942,1.13946,0.10,3.00
2020.07.14 14:05:31.976,1.13943,1.13946,0.10,3.00
2020.07.14 14:05:32.128,1.13944,1.13946,0.75,3.37
2020.07.14 14:05:32.179,1.13945,1.13948,0.94,1.12
2020.07.14 14:05:32.536,1.13944,1.13947,1.84,0.75
2020.07.14 14:05:32.638,1.13942,1.13945,2.51,0.75
2020.07.14 14:05:32.790,1.13943,1.13945,0.10,0.75
2020.07.14 14:05:32.892,1.13942,1.13945,0.34,0.75
2020.07.14 14:05:32.993,1.13943,1.13946,0.10,1.87
2020.07.14 14:05:33.196,1.13942,1.13946,0.26,2.25
2020.07.14 14:05:33.601,1.13941,1.13943,0.64,1.50
2020.07.14 14:05:33.652,1.13939,1.13943,0.34,4.12
2020.07.14 14:05:33.753,1.13938,1.13943,4.09,4.31
2020.07.14 14:05:34.184,1.13938,1.13942,2.32,0.94
2020.07.14 14:05:34.437,1.13941,1.13943,1.57,2.97
2020.07.14 14:05:34.488,1.13941,1.13945,1.20,11.06
2020.07.14 14:05:34.589,1.13941,1.13944,0.75,0.37
2020.07.14 14:05:34.690,1.13941,1.13945,2.59,2.62
2020.07.14 14:05:34.792,1.13942,1.13945,0.75,1.12
2020.07.14 14:05:34.893,1.13942,1.13946,1.39,1.12
2020.07.14 14:05:36.292,1.13942,1.13944,0.10,0.75
2020.07.14 14:05:36.393,1.13941,1.13945,0.34,1.50
2020.07.14 14:05:36.495,1.13942,1.13946,0.19,3.00
2020.07.14 14:05:36.697,1.13941,1.13945,0.26,0.37
2020.07.14 14:05:36.799,1.1394,1.13944,3.94,0.75
2020.07.14 14:05:36.900,1.13941,1.13944,0.19,0.75
2020.07.14 14:05:37.002,1.13941,1.13945,0.71,1.50
2020.07.14 14:05:37.165,1.13943,1.13945,0.75,1.50
2020.07.14 14:05:37.266,1.13943,1.13946,0.75,3.37
2020.07.14 14:05:37.469,1.13941,1.13945,2.96,1.12
2020.07.14 14:05:37.570,1.13942,1.13946,1.31,0.75
2020.07.14 14:05:37.672,1.13943,1.13946,0.94,0.94
2020.07.14 14:05:37.723,1.13941,1.13943,3.00,1.31
2020.07.14 14:05:37.824,1.13939,1.13943,0.75,2.81
2020.07.14 14:05:38.229,1.13938,1.13942,2.14,0.37
2020.07.14 14:05:38.330,1.13941,1.13943,1.57,0.37
2020.07.14 14:05:38.432,1.1394,1.13944,4.46,0.37
2020.07.14 14:05:38.533,1.13942,1.13945,0.45,2.06
2020.07.14 14:05:38.634,1.13941,1.13944,1.01,0.37
2020.07.14 14:05:38.736,1.1394,1.13944,2.59,0.75
2020.07.14 14:05:38.837,1.13939,1.13943,5.51,1.87
2020.07.14 14:05:38.939,1.13937,1.13942,3.34,1.69
2020.07.14 14:05:39.040,1.13938,1.13942,1.01,1.50
2020.07.14 14:05:39.142,1.13941,1.13944,1.57,4.66
2020.07.14 14:05:39.344,1.1394,1.13944,3.26,1.50
2020.07.14 14:05:39.907,1.13939,1.13942,1.20,0.75
2020.07.14 14:05:40.009,1.13938,1.13943,4.09,3.56
2020.07.14 14:05:40.111,1.13938,1.13941,1.76,0.75
2020.07.14 14:05:40.212,1.13937,1.13942,4.09,2.44
2020.07.14 14:05:40.677,1.13936,1.13938,2.77,0.75
2020.07.14 14:05:40.829,1.13941,1.13945,1.57,3.56
2020.07.14 14:05:40.880,1.1394,1.13943,5.89,1.12
2020.07.14 14:05:40.930,1.13942,1.13945,1.50,0.94
2020.07.14 14:05:41.082,1.13942,1.13946,1.50,2.44
2020.07.14 14:05:41.184,1.13942,1.13945,1.12,0.75
2020.07.14 14:05:41.285,1.13942,1.13946,0.82,2.44
2020.07.14 14:05:41.487,1.13943,1.13946,0.75,0.94
2020.07.14 14:05:41.589,1.13942,1.13946,2.32,0.94
2020.07.14 14:05:41.690,1.13943,1.13946,0.75,0.75
2020.07.14 14:05:41.791,1.13942,1.13946,1.50,2.44
2020.07.14 14:05:41.893,1.13942,1.13945,1.50,0.19
2020.07.14 14:05:41.995,1.13942,1.13946,1.95,1.31
2020.07.14 14:05:43.033,1.13941,1.13945,0.45,7.28
2020.07.14 14:05:43.336,1.1394,1.13945,2.51,5.81
2020.07.14 14:05:43.437,1.13942,1.13945,1.50,0.75
2020.07.14 14:05:43.539,1.13943,1.13946,0.75,0.94
2020.07.14 14:05:43.642,1.13943,1.13947,2.25,4.66
2020.07.14 14:05:44.099,1.13946,1.13949,1.12,1.87
2020.07.14 14:05:44.251,1.13945,1.13948,0.75,1.50
2020.07.14 14:05:44.352,1.13944,1.13948,1.12,4.31
2020.07.14 14:05:44.453,1.13944,1.13947,1.12,0.75
2020.07.14 14:05:44.606,1.13943,1.13946,2.25,3.00
2020.07.14 14:05:44.707,1.13942,1.13945,1.50,1.87
2020.07.14 14:05:45.154,1.13943,1.13945,0.75,1.12
2020.07.14 14:05:45.306,1.13942,1.13945,3.07,1.87
2020.07.14 14:05:45.811,1.13941,1.13945,6.45,1.87
2020.07.14 14:05:45.913,1.13938,1.13942,12.82,1.69
2020.07.14 14:05:46.014,1.13937,1.1394,3.15,2.06
2020.07.14 14:05:46.116,1.13936,1.1394,6.82,2.06
2020.07.14 14:05:46.623,1.13937,1.1394,1.50,1.87
2020.07.14 14:05:46.784,1.13936,1.13938,0.10,3.19
2020.07.14 14:05:46.887,1.13934,1.13938,4.76,3.37
2020.07.14 14:05:46.989,1.13934,1.13937,0.19,0.75
2020.07.14 14:05:47.091,1.13935,1.13937,0.26,0.37
2020.07.14 14:05:47.244,1.13934,1.13937,0.94,0.75
2020.07.14 14:05:47.699,1.13936,1.13937,0.75,0.37
2020.07.14 14:05:47.750,1.13935,1.1394,7.39,5.06
2020.07.14 14:05:47.851,1.13936,1.13939,0.37,1.50
2020.07.14 14:05:47.953,1.13935,1.1394,4.84,5.41
2020.07.14 14:05:48.054,1.13936,1.1394,0.10,5.41
2020.07.14 14:05:48.423,1.13935,1.1394,4.95,2.89
2020.07.14 14:05:48.474,1.13935,1.13938,4.20,1.12
2020.07.14 14:05:48.575,1.13934,1.13937,0.10,3.00
2020.07.14 14:05:48.677,1.13933,1.13937,0.75,3.75
2020.07.14 14:05:49.183,1.13934,1.13936,2.32,0.37
2020.07.14 14:05:49.235,1.13936,1.13939,1.50,1.85
2020.07.14 14:05:49.337,1.13936,1.1394,0.75,2.44
2020.07.14 14:05:50.275,1.13937,1.1394,0.75,1.87
2020.07.14 14:05:50.427,1.13938,1.13939,1.50,0.37
2020.07.14 14:05:50.479,1.13938,1.13941,1.50,2.62
2020.07.14 14:05:50.580,1.13937,1.13941,3.26,1.87
2020.07.14 14:05:50.681,1.13938,1.13941,4.57,0.75
2020.07.14 14:05:50.884,1.13937,1.13941,4.01,0.75
2020.07.14 14:05:51.036,1.1394,1.13941,0.75,0.75
2020.07.14 14:05:51.087,1.1394,1.13943,1.69,1.87
2020.07.14 14:05:51.239,1.13941,1.13943,0.37,0.75
2020.07.14 14:05:51.340,1.13941,1.13942,0.37,0.75
2020.07.14 14:05:51.441,1.1394,1.13944,0.75,5.14
2020.07.14 14:05:51.543,1.1394,1.13942,2.25,0.75
2020.07.14 14:05:51.948,1.13941,1.13944,0.75,2.70
2020.07.14 14:05:52.151,1.13941,1.13943,3.75,0.75
2020.07.14 14:05:52.255,1.13941,1.13944,3.75,1.95
2020.07.14 14:05:52.408,1.1394,1.13944,0.94,2.70
2020.07.14 14:05:52.509,1.1394,1.13943,0.94,0.75
2020.07.14 14:05:52.712,1.1394,1.13942,0.75,0.75
2020.07.14 14:05:52.813,1.13939,1.13941,3.37,0.75
2020.07.14 14:05:52.914,1.13938,1.13941,3.75,4.69
2020.07.14 14:05:53.066,1.13938,1.13942,3.00,6.23
2020.07.14 14:05:53.875,1.13939,1.13942,0.75,2.97
2020.07.14 14:05:53.925,1.1394,1.13944,3.19,2.32
2020.07.14 14:05:54.465,1.13941,1.13945,2.32,2.44
2020.07.14 14:05:54.566,1.13942,1.13945,3.82,0.75
2020.07.14 14:05:54.668,1.13942,1.13946,3.07,2.25
2020.07.14 14:05:55.234,1.13941,1.13945,3.75,1.69
2020.07.14 14:05:55.546,1.13942,1.13945,0.56,0.75
2020.07.14 14:05:55.698,1.13942,1.13944,4.39,0.75
2020.07.14 14:05:55.799,1.13942,1.13946,5.89,1.12
2020.07.14 14:05:56.079,1.13943,1.13947,0.37,2.81
2020.07.14 14:05:56.131,1.13945,1.13948,1.69,1.12
2020.07.14 14:05:56.334,1.13944,1.13947,2.14,0.75
2020.07.14 14:05:57.126,1.13946,1.13949,0.75,2.62
2020.07.14 14:05:57.328,1.13945,1.13948,0.26,2.25
2020.07.14 14:05:57.706,1.13946,1.13949,0.19,0.37
2020.07.14 14:05:57.808,1.13947,1.13949,0.94,0.37
2020.07.14 14:05:57.959,1.13946,1.13949,2.14,0.37
2020.07.14 14:05:58.111,1.13947,1.1395,1.31,2.62
2020.07.14 14:05:58.213,1.1395,1.13951,0.75,0.75
2020.07.14 14:05:58.263,1.13951,1.13953,4.31,0.75
2020.07.14 14:05:58.314,1.13954,1.13956,2.44,7.50
2020.07.14 14:05:58.365,1.13955,1.13958,1.69,3.80
2020.07.14 14:05:58.467,1.13955,1.13957,2.44,0.37
2020.07.14 14:05:58.518,1.13958,1.13959,2.62,1.50
2020.07.14 14:05:58.619,1.13957,1.13959,3.75,0.75
2020.07.14 14:05:58.721,1.13958,1.13961,0.56,0.75
2020.07.14 14:05:58.772,1.13957,1.13959,0.94,5.25
2020.07.14 14:05:58.823,1.13954,1.13957,0.94,0.75
2020.07.14 14:05:58.925,1.13954,1.13956,0.10,0.19
2020.07.14 14:05:59.026,1.13952,1.13957,1.84,3.56
2020.07.14 14:05:59.128,1.13952,1.13956,1.39,0.75
2020.07.14 14:05:59.330,1.1395,1.13952,0.75,0.82
2020.07.14 14:05:59.432,1.13947,1.13951,2.25,1.87
2020.07.14 14:05:59.533,1.13947,1.13949,0.37,3.00
2020.07.14 14:05:59.635,1.13946,1.13949,1.69,0.75
2020.07.14 14:05:59.737,1.13947,1.13951,1.69,4.92
2020.07.14 14:06:00.041,1.13948,1.13951,0.37,0.75
2020.07.14 14:06:00.143,1.13949,1.13952,0.37,1.85
2020.07.14 14:06:00.245,1.13948,1.13952,2.06,2.32
2020.07.14 14:06:00.579,1.13946,1.1395,3.19,1.57
2020.07.14 14:06:00.680,1.13946,1.13949,1.31,0.75
2020.07.14 14:06:00.731,1.13942,1.13944,1.12,1.50
2020.07.14 14:06:00.832,1.13941,1.13945,8.25,0.75
2020.07.14 14:06:00.934,1.13938,1.13942,2.51,0.37
2020.07.14 14:06:01.136,1.13938,1.13941,0.10,1.50
2020.07.14 14:06:01.251,1.13938,1.13942,0.10,3.19
2020.07.14 14:06:01.352,1.13938,1.13941,0.10,1.50
2020.07.14 14:06:01.894,1.13939,1.13941,0.75,1.50
2020.07.14 14:06:01.995,1.13938,1.13941,0.82,1.50
2020.07.14 14:06:02.199,1.13938,1.1394,0.75,1.50
2020.07.14 14:06:02.356,1.13938,1.13939,0.75,0.37
2020.07.14 14:06:02.457,1.13938,1.1394,0.75,0.37
2020.07.14 14:06:02.560,1.13938,1.13941,0.75,1.12
2020.07.14 14:06:02.967,1.13938,1.13942,3.94,2.60
2020.07.14 14:06:03.220,1.1394,1.13943,2.06,2.60
2020.07.14 14:06:03.372,1.1394,1.13944,4.69,0.10
2020.07.14 14:06:03.473,1.13939,1.13943,0.45,1.50
2020.07.14 14:06:03.575,1.13937,1.13942,10.09,0.37
2020.07.14 14:06:03.795,1.13939,1.13941,0.75,0.37
2020.07.14 14:06:03.946,1.13939,1.13943,0.37,4.39
2020.07.14 14:06:04.199,1.1394,1.13943,0.37,2.22
2020.07.14 14:06:04.301,1.1394,1.13945,2.81,4.20
2020.07.14 14:06:04.453,1.1394,1.13944,1.69,1.50
2020.07.14 14:06:04.554,1.13941,1.13946,3.94,3.87
2020.07.14 14:06:04.605,1.13943,1.13947,0.75,5.11
2020.07.14 14:06:04.909,1.13945,1.13948,0.37,2.78
2020.07.14 14:06:05.012,1.13946,1.13949,1.50,2.44
2020.07.14 14:06:05.113,1.13947,1.13949,0.45,2.44
2020.07.14 14:06:05.215,1.13948,1.13949,0.75,0.94
2020.07.14 14:06:05.418,1.13949,1.13951,3.07,0.94
2020.07.14 14:06:05.519,1.13949,1.13951,2.32,0.94
2020.07.14 14:06:05.621,1.13948,1.1395,2.32,0.94
2020.07.14 14:06:05.724,1.13948,1.13951,2.44,3.00
2020.07.14 14:06:05.826,1.13949,1.1395,1.50,0.75
2020.07.14 14:06:06.030,1.13948,1.13951,2.44,2.44
2020.07.14 14:06:06.182,1.13948,1.1395,0.94,1.50
2020.07.14 14:06:06.485,1.13947,1.13951,0.19,3.07
2020.07.14 14:06:06.536,1.13945,1.13948,0.37,2.25
2020.07.14 14:06:06.638,1.13943,1.13947,8.44,3.35
2020.07.14 14:06:07.042,1.13946,1.13949,0.19,0.45
2020.07.14 14:06:07.144,1.13945,1.1395,5.44,2.22
2020.07.14 14:06:07.296,1.13944,1.13947,5.70,0.75
2020.07.14 14:06:07.347,1.13942,1.13946,15.56,0.75
2020.07.14 14:06:07.448,1.13942,1.13947,17.06,0.37
2020.07.14 14:06:07.600,1.13943,1.13947,1.50,0.94
2020.07.14 14:06:07.956,1.13943,1.13946,0.37,0.37
2020.07.14 14:06:08.057,1.13942,1.13946,2.25,1.50
2020.07.14 14:06:08.463,1.13942,1.13945,2.32,0.75
2020.07.14 14:06:08.566,1.13941,1.13943,1.12,0.75
2020.07.14 14:06:08.617,1.13939,1.13943,2.62,1.50
2020.07.14 14:06:08.719,1.13941,1.13944,1.69,0.10
2020.07.14 14:06:08.998,1.13939,1.13941,3.19,0.75
2020.07.14 14:06:09.050,1.13941,1.13943,0.75,2.70
2020.07.14 14:06:09.962,1.13942,1.13944,0.75,1.95
2020.07.14 14:06:10.216,1.13941,1.13943,0.75,1.50
2020.07.14 14:06:10.318,1.13938,1.13941,0.75,0.75
2020.07.14 14:06:10.571,1.13937,1.13941,5.14,0.10
2020.07.14 14:06:10.622,1.13941,1.13943,0.75,4.84
2020.07.14 14:06:10.825,1.13937,1.13942,9.94,0.90
2020.07.14 14:06:10.926,1.13937,1.13941,6.19,0.37
2020.07.14 14:06:11.383,1.13937,1.13938,0.75,1.50
2020.07.14 14:06:11.484,1.13936,1.13939,1.50,0.45
2020.07.14 14:06:11.586,1.13937,1.1394,1.12,1.57
2020.07.14 14:06:11.738,1.13937,1.13941,0.75,2.32
2020.07.14 14:06:11.908,1.13938,1.13942,1.50,4.27
2020.07.14 14:06:12.009,1.13937,1.13942,2.25,2.77
2020.07.14 14:06:12.313,1.13938,1.13942,0.75,3.82
2020.07.14 14:06:12.465,1.1394,1.13942,0.75,0.10
2020.07.14 14:06:12.516,1.1394,1.13944,2.25,1.50
2020.07.14 14:06:12.618,1.13941,1.13946,2.06,5.93
2020.07.14 14:06:12.719,1.13941,1.13945,2.06,0.75
2020.07.14 14:06:12.821,1.13941,1.13944,0.94,0.75
2020.07.14 14:06:12.973,1.13939,1.13941,1.12,0.75
2020.07.14 14:06:13.074,1.13938,1.13942,0.75,1.57
2020.07.14 14:06:13.533,1.13938,1.13941,0.75,0.45
2020.07.14 14:06:13.635,1.13936,1.13939,4.69,0.94
2020.07.14 14:06:13.737,1.13934,1.13937,1.87,1.50
2020.07.14 14:06:13.788,1.13935,1.13939,0.75,1.01
2020.07.14 14:06:13.940,1.13937,1.1394,0.75,1.95
2020.07.14 14:06:14.042,1.13936,1.13941,2.44,3.64
2020.07.14 14:06:14.143,1.13934,1.13937,2.62,0.75
2020.07.14 14:06:14.295,1.13937,1.13939,0.75,6.82
2020.07.14 14:06:14.447,1.13937,1.1394,0.75,0.82
2020.07.14 14:06:14.549,1.13936,1.13941,3.07,1.57
2020.07.14 14:06:14.652,1.13936,1.1394,1.57,1.50
2020.07.14 14:06:14.754,1.13936,1.13941,3.07,3.23
2020.07.14 14:06:15.259,1.13938,1.13942,2.25,2.70
2020.07.14 14:06:15.361,1.1394,1.13944,1.50,4.09
2020.07.14 14:06:15.462,1.13939,1.13944,4.57,1.39
2020.07.14 14:06:15.614,1.13938,1.13942,6.00,1.50
2020.07.14 14:06:16.272,1.13938,1.13941,0.75,0.82
2020.07.14 14:06:16.374,1.13935,1.13939,0.94,0.75
2020.07.14 14:06:16.475,1.13937,1.1394,0.37,1.92
2020.07.14 14:06:16.576,1.13938,1.13941,0.75,1.12
2020.07.14 14:06:16.678,1.13937,1.13942,1.12,4.39
2020.07.14 14:06:16.779,1.13939,1.13941,0.75,0.10
2020.07.14 14:06:16.881,1.13937,1.13942,2.32,4.76
2020.07.14 14:06:17.083,1.13937,1.13941,1.50,0.10
2020.07.14 14:06:17.387,1.13938,1.13942,1.50,1.76
2020.07.14 14:06:17.490,1.13937,1.13941,3.82,0.75
2020.07.14 14:06:17.592,1.13937,1.13942,3.82,2.14
2020.07.14 14:06:17.946,1.13938,1.13941,0.75,1.50
2020.07.14 14:06:18.511,1.13937,1.13939,0.75,2.25
2020.07.14 14:06:18.562,1.13934,1.13937,3.00,0.75
2020.07.14 14:06:18.663,1.13933,1.13937,2.32,0.82
2020.07.14 14:06:18.967,1.13935,1.13938,0.10,1.95
2020.07.14 14:06:19.069,1.13937,1.13941,0.75,1.92
2020.07.14 14:06:19.423,1.13935,1.1394,8.06,1.76
2020.07.14 14:06:19.524,1.13936,1.1394,0.75,0.45
2020.07.14 14:06:19.676,1.13936,1.13941,3.07,2.70
2020.07.14 14:06:19.778,1.13937,1.13941,2.32,1.85
2020.07.14 14:06:19.829,1.13939,1.13942,3.00,0.10
2020.07.14 14:06:19.931,1.13941,1.13943,0.37,0.75
2020.07.14 14:06:19.981,1.13938,1.13942,7.76,0.75
2020.07.14 14:06:20.234,1.1394,1.13943,3.94,0.45
2020.07.14 14:06:20.336,1.13939,1.13944,5.06,1.65
2020.07.14 14:06:20.450,1.1394,1.13944,0.75,1.20
2020.07.14 14:06:20.552,1.13938,1.13943,4.01,3.35
2020.07.14 14:06:20.655,1.13938,1.13942,2.06,1.50
2020.07.14 14:06:20.756,1.13939,1.13941,0.37,0.75
2020.07.14 14:06:20.858,1.1394,1.13943,5.44,0.10
2020.07.14 14:06:20.960,1.13941,1.13945,2.25,1.09
2020.07.14 14:06:21.385,1.13941,1.13944,2.25,0.75
2020.07.14 14:06:21.490,1.13939,1.13943,6.56,0.75
2020.07.14 14:06:21.591,1.1394,1.13944,0.75,5.02
2020.07.14 14:06:21.693,1.13939,1.13942,0.37,0.75
2020.07.14 14:06:21.794,1.13937,1.1394,1.87,1.20
2020.07.14 14:06:21.896,1.13936,1.13939,2.81,0.75
2020.07.14 14:06:21.997,1.13936,1.1394,2.81,0.82
2020.07.14 14:06:22.099,1.13934,1.13937,1.76,0.75
2020.07.14 14:06:22.150,1.13935,1.13939,0.19,5.67
2020.07.14 14:06:22.252,1.13936,1.1394,0.64,0.75
2020.07.14 14:06:22.354,1.13935,1.13939,1.12,1.27
2020.07.14 14:06:22.507,1.13935,1.13938,0.75,0.75
2020.07.14 14:06:22.608,1.13935,1.13939,0.75,3.80
2020.07.14 14:06:22.709,1.13935,1.13938,0.75,0.75
2020.07.14 14:06:22.810,1.13934,1.13938,1.50,1.57
2020.07.14 14:06:22.912,1.13935,1.13937,0.75,0.75
2020.07.14 14:06:23.013,1.13935,1.13937,0.75,0.75
2020.07.14 14:06:23.115,1.13933,1.13937,7.01,0.10
2020.07.14 14:06:23.216,1.13933,1.13938,7.01,1.57
2020.07.14 14:06:23.268,1.13935,1.13939,0.75,3.80
2020.07.14 14:06:23.369,1.13937,1.1394,0.19,1.12
2020.07.14 14:06:23.471,1.13936,1.13939,1.12,0.10
2020.07.14 14:06:23.522,1.13934,1.13938,6.45,0.75
2020.07.14 14:06:23.674,1.13933,1.13937,1.20,0.75
2020.07.14 14:06:24.434,1.13934,1.13938,3.00,0.52
2020.07.14 14:06:24.485,1.13937,1.1394,0.19,1.87
