2009.12.15 10:00:04.510,1.45396,1.45406,3.00,5.10
2009.12.15 10:00:07.177,1.45397,1.4541,3.00,1.50
2009.12.15 10:00:09.267,1.45402,1.45415,2.90,1.50
2009.12.15 10:00:11.369,1.45406,1.45419,2.10,3.00
2009.12.15 10:00:13.753,1.45411,1.45422,3.20,1.20
2009.12.15 10:00:13.872,1.45415,1.45425,1.50,1.40
2009.12.15 10:00:16.123,1.4541,1.45422,4.50,1.70
2009.12.15 10:00:18.734,1.45396,1.45404,4.70,1.20
2009.12.15 10:00:20.780,1.45379,1.45385,1.30,1.50
2009.12.15 10:00:21.293,1.45359,1.45367,1.50,1.70
2009.12.15 10:00:21.878,1.45339,1.45349,4.70,1.20
2009.12.15 10:00:22.728,1.45321,1.45329,2.30,1.50
2009.12.15 10:00:24.005,1.45306,1.45312,3.00,1.70
2009.12.15 10:00:26.310,1.45296,1.45306,4.00,1.70
2009.12.15 10:00:29.210,1.45298,1.45308,1.40,2.30
2009.12.15 10:00:30.599,1.45306,1.4531,3.40,9.50
2009.12.15 10:00:33.540,1.4531,1.45318,2.70,1.50
2009.12.15 10:00:37.330,1.45314,1.45322,21.60,4.50
2009.12.15 10:00:42.607,1.45317,1.45327,1.10,16.20
2009.12.15 10:00:45.511,1.45322,1.45332,2.80,1.50
2009.12.15 10:00:47.796,1.45323,1.45333,1.20,4.70
2009.12.15 10:00:49.840,1.45324,1.45335,3.20,4.70
2009.12.15 10:00:52.156,1.45327,1.45335,7.30,2.30
2009.12.15 10:00:54.258,1.45326,1.45336,12.90,3.20
2009.12.15 10:00:56.739,1.45327,1.45335,1.20,1.20
2009.12.15 10:00:58.937,1.45325,1.45335,1.40,1.50
2009.12.15 10:01:03.978,1.45326,1.45336,2.70,1.50
2009.12.15 10:01:06.706,1.45312,1.45322,3.30,1.70
2009.12.15 10:01:08.760,1.45296,1.45306,2.30,1.70
2009.12.15 10:01:09.213,1.45284,1.45289,1.50,1.50
2009.12.15 10:01:11.650,1.45267,1.45274,5.30,3.60
2009.12.15 10:01:13.409,1.45248,1.4526,1.70,12.60
2009.12.15 10:01:13.524,1.45234,1.45244,7.00,3.80
2009.12.15 10:01:16.428,1.45231,1.45239,4.40,3.10
2009.12.15 10:01:19.128,1.45241,1.45251,1.70,1.50
2009.12.15 10:01:21.371,1.45256,1.45264,3.40,1.50
2009.12.15 10:01:24.715,1.45271,1.45283,1.50,3.40
2009.12.15 10:01:28.557,1.45289,1.45299,1.90,8.50
2009.12.15 10:01:29.773,1.45306,1.45318,1.50,2.50
2009.12.15 10:01:30.646,1.45326,1.45336,1.70,5.70
2009.12.15 10:01:33.112,1.45349,1.45353,1.50,4.70
2009.12.15 10:01:35.222,1.45363,1.45373,3.00,1.50
2009.12.15 10:01:36.051,1.4537,1.45377,1.90,1.90
2009.12.15 10:01:36.290,1.45362,1.45372,1.50,9.80
2009.12.15 10:01:40.462,1.45352,1.4536,1.20,4.70
2009.12.15 10:01:43.675,1.45338,1.45347,1.70,2.70
2009.12.15 10:01:44.569,1.45324,1.45334,1.50,1.50
2009.12.15 10:01:48.460,1.45316,1.45323,1.40,1.50
2009.12.15 10:01:50.807,1.45304,1.45314,1.50,1.70
2009.12.15 10:01:52.860,1.45294,1.45304,1.70,1.50
2009.12.15 10:01:54.867,1.45284,1.45295,1.70,1.50
2009.12.15 10:01:57.969,1.45281,1.45289,1.50,1.50
2009.12.15 10:02:05.269,1.45264,1.45272,4.50,1.70
2009.12.15 10:02:07.710,1.4526,1.45268,5.10,2.90
2009.12.15 10:02:10.847,1.45256,1.45263,2.70,2.50
2009.12.15 10:02:16.391,1.4525,1.45261,1.50,1.20
2009.12.15 10:02:18.575,1.45245,1.45255,1.50,1.70
2009.12.15 10:02:22.415,1.45247,1.45257,3.60,2.70
2009.12.15 10:02:24.935,1.45263,1.45273,1.70,2.70
2009.12.15 10:02:27.995,1.45281,1.4529,3.80,3.40
2009.12.15 10:02:28.663,1.45301,1.45309,1.50,2.30
2009.12.15 10:02:30.015,1.45315,1.45327,1.50,1.50
2009.12.15 10:02:39.677,1.45323,1.45331,5.30,1.50
2009.12.15 10:02:42.417,1.45318,1.45326,6.60,3.80
2009.12.15 10:02:44.530,1.4531,1.45318,3.20,6.20
2009.12.15 10:02:48.258,1.45304,1.45308,2.80,1.70
2009.12.15 10:02:48.609,1.45297,1.45301,1.70,1.50
2009.12.15 10:02:49.010,1.45289,1.45295,3.40,1.50
2009.12.15 10:02:51.170,1.45285,1.45293,3.00,3.60
2009.12.15 10:02:53.486,1.45281,1.45288,2.30,1.50
2009.12.15 10:02:55.569,1.45278,1.45288,1.50,2.50
2009.12.15 10:02:56.481,1.45279,1.45283,3.20,1.50
2009.12.15 10:02:56.694,1.45277,1.45285,2.30,1.70
2009.12.15 10:03:03.712,1.45302,1.45312,1.20,1.90
2009.12.15 10:03:05.779,1.453,1.45305,1.70,1.50
2009.12.15 10:03:08.857,1.45294,1.45298,13.60,3.80
2009.12.15 10:03:09.229,1.45285,1.45292,2.30,1.50
2009.12.15 10:03:09.813,1.45279,1.45281,5.40,1.20
2009.12.15 10:03:10.035,1.45266,1.45276,2.70,1.50
2009.12.15 10:03:12.612,1.45259,1.45267,2.10,1.50
2009.12.15 10:03:18.414,1.45258,1.45266,1.70,1.90
2009.12.15 10:03:20.504,1.4527,1.45278,3.00,3.00
2009.12.15 10:03:22.582,1.45285,1.45293,2.10,1.50
2009.12.15 10:03:26.104,1.45302,1.4531,4.20,5.50
2009.12.15 10:03:27.335,1.45318,1.45328,6.20,3.80
2009.12.15 10:03:29.530,1.45333,1.45343,4.40,1.50
2009.12.15 10:03:32.789,1.4535,1.45356,4.40,17.50
2009.12.15 10:03:34.904,1.45353,1.45363,1.50,3.20
2009.12.15 10:03:36.268,1.4535,1.45356,1.50,4.70
2009.12.15 10:03:38.329,1.4534,1.4535,2.50,3.20
2009.12.15 10:03:39.591,1.45336,1.4534,2.80,2.30
2009.12.15 10:03:39.709,1.45327,1.45334,1.50,1.50
2009.12.15 10:03:41.758,1.45323,1.45331,1.50,4.50
2009.12.15 10:03:42.101,1.45318,1.45327,3.80,1.70
2009.12.15 10:03:44.122,1.45319,1.45325,1.50,1.50
2009.12.15 10:03:48.288,1.45317,1.45323,1.40,8.70
2009.12.15 10:03:51.628,1.45315,1.45323,2.80,2.50
2009.12.15 10:03:52.934,1.45315,1.45325,17.30,1.20
2009.12.15 10:04:05.038,1.45308,1.45314,3.80,3.40
2009.12.15 10:04:05.398,1.45309,1.45316,1.20,24.30
2009.12.15 10:04:05.525,1.45311,1.45316,1.50,3.00
2009.12.15 10:04:08.318,1.45311,1.45321,3.60,3.20
2009.12.15 10:04:09.752,1.45316,1.4532,1.50,3.20
2009.12.15 10:04:10.157,1.45317,1.45324,1.30,4.70
2009.12.15 10:04:10.390,1.45323,1.45327,3.20,3.60
2009.12.15 10:04:12.642,1.45329,1.45333,2.30,1.50
2009.12.15 10:04:15.038,1.45331,1.45341,1.70,2.70
2009.12.15 10:04:17.619,1.45337,1.45347,1.50,2.50
2009.12.15 10:04:20.481,1.45335,1.45343,1.50,2.50
2009.12.15 10:04:20.600,1.45323,1.45329,1.70,5.30
2009.12.15 10:04:22.671,1.45309,1.45313,2.30,1.50
2009.12.15 10:04:27.997,1.45294,1.45301,3.20,1.50
2009.12.15 10:04:30.457,1.45281,1.45289,1.20,1.50
2009.12.15 10:04:33.447,1.4527,1.45278,4.40,1.50
2009.12.15 10:04:35.898,1.45265,1.45273,2.50,23.50
2009.12.15 10:04:37.996,1.45269,1.45277,6.80,4.70
2009.12.15 10:04:40.694,1.45275,1.45285,1.10,5.30
2009.12.15 10:04:41.250,1.45283,1.4529,1.90,1.50
2009.12.15 10:04:41.910,1.45285,1.45295,1.50,2.70
2009.12.15 10:04:45.107,1.45291,1.45297,1.50,3.60
2009.12.15 10:04:47.507,1.45295,1.45303,2.30,2.50
2009.12.15 10:04:50.024,1.45297,1.45307,1.50,1.60
2009.12.15 10:04:51.964,1.453,1.4531,4.70,1.50
2009.12.15 10:04:53.077,1.45306,1.45312,3.60,1.50
2009.12.15 10:04:53.751,1.45311,1.45316,3.40,5.10
2009.12.15 10:04:54.127,1.45315,1.45322,1.50,1.70
2009.12.15 10:04:56.456,1.45321,1.45327,11.60,2.10
2009.12.15 10:04:58.528,1.45322,1.4533,4.40,1.50
2009.12.15 10:05:03.779,1.45315,1.45323,4.20,1.70
2009.12.15 10:05:06.094,1.45313,1.4532,2.30,3.20
2009.12.15 10:05:08.871,1.45311,1.45317,3.20,1.90
2009.12.15 10:05:11.170,1.45304,1.45313,1.50,3.40
2009.12.15 10:05:12.063,1.45301,1.45307,1.50,1.50
2009.12.15 10:05:12.304,1.45292,1.453,1.10,16.20
2009.12.15 10:05:13.402,1.45287,1.45293,1.70,5.70
2009.12.15 10:05:17.330,1.45284,1.45292,4.20,1.50
2009.12.15 10:05:19.870,1.4529,1.45298,6.50,1.20
2009.12.15 10:05:21.995,1.45299,1.45309,2.70,3.00
2009.12.15 10:05:24.054,1.45311,1.45317,1.50,3.20
2009.12.15 10:05:27.420,1.45321,1.45329,2.10,1.90
2009.12.15 10:05:29.749,1.45332,1.4534,1.50,4.50
2009.12.15 10:05:31.790,1.45337,1.45345,1.50,4.40
2009.12.15 10:05:37.079,1.45334,1.45342,2.30,2.50
2009.12.15 10:05:39.450,1.4533,1.45336,2.10,1.50
2009.12.15 10:05:43.261,1.45325,1.45333,3.20,1.50
2009.12.15 10:05:45.849,1.4532,1.45329,2.50,1.90
2009.12.15 10:05:47.953,1.4532,1.45328,2.30,1.70
2009.12.15 10:05:52.772,1.45318,1.45329,1.90,2.30
2009.12.15 10:05:55.581,1.45321,1.45329,2.70,1.90
2009.12.15 10:05:56.692,1.45324,1.45334,2.60,1.50
2009.12.15 10:05:58.844,1.45329,1.45339,1.40,4.20
2009.12.15 10:05:59.267,1.45334,1.4534,2.90,2.90
2009.12.15 10:06:01.247,1.45328,1.45338,3.00,2.50
2009.12.15 10:06:03.315,1.45334,1.45342,2.30,4.70
2009.12.15 10:06:03.433,1.4534,1.45344,2.30,5.10
2009.12.15 10:06:07.026,1.45341,1.45349,1.30,3.00
2009.12.15 10:06:10.459,1.45342,1.45349,14.30,1.40
2009.12.15 10:06:12.647,1.45338,1.45348,1.50,2.90
2009.12.15 10:06:14.717,1.45335,1.45343,8.30,13.20
2009.12.15 10:06:16.748,1.4533,1.45336,1.50,1.20
2009.12.15 10:06:17.327,1.45327,1.45329,1.20,1.90
2009.12.15 10:06:17.534,1.45325,1.45327,17.00,1.50
2009.12.15 10:06:19.785,1.45327,1.45333,2.80,2.30
2009.12.15 10:06:23.391,1.45332,1.4534,1.50,2.70
2009.12.15 10:06:26.596,1.45335,1.45343,20.00,1.50
2009.12.15 10:06:26.922,1.45341,1.45348,2.50,1.50
2009.12.15 10:06:28.698,1.45344,1.45354,1.40,1.40
2009.12.15 10:06:31.340,1.45348,1.45358,1.50,1.70
2009.12.15 10:06:33.765,1.45353,1.45361,1.50,1.70
2009.12.15 10:06:36.304,1.45357,1.45365,1.50,1.70
2009.12.15 10:06:38.561,1.4536,1.45368,2.10,1.50
2009.12.15 10:06:42.766,1.45357,1.45365,17.30,1.20
2009.12.15 10:06:46.844,1.45352,1.45362,1.50,2.90
2009.12.15 10:06:49.088,1.45348,1.45356,2.70,1.50
2009.12.15 10:06:51.868,1.45348,1.4535,2.30,2.90
2009.12.15 10:06:52.381,1.45343,1.45351,1.20,1.70
2009.12.15 10:06:54.437,1.45342,1.45349,1.50,1.70
2009.12.15 10:06:56.778,1.45338,1.45349,2.70,3.40
2009.12.15 10:06:57.358,1.45339,1.45345,2.90,1.50
2009.12.15 10:07:00.217,1.45358,1.4536,3.40,15.00
2009.12.15 10:07:02.766,1.45356,1.45357,22.20,1.40
2009.12.15 10:07:03.212,1.45348,1.45358,1.50,4.00
2009.12.15 10:07:03.777,1.45348,1.45349,1.10,1.50
2009.12.15 10:07:04.158,1.45339,1.45349,2.70,1.90
2009.12.15 10:07:06.392,1.45335,1.45345,1.40,1.50
2009.12.15 10:07:10.251,1.45332,1.4534,1.50,2.50
2009.12.15 10:07:14.120,1.45336,1.45344,2.30,3.00
2009.12.15 10:07:16.337,1.45349,1.45357,3.20,1.50
2009.12.15 10:07:18.817,1.45363,1.45371,1.20,3.40
2009.12.15 10:07:23.458,1.45374,1.45385,3.40,1.70
2009.12.15 10:07:27.059,1.45388,1.45398,1.90,4.50
2009.12.15 10:07:29.764,1.45401,1.45413,8.30,1.50
2009.12.15 10:07:31.973,1.45414,1.45424,1.50,1.40
2009.12.15 10:07:34.287,1.45425,1.45431,2.70,4.70
2009.12.15 10:07:37.467,1.45426,1.45436,1.50,10.00
2009.12.15 10:07:37.712,1.45423,1.45427,1.50,3.00
2009.12.15 10:07:39.814,1.45414,1.45422,1.50,1.60
2009.12.15 10:07:45.039,1.45407,1.45417,1.50,1.70
2009.12.15 10:07:46.000,1.45407,1.45408,3.80,1.50
2009.12.15 10:07:47.991,1.45404,1.4541,3.00,4.50
2009.12.15 10:07:51.107,1.45402,1.45411,5.10,2.90
2009.12.15 10:07:53.402,1.45406,1.45411,5.60,1.50
2009.12.15 10:07:55.728,1.45404,1.45414,1.50,3.20
2009.12.15 10:08:02.967,1.45392,1.45402,7.30,1.70
2009.12.15 10:08:06.582,1.45387,1.45397,4.90,1.90
2009.12.15 10:08:07.858,1.45385,1.45392,1.50,3.60
2009.12.15 10:08:11.550,1.45384,1.45392,1.50,2.50
2009.12.15 10:08:12.901,1.45388,1.45393,1.30,1.50
2009.12.15 10:08:15.050,1.4539,1.454,3.40,1.50
2009.12.15 10:08:17.107,1.45397,1.45409,1.50,3.40
2009.12.15 10:08:19.598,1.45405,1.45412,2.70,1.90
2009.12.15 10:08:20.178,1.45403,1.45413,1.90,2.50
2009.12.15 10:08:22.251,1.45392,1.45402,1.50,2.70
2009.12.15 10:08:24.597,1.45379,1.45389,2.10,3.00
2009.12.15 10:08:26.689,1.45365,1.45375,1.50,1.50
2009.12.15 10:08:28.803,1.45353,1.45363,8.30,13.20
2009.12.15 10:08:31.097,1.45346,1.45354,1.50,4.40
2009.12.15 10:08:31.693,1.45347,1.45357,3.80,23.40
2009.12.15 10:08:33.618,1.45351,1.4536,1.50,1.50
2009.12.15 10:08:35.781,1.45356,1.45364,3.00,3.00
2009.12.15 10:08:38.644,1.45358,1.45368,3.00,2.30
2009.12.15 10:08:40.798,1.4536,1.45366,4.90,3.00
2009.12.15 10:08:47.368,1.45359,1.45369,1.50,5.90
2009.12.15 10:08:49.687,1.4536,1.4537,1.50,1.50
2009.12.15 10:08:51.377,1.4536,1.45367,3.00,1.50
2009.12.15 10:08:51.958,1.45357,1.45367,1.90,1.50
2009.12.15 10:08:56.360,1.45356,1.45366,2.30,1.70
2009.12.15 10:08:58.701,1.45355,1.45365,5.90,1.50
2009.12.15 10:09:01.706,1.45358,1.45366,1.50,3.00
2009.12.15 10:09:09.226,1.4536,1.4537,1.70,2.30
2009.12.15 10:09:11.536,1.45364,1.45375,3.00,2.10
2009.12.15 10:09:13.604,1.4537,1.45378,1.90,2.50
2009.12.15 10:09:15.639,1.45377,1.45381,1.90,1.50
2009.12.15 10:09:17.838,1.4538,1.45389,1.90,14.00
2009.12.15 10:09:18.598,1.45388,1.45395,2.50,21.80
2009.12.15 10:09:20.994,1.45389,1.45399,1.50,3.20
2009.12.15 10:09:29.055,1.45384,1.45394,2.30,5.10
2009.12.15 10:09:31.598,1.45378,1.45386,6.60,3.80
2009.12.15 10:09:33.625,1.45373,1.45381,2.70,1.90
2009.12.15 10:09:34.876,1.45369,1.45375,6.60,3.80
2009.12.15 10:09:36.926,1.45363,1.45373,5.30,1.50
2009.12.15 10:09:39.030,1.45361,1.45365,1.50,3.20
2009.12.15 10:09:39.582,1.45352,1.45358,2.10,1.50
2009.12.15 10:09:39.701,1.45343,1.4535,1.50,4.00
2009.12.15 10:09:42.507,1.45335,1.45343,1.50,1.90
2009.12.15 10:09:43.677,1.45329,1.45333,1.50,1.20
2009.12.15 10:09:44.022,1.45326,1.4533,5.30,3.90
2009.12.15 10:09:44.137,1.45326,1.45336,1.50,1.50
2009.12.15 10:09:44.256,1.45336,1.4534,1.50,2.90
2009.12.15 10:09:44.379,1.45337,1.45347,1.40,12.80
2009.12.15 10:09:46.508,1.45342,1.45349,3.20,1.50
2009.12.15 10:09:48.833,1.45346,1.45354,2.30,2.50
2009.12.15 10:09:51.316,1.45349,1.45358,1.50,2.90
2009.12.15 10:09:53.506,1.4535,1.4536,2.30,2.50
2009.12.15 10:09:55.616,1.45353,1.4536,12.20,4.50
2009.12.15 10:09:57.756,1.45353,1.45363,1.50,2.50
2009.12.15 10:09:58.261,1.45355,1.45362,3.00,4.40
2009.12.15 10:09:58.619,1.45356,1.45364,3.20,1.20
2009.12.15 10:10:00.561,1.45351,1.45359,1.70,3.80
2009.12.15 10:10:03.423,1.45342,1.45352,2.30,1.20
2009.12.15 10:10:05.994,1.45334,1.45341,5.50,1.50
2009.12.15 10:10:08.201,1.45322,1.45332,4.70,1.20
2009.12.15 10:10:10.446,1.45312,1.4532,1.50,2.50
2009.12.15 10:10:11.610,1.45301,1.45309,2.80,3.40
2009.12.15 10:10:12.472,1.45292,1.453,5.30,1.50
2009.12.15 10:10:14.471,1.45289,1.45295,1.50,2.30
2009.12.15 10:10:19.815,1.45299,1.45306,6.40,2.70
2009.12.15 10:10:21.930,1.45314,1.4532,1.70,3.00
2009.12.15 10:10:24.512,1.4533,1.45338,1.50,3.40
2009.12.15 10:10:26.403,1.45347,1.45354,1.70,1.50
2009.12.15 10:10:27.220,1.45364,1.45373,13.50,1.40
2009.12.15 10:10:29.324,1.45373,1.45381,4.50,5.30
2009.12.15 10:10:31.464,1.4537,1.45376,7.20,4.70
2009.12.15 10:10:33.744,1.45351,1.45361,3.00,2.50
2009.12.15 10:10:36.517,1.45346,1.45353,2.30,1.90
2009.12.15 10:10:38.543,1.45338,1.45346,1.70,1.50
2009.12.15 10:10:40.594,1.4533,1.4534,1.50,1.50
2009.12.15 10:10:44.353,1.45325,1.45335,1.70,3.00
2009.12.15 10:10:47.996,1.45322,1.4533,2.30,1.50
2009.12.15 10:10:50.663,1.45316,1.45326,1.50,3.00
2009.12.15 10:10:53.094,1.45312,1.45322,1.50,3.80
2009.12.15 10:10:56.443,1.45308,1.45318,1.50,1.70
2009.12.15 10:11:05.416,1.45305,1.45315,2.70,1.70
2009.12.15 10:11:08.464,1.45303,1.45311,2.90,1.50
2009.12.15 10:11:11.274,1.45302,1.4531,2.80,2.80
2009.12.15 10:11:14.206,1.45299,1.45309,3.80,1.70
2009.12.15 10:11:17.083,1.45293,1.45304,1.70,3.80
2009.12.15 10:11:17.977,1.45291,1.45297,3.00,2.50
2009.12.15 10:11:21.147,1.45287,1.45291,3.80,1.70
2009.12.15 10:11:21.742,1.45286,1.4529,2.70,1.90
2009.12.15 10:11:23.765,1.45293,1.45299,3.00,4.50
2009.12.15 10:11:25.176,1.453,1.4531,4.20,1.50
2009.12.15 10:11:27.231,1.45313,1.4532,2.70,3.00
2009.12.15 10:11:29.658,1.45323,1.45333,3.40,1.50
2009.12.15 10:11:30.728,1.45338,1.45345,1.50,1.60
2009.12.15 10:11:32.729,1.4535,1.45357,4.20,4.90
2009.12.15 10:11:34.735,1.45356,1.45366,1.50,1.70
2009.12.15 10:11:37.148,1.45354,1.45362,1.90,2.30
2009.12.15 10:11:37.982,1.45348,1.45358,1.50,2.50
2009.12.15 10:11:41.994,1.45342,1.4535,1.70,1.50
2009.12.15 10:11:44.355,1.45337,1.45347,4.20,3.40
2009.12.15 10:11:46.871,1.45334,1.45342,2.30,3.00
2009.12.15 10:11:48.940,1.45336,1.4534,3.40,2.90
2009.12.15 10:11:49.464,1.45337,1.45343,2.30,1.90
2009.12.15 10:11:51.750,1.45337,1.45345,3.40,1.50
2009.12.15 10:11:53.915,1.45341,1.4535,1.50,1.50
2009.12.15 10:11:55.969,1.45343,1.45351,1.90,1.50
2009.12.15 10:12:05.940,1.4534,1.4535,4.50,2.50
2009.12.15 10:12:07.978,1.45335,1.45343,2.30,1.50
2009.12.15 10:12:10.196,1.45327,1.45335,2.50,4.50
2009.12.15 10:12:12.456,1.45318,1.45326,4.50,1.50
2009.12.15 10:12:14.509,1.45309,1.45313,2.30,1.50
2009.12.15 10:12:16.651,1.45299,1.45305,2.40,1.50
2009.12.15 10:12:18.660,1.45296,1.45306,2.30,1.50
2009.12.15 10:12:20.160,1.45307,1.45311,1.20,1.50
2009.12.15 10:12:22.537,1.45316,1.45323,3.60,3.20
2009.12.15 10:12:25.237,1.45327,1.45335,1.50,1.50
2009.12.15 10:12:27.402,1.45341,1.45348,1.50,1.70
2009.12.15 10:12:27.663,1.45354,1.45362,1.50,2.90
2009.12.15 10:12:32.258,1.45368,1.45375,1.50,2.30
2009.12.15 10:12:35.766,1.45381,1.45387,1.70,4.40
2009.12.15 10:12:37.859,1.45386,1.45394,1.50,2.50
2009.12.15 10:12:39.120,1.45384,1.45391,2.50,1.50
2009.12.15 10:12:41.301,1.45381,1.45385,1.50,2.70
2009.12.15 10:12:43.327,1.45371,1.45381,3.80,2.90
2009.12.15 10:12:45.418,1.45367,1.45377,1.50,1.50
2009.12.15 10:12:47.515,1.45365,1.45373,1.50,1.50
2009.12.15 10:12:52.480,1.45364,1.45373,1.70,1.50
2009.12.15 10:12:54.382,1.45367,1.45372,1.50,4.50
2009.12.15 10:12:54.517,1.45368,1.45375,2.00,1.50
2009.12.15 10:12:56.539,1.45371,1.45379,1.50,2.70
2009.12.15 10:12:58.666,1.45374,1.45382,3.20,6.20
2009.12.15 10:13:00.299,1.45366,1.45374,5.90,4.40
2009.12.15 10:13:02.329,1.45351,1.45358,1.50,5.10
2009.12.15 10:13:05.645,1.45334,1.45342,3.40,1.40
2009.12.15 10:13:06.705,1.45315,1.45322,1.50,3.40
2009.12.15 10:13:09.534,1.45297,1.45305,3.40,1.50
2009.12.15 10:13:11.716,1.4529,1.45298,4.50,7.90
2009.12.15 10:13:15.591,1.45295,1.45303,3.20,1.50
2009.12.15 10:13:21.469,1.45305,1.45311,2.70,1.50
2009.12.15 10:13:23.948,1.45315,1.45323,4.50,19.70
2009.12.15 10:13:27.326,1.45327,1.45331,1.50,3.80
2009.12.15 10:13:29.590,1.45336,1.45343,4.40,1.90
2009.12.15 10:13:35.038,1.45347,1.45353,1.50,3.60
2009.12.15 10:13:36.699,1.45357,1.45363,1.70,3.80
2009.12.15 10:13:37.135,1.45366,1.45374,1.50,3.40
2009.12.15 10:13:39.244,1.45375,1.45381,1.20,1.50
2009.12.15 10:13:41.450,1.45375,1.45383,1.50,1.50
2009.12.15 10:13:47.138,1.45365,1.45373,6.60,3.80
2009.12.15 10:13:49.326,1.45355,1.45362,2.30,3.60
2009.12.15 10:13:50.738,1.45341,1.45348,1.50,3.40
2009.12.15 10:13:51.332,1.45329,1.45336,1.50,2.90
2009.12.15 10:13:53.845,1.4532,1.45327,1.50,2.70
2009.12.15 10:13:56.126,1.45313,1.45321,3.60,7.90
2009.12.15 10:14:03.505,1.45308,1.45316,2.50,1.50
2009.12.15 10:14:09.578,1.45307,1.45319,3.00,2.50
2009.12.15 10:14:15.676,1.45311,1.45318,2.70,1.50
2009.12.15 10:14:19.347,1.45318,1.45323,1.20,3.20
2009.12.15 10:14:19.473,1.45319,1.45329,6.40,1.50
2009.12.15 10:14:21.537,1.45322,1.45326,1.50,1.50
2009.12.15 10:14:23.478,1.45313,1.45323,1.10,16.20
2009.12.15 10:14:26.089,1.45309,1.45313,1.50,1.70
2009.12.15 10:14:26.330,1.45302,1.4531,1.50,3.40
2009.12.15 10:14:32.776,1.45297,1.45305,1.50,2.10
2009.12.15 10:14:34.876,1.45292,1.45302,1.50,3.00
2009.12.15 10:14:37.134,1.45288,1.45298,2.70,4.70
2009.12.15 10:14:37.986,1.45282,1.4529,2.10,1.20
2009.12.15 10:14:39.214,1.45274,1.45284,1.50,1.50
2009.12.15 10:14:41.904,1.45266,1.45276,5.90,3.50
2009.12.15 10:14:45.695,1.45262,1.45274,1.50,1.90
2009.12.15 10:14:46.300,1.45267,1.45274,3.80,2.90
2009.12.15 10:14:48.400,1.45271,1.45279,1.50,2.90
2009.12.15 10:14:49.039,1.45276,1.45284,3.80,1.70
2009.12.15 10:14:50.138,1.45281,1.45287,2.80,2.30
2009.12.15 10:14:50.420,1.45286,1.45292,2.30,3.20
2009.12.15 10:14:51.752,1.45291,1.45296,3.00,1.50
2009.12.15 10:14:52.297,1.45295,1.45302,6.80,1.50
2009.12.15 10:14:55.616,1.45299,1.45307,1.40,8.70
2009.12.15 10:14:57.877,1.45304,1.4531,1.50,3.60
2009.12.15 10:15:00.707,1.45308,1.45318,1.70,12.00
2009.12.15 10:15:02.912,1.453,1.45308,2.30,1.20
2009.12.15 10:15:05.903,1.45288,1.45296,2.70,4.00
2009.12.15 10:15:10.631,1.45278,1.45286,1.50,1.50
2009.12.15 10:15:13.035,1.45269,1.45277,1.50,3.40
2009.12.15 10:15:24.846,1.45266,1.45273,3.40,1.50
2009.12.15 10:15:27.024,1.45271,1.45281,1.50,1.20
2009.12.15 10:15:29.371,1.45279,1.45288,1.70,1.50
2009.12.15 10:15:31.543,1.45288,1.45298,1.70,1.50
2009.12.15 10:15:34.066,1.453,1.45308,1.50,2.50
2009.12.15 10:15:36.193,1.45311,1.45319,1.50,2.90
2009.12.15 10:15:38.507,1.45321,1.45329,4.50,1.50
2009.12.15 10:15:41.323,1.45328,1.45338,1.50,1.50
2009.12.15 10:15:42.708,1.45331,1.45337,1.70,5.70
2009.12.15 10:15:48.893,1.45329,1.45337,3.40,1.50
2009.12.15 10:15:51.627,1.45327,1.45336,6.60,3.80
2009.12.15 10:15:54.170,1.45325,1.45335,1.50,3.80
2009.12.15 10:16:03.191,1.45305,1.45313,2.50,3.40
2009.12.15 10:16:05.329,1.45302,1.45314,2.90,3.80
2009.12.15 10:16:07.421,1.45301,1.45311,1.50,1.50
2009.12.15 10:16:09.616,1.45295,1.45305,2.70,3.00
2009.12.15 10:16:10.220,1.45292,1.453,1.20,7.50
2009.12.15 10:16:15.870,1.45285,1.45293,1.50,1.70
2009.12.15 10:16:18.820,1.45285,1.45295,6.20,3.80
2009.12.15 10:16:20.603,1.45295,1.45303,1.50,6.20
2009.12.15 10:16:22.619,1.45307,1.45313,1.50,1.50
2009.12.15 10:16:24.652,1.45317,1.45323,1.40,1.20
2009.12.15 10:16:26.988,1.45327,1.45335,3.00,1.90
2009.12.15 10:16:30.209,1.45338,1.45346,1.50,1.20
2009.12.15 10:16:35.580,1.45348,1.45356,3.40,2.30
2009.12.15 10:16:37.671,1.4536,1.45367,2.50,3.20
2009.12.15 10:16:40.615,1.45373,1.45379,1.50,3.00
2009.12.15 10:16:40.963,1.45376,1.45386,4.40,3.00
2009.12.15 10:16:42.194,1.45376,1.45382,1.70,1.70
2009.12.15 10:16:42.603,1.45367,1.45379,1.50,2.30
2009.12.15 10:16:45.622,1.45363,1.45372,2.70,1.90
2009.12.15 10:16:47.722,1.45358,1.45369,2.40,1.50
2009.12.15 10:16:48.448,1.45354,1.45363,3.40,1.50
2009.12.15 10:16:50.809,1.4535,1.4536,2.30,1.50
2009.12.15 10:16:53.659,1.45349,1.45357,1.50,3.40
2009.12.15 10:17:05.466,1.45352,1.45362,1.90,1.50
2009.12.15 10:17:08.181,1.45348,1.45357,1.50,1.70
2009.12.15 10:17:10.765,1.45341,1.4535,21.60,4.50
2009.12.15 10:17:14.663,1.45334,1.45342,1.50,1.70
2009.12.15 10:17:16.854,1.45333,1.45341,1.50,3.00
2009.12.15 10:17:19.225,1.45339,1.45347,2.10,1.90
2009.12.15 10:17:21.228,1.45345,1.45355,4.20,1.50
2009.12.15 10:17:29.744,1.45357,1.45363,1.70,2.70
2009.12.15 10:17:30.605,1.45366,1.45374,1.30,3.00
2009.12.15 10:17:33.176,1.45378,1.45386,1.90,2.70
2009.12.15 10:17:35.930,1.45392,1.45398,1.50,1.50
2009.12.15 10:17:40.654,1.45396,1.45404,5.90,3.50
2009.12.15 10:17:41.401,1.45394,1.45402,1.50,8.50
2009.12.15 10:17:45.104,1.4539,1.45397,2.30,3.80
2009.12.15 10:17:49.292,1.45386,1.45392,3.40,1.50
2009.12.15 10:17:52.712,1.45381,1.45388,1.50,2.50
2009.12.15 10:17:55.268,1.45375,1.45385,3.00,1.20
2009.12.15 10:17:56.477,1.4537,1.45382,1.70,1.50
2009.12.15 10:17:57.686,1.45369,1.45377,2.30,1.70
2009.12.15 10:18:01.825,1.4536,1.4537,1.50,1.50
2009.12.15 10:18:02.342,1.45368,1.45376,6.40,1.50
2009.12.15 10:18:05.141,1.45376,1.45384,1.50,3.40
2009.12.15 10:18:07.755,1.45384,1.45392,4.00,1.50
2009.12.15 10:18:09.766,1.45392,1.45399,3.60,2.90
2009.12.15 10:18:10.880,1.45398,1.45408,1.50,1.50
2009.12.15 10:18:12.091,1.45409,1.45413,1.20,1.90
2009.12.15 10:18:12.334,1.45413,1.45424,2.50,1.50
2009.12.15 10:18:14.395,1.45417,1.45427,1.50,1.50
2009.12.15 10:18:14.643,1.45416,1.45426,1.50,1.90
2009.12.15 10:18:18.312,1.4541,1.4542,1.50,2.30
2009.12.15 10:18:20.370,1.45404,1.45414,4.40,1.50
2009.12.15 10:18:23.527,1.45395,1.45406,2.30,1.10
2009.12.15 10:18:26.037,1.45389,1.45397,2.70,1.90
2009.12.15 10:18:28.145,1.45379,1.45391,1.70,3.00
2009.12.15 10:18:31.604,1.45369,1.45379,1.90,4.50
2009.12.15 10:18:33.665,1.45359,1.45369,1.20,6.20
2009.12.15 10:18:34.142,1.4535,1.45356,1.90,2.50
2009.12.15 10:18:35.830,1.45334,1.45344,1.50,3.60
2009.12.15 10:18:38.110,1.45321,1.45333,1.50,1.70
2009.12.15 10:18:40.203,1.45316,1.45326,1.40,22.00
2009.12.15 10:18:42.521,1.45321,1.45329,1.70,2.70
2009.12.15 10:18:42.962,1.45329,1.45336,2.30,3.20
2009.12.15 10:18:46.331,1.45336,1.45344,1.50,2.50
2009.12.15 10:18:48.533,1.45344,1.45353,1.50,4.20
2009.12.15 10:18:50.876,1.45355,1.45359,6.80,3.00
2009.12.15 10:18:52.959,1.45365,1.4537,1.20,2.10
2009.12.15 10:18:53.432,1.45373,1.45383,3.80,2.90
2009.12.15 10:18:53.705,1.45385,1.45391,1.50,2.50
2009.12.15 10:18:53.946,1.45388,1.45398,2.90,1.50
2009.12.15 10:19:00.508,1.45377,1.45383,1.70,4.20
2009.12.15 10:19:00.821,1.45378,1.45385,1.70,1.50
2009.12.15 10:19:02.828,1.45374,1.45385,1.50,1.90
2009.12.15 10:19:05.615,1.45374,1.45383,1.50,1.50
2009.12.15 10:19:09.012,1.45372,1.45382,4.00,3.80
2009.12.15 10:19:11.515,1.45372,1.4538,1.50,1.20
2009.12.15 10:19:19.338,1.45372,1.4538,1.50,3.00
2009.12.15 10:19:21.343,1.45378,1.45386,1.50,1.70
2009.12.15 10:19:23.474,1.45384,1.45394,1.50,6.60
2009.12.15 10:19:23.598,1.45391,1.45401,1.50,1.70
2009.12.15 10:19:27.039,1.45399,1.45407,2.80,1.50
2009.12.15 10:19:29.186,1.45406,1.45416,1.50,2.30
2009.12.15 10:19:29.299,1.45417,1.45421,1.90,1.50
2009.12.15 10:19:29.806,1.45422,1.45432,1.70,5.50
2009.12.15 10:19:30.901,1.45433,1.45437,1.80,1.50
2009.12.15 10:19:32.197,1.45437,1.45445,3.40,6.60
2009.12.15 10:19:33.387,1.4544,1.45446,1.70,2.30
2009.12.15 10:19:37.175,1.45437,1.45441,4.20,1.70
2009.12.15 10:19:40.876,1.45427,1.45437,1.70,5.70
2009.12.15 10:19:43.695,1.4542,1.4543,9.00,1.50
2009.12.15 10:19:44.578,1.45419,1.45425,6.60,2.30
2009.12.15 10:19:46.737,1.45417,1.45424,1.70,1.20
2009.12.15 10:19:49.238,1.45416,1.45423,1.50,2.50
2009.12.15 10:19:51.255,1.45418,1.45425,2.30,1.90
2009.12.15 10:19:54.395,1.45422,1.45429,3.80,1.90
2009.12.15 10:19:56.715,1.45423,1.45431,1.20,1.20
2009.12.15 10:20:04.411,1.45393,1.45397,1.50,1.50
2009.12.15 10:20:09.251,1.45397,1.45404,1.50,1.50
2009.12.15 10:20:10.353,1.45406,1.4541,1.70,3.00
2009.12.15 10:20:12.676,1.45412,1.45417,5.90,1.90
2009.12.15 10:20:16.915,1.45415,1.45423,1.50,3.00
2009.12.15 10:20:18.408,1.45422,1.45428,1.50,9.80
2009.12.15 10:20:26.992,1.45426,1.45434,4.20,1.20
2009.12.15 10:20:30.993,1.45431,1.45439,3.60,3.20
2009.12.15 10:20:33.573,1.45438,1.45448,1.50,3.20
2009.12.15 10:20:35.746,1.45447,1.45454,7.30,2.30
2009.12.15 10:20:37.996,1.45447,1.45457,2.50,1.50
2009.12.15 10:20:42.991,1.45444,1.45454,2.30,1.70
2009.12.15 10:20:45.541,1.45439,1.45447,3.00,1.70
2009.12.15 10:20:47.623,1.45434,1.45444,1.90,4.40
2009.12.15 10:20:49.651,1.45432,1.45438,3.80,1.90
2009.12.15 10:20:55.923,1.4543,1.45435,1.50,1.70
2009.12.15 10:20:58.200,1.45428,1.45434,1.70,1.50
2009.12.15 10:21:07.459,1.45446,1.45456,3.00,2.50
2009.12.15 10:21:15.038,1.45468,1.45475,4.70,1.50
2009.12.15 10:21:17.089,1.45467,1.45474,1.20,3.00
2009.12.15 10:21:40.091,1.45434,1.45442,2.30,2.50
2009.12.15 10:21:41.035,1.45413,1.45419,1.50,1.50
2009.12.15 10:21:44.217,1.45411,1.45421,1.50,2.50
2009.12.15 10:21:47.445,1.45419,1.45429,5.50,1.50
2009.12.15 10:21:47.975,1.45431,1.45439,3.40,1.50
2009.12.15 10:21:52.498,1.45443,1.45451,1.80,1.50
2009.12.15 10:21:55.869,1.4545,1.45456,1.40,1.50
2009.12.15 10:22:02.432,1.45456,1.45464,1.50,1.70
2009.12.15 10:22:04.508,1.45454,1.45463,1.50,1.50
2009.12.15 10:22:06.831,1.45453,1.45461,1.40,1.50
2009.12.15 10:22:08.453,1.4545,1.4546,1.70,5.30
2009.12.15 10:22:08.695,1.45451,1.45456,1.10,2.30
2009.12.15 10:22:09.068,1.45446,1.45455,1.70,1.50
2009.12.15 10:22:11.222,1.4544,1.4545,2.70,3.60
2009.12.15 10:22:13.553,1.45433,1.45443,1.50,1.50
2009.12.15 10:22:14.892,1.45427,1.45434,3.40,1.50
2009.12.15 10:22:17.214,1.45417,1.45427,1.50,2.50
2009.12.15 10:22:21.449,1.45418,1.45422,2.70,1.50
2009.12.15 10:22:21.847,1.45425,1.45432,3.20,1.50
2009.12.15 10:22:24.003,1.45434,1.45444,1.50,4.50
2009.12.15 10:22:27.628,1.45444,1.45454,1.50,1.70
2009.12.15 10:22:30.151,1.45454,1.45464,3.80,2.90
2009.12.15 10:22:35.289,1.45464,1.45475,1.50,2.50
2009.12.15 10:22:35.510,1.45476,1.45483,1.50,11.00
2009.12.15 10:22:37.519,1.45486,1.45493,4.90,1.50
2009.12.15 10:22:38.423,1.45496,1.45502,1.70,4.40
2009.12.15 10:22:38.911,1.45498,1.45504,2.30,1.50
2009.12.15 10:22:39.276,1.45494,1.45496,1.50,3.20
2009.12.15 10:22:41.311,1.45484,1.45492,3.00,1.50
2009.12.15 10:22:45.124,1.45478,1.45486,2.70,4.70
2009.12.15 10:22:47.169,1.45475,1.45483,1.90,3.80
2009.12.15 10:22:50.665,1.45473,1.45481,1.50,1.50
2009.12.15 10:22:51.890,1.45473,1.45481,4.90,5.40
2009.12.15 10:22:52.821,1.45473,1.45482,2.50,1.50
2009.12.15 10:22:56.671,1.45475,1.45483,2.30,5.10
2009.12.15 10:23:03.636,1.45477,1.45484,1.70,1.20
2009.12.15 10:23:08.626,1.45477,1.45485,1.20,1.50
2009.12.15 10:23:11.332,1.45478,1.45486,1.50,1.20
2009.12.15 10:23:13.520,1.45479,1.45487,5.10,2.30
2009.12.15 10:23:18.064,1.45483,1.45491,1.70,3.00
2009.12.15 10:23:20.429,1.45488,1.45496,1.20,3.00
2009.12.15 10:23:22.476,1.45492,1.45502,1.70,4.40
2009.12.15 10:23:24.408,1.45497,1.45507,1.50,1.50
2009.12.15 10:23:26.184,1.45498,1.45506,1.50,2.30
2009.12.15 10:23:26.638,1.45492,1.45499,1.50,1.50
2009.12.15 10:23:28.698,1.45482,1.45492,5.40,1.20
2009.12.15 10:23:31.444,1.45475,1.45485,4.50,26.00
2009.12.15 10:23:34.052,1.45467,1.45476,1.50,3.20
2009.12.15 10:23:36.326,1.4546,1.45468,2.30,5.70
2009.12.15 10:23:37.919,1.45451,1.45461,5.90,1.50
2009.12.15 10:23:38.580,1.45446,1.45454,2.50,2.30
2009.12.15 10:23:40.660,1.45443,1.45451,4.40,1.50
2009.12.15 10:23:42.752,1.45446,1.45454,1.50,1.50
2009.12.15 10:23:44.842,1.45449,1.45459,1.90,4.40
2009.12.15 10:23:46.862,1.45455,1.45465,1.70,4.20
2009.12.15 10:23:49.531,1.4546,1.4547,1.50,3.20
2009.12.15 10:23:51.917,1.45465,1.45473,2.30,1.50
2009.12.15 10:23:56.230,1.45469,1.45479,1.20,1.20
2009.12.15 10:23:58.654,1.45473,1.45479,3.60,7.90
2009.12.15 10:24:04.391,1.45475,1.45483,2.10,2.30
2009.12.15 10:24:08.789,1.45474,1.45479,2.30,1.50
2009.12.15 10:24:09.144,1.45472,1.45479,3.00,1.70
2009.12.15 10:24:11.797,1.45469,1.45477,4.00,1.50
2009.12.15 10:24:13.851,1.45467,1.45477,1.50,3.00
2009.12.15 10:24:15.999,1.45467,1.45475,2.70,3.60
2009.12.15 10:24:16.340,1.45469,1.45475,2.70,2.90
2009.12.15 10:24:17.250,1.45473,1.45479,1.50,3.80
2009.12.15 10:24:19.353,1.45478,1.45486,3.00,2.90
2009.12.15 10:24:19.660,1.45486,1.45493,1.50,1.50
2009.12.15 10:24:22.660,1.45488,1.45496,1.50,1.70
2009.12.15 10:24:26.869,1.45483,1.45493,5.10,1.50
2009.12.15 10:24:32.210,1.4548,1.45488,1.40,1.40
2009.12.15 10:24:35.507,1.45475,1.45483,4.70,3.40
2009.12.15 10:24:37.719,1.45472,1.45477,3.40,1.50
2009.12.15 10:24:41.246,1.45467,1.45474,2.30,1.50
2009.12.15 10:24:41.673,1.45463,1.45467,2.70,2.50
2009.12.15 10:24:41.800,1.45454,1.45461,1.70,1.50
2009.12.15 10:24:43.885,1.45447,1.45453,5.50,1.50
2009.12.15 10:24:44.123,1.45444,1.45452,1.20,2.70
2009.12.15 10:24:44.240,1.45447,1.45453,1.90,1.50
2009.12.15 10:24:46.986,1.45451,1.45459,2.30,1.70
2009.12.15 10:24:47.918,1.45457,1.45461,3.40,5.30
2009.12.15 10:24:50.298,1.45458,1.45466,1.70,4.20
2009.12.15 10:24:51.908,1.45457,1.45467,2.70,1.50
2009.12.15 10:24:53.995,1.45459,1.45468,1.90,1.20
2009.12.15 10:24:56.865,1.45461,1.45465,6.20,3.80
2009.12.15 10:24:58.937,1.45457,1.45467,1.50,1.90
2009.12.15 10:24:59.460,1.45457,1.45463,1.70,3.00
2009.12.15 10:25:03.624,1.45456,1.45463,1.50,1.90
2009.12.15 10:25:04.309,1.45455,1.45467,3.20,1.50
2009.12.15 10:25:05.056,1.45457,1.45465,1.20,1.50
2009.12.15 10:25:05.672,1.45456,1.45468,1.50,3.40
2009.12.15 10:25:06.348,1.45459,1.45467,2.30,1.70
2009.12.15 10:25:09.500,1.45462,1.4547,1.50,1.40
2009.12.15 10:25:12.179,1.45466,1.45474,1.90,1.50
2009.12.15 10:25:16.210,1.4547,1.45478,4.20,2.90
2009.12.15 10:25:17.651,1.45467,1.45475,1.50,2.70
2009.12.15 10:25:24.209,1.45456,1.45464,7.40,2.30
2009.12.15 10:25:25.350,1.45444,1.45448,5.30,3.90
2009.12.15 10:25:26.360,1.45431,1.45435,1.50,1.70
2009.12.15 10:25:26.831,1.45413,1.45421,20.90,1.70
2009.12.15 10:25:28.306,1.45408,1.45414,3.40,4.40
2009.12.15 10:25:28.549,1.45412,1.45418,5.90,1.50
2009.12.15 10:25:30.699,1.45414,1.45424,53.90,1.50
2009.12.15 10:25:32.759,1.45422,1.45432,1.50,4.50
2009.12.15 10:25:35.393,1.4543,1.45437,1.50,4.90
2009.12.15 10:25:38.613,1.45433,1.45441,1.50,2.50
2009.12.15 10:25:40.819,1.45437,1.45445,1.70,4.20
2009.12.15 10:25:42.912,1.45439,1.45447,4.50,5.70
2009.12.15 10:25:43.780,1.45442,1.45446,53.90,1.50
2009.12.15 10:25:45.178,1.45442,1.4545,1.50,2.50
2009.12.15 10:25:47.338,1.45442,1.45452,1.50,1.70
2009.12.15 10:25:50.011,1.45443,1.45453,1.90,1.90
2009.12.15 10:25:53.249,1.45444,1.45454,2.70,1.50
2009.12.15 10:26:01.840,1.45451,1.45459,3.60,3.20
2009.12.15 10:26:03.918,1.45444,1.45452,1.50,3.60
2009.12.15 10:26:05.964,1.45437,1.45444,2.70,1.50
2009.12.15 10:26:10.947,1.45426,1.45436,2.30,2.50
2009.12.15 10:26:13.689,1.45427,1.45433,1.40,8.70
2009.12.15 10:26:23.659,1.4543,1.4544,1.50,1.50
2009.12.15 10:26:26.408,1.45441,1.45449,1.50,1.20
2009.12.15 10:26:28.608,1.45451,1.45462,2.30,3.60
2009.12.15 10:26:30.710,1.45463,1.45471,1.50,3.40
2009.12.15 10:26:32.911,1.45473,1.45483,1.50,2.10
2009.12.15 10:26:33.463,1.4549,1.45494,5.30,1.50
2009.12.15 10:26:33.589,1.455,1.4551,2.30,1.20
2009.12.15 10:26:37.022,1.45508,1.45516,1.90,3.00
2009.12.15 10:26:41.448,1.45507,1.45515,8.10,2.70
2009.12.15 10:26:44.718,1.45504,1.45511,2.30,6.00
2009.12.15 10:26:46.334,1.45501,1.45507,6.80,1.40
2009.12.15 10:26:47.380,1.45499,1.45506,5.10,1.50
2009.12.15 10:26:49.791,1.45498,1.45504,6.60,3.40
2009.12.15 10:26:52.092,1.45496,1.45503,1.70,1.50
2009.12.15 10:26:54.324,1.45497,1.45503,1.50,3.40
2009.12.15 10:26:57.607,1.45497,1.45503,2.30,1.90
2009.12.15 10:27:00.796,1.45495,1.45505,1.90,1.50
2009.12.15 10:27:02.967,1.45495,1.45505,3.80,1.70
2009.12.15 10:27:04.616,1.45498,1.45504,6.80,6.20
2009.12.15 10:27:04.770,1.45498,1.45509,1.30,1.50
2009.12.15 10:27:06.939,1.45504,1.45513,1.10,2.30
2009.12.15 10:27:09.256,1.45509,1.45517,2.10,2.50
2009.12.15 10:27:11.775,1.45508,1.45516,1.50,1.70
2009.12.15 10:27:14.343,1.45501,1.45509,1.90,2.50
2009.12.15 10:27:17.826,1.45494,1.455,1.50,3.40
2009.12.15 10:27:20.418,1.45486,1.45493,1.20,2.70
2009.12.15 10:27:20.785,1.45479,1.45486,3.00,2.50
2009.12.15 10:27:22.920,1.4547,1.45479,1.70,10.50
2009.12.15 10:27:33.430,1.45465,1.45474,1.10,16.20
2009.12.15 10:27:35.438,1.45459,1.45466,1.50,1.70
2009.12.15 10:27:40.217,1.45451,1.45459,1.70,16.20
2009.12.15 10:27:42.739,1.45445,1.45452,3.00,1.90
2009.12.15 10:27:43.130,1.45445,1.45453,1.50,5.50
2009.12.15 10:27:45.286,1.45455,1.45462,2.30,4.90
2009.12.15 10:27:47.308,1.45467,1.45473,1.90,1.50
2009.12.15 10:27:48.787,1.45479,1.45487,3.00,2.30
2009.12.15 10:27:53.250,1.45493,1.45499,2.70,1.50
2009.12.15 10:27:55.946,1.45499,1.45507,7.90,7.40
2009.12.15 10:28:03.420,1.455,1.45508,2.70,1.90
2009.12.15 10:28:05.931,1.45491,1.45499,2.70,1.50
2009.12.15 10:28:09.702,1.45481,1.45489,3.80,1.50
2009.12.15 10:28:11.970,1.45471,1.45479,2.10,1.90
2009.12.15 10:28:18.431,1.45468,1.45476,1.20,1.50
2009.12.15 10:28:20.443,1.45478,1.45486,1.20,4.50
2009.12.15 10:28:24.192,1.45489,1.45497,2.80,3.40
2009.12.15 10:28:26.792,1.455,1.45508,1.90,1.50
2009.12.15 10:28:30.221,1.45511,1.45519,4.50,1.50
2009.12.15 10:28:33.362,1.45521,1.45529,1.70,2.70
2009.12.15 10:28:34.165,1.45525,1.45535,1.50,2.90
2009.12.15 10:28:36.533,1.45528,1.45538,1.30,4.70
2009.12.15 10:28:39.961,1.45523,1.45533,1.10,1.50
2009.12.15 10:28:40.369,1.45517,1.45525,1.50,2.50
2009.12.15 10:28:43.071,1.4551,1.45518,1.70,3.00
2009.12.15 10:28:46.240,1.45504,1.45512,1.70,14.70
2009.12.15 10:28:48.241,1.455,1.45508,4.20,4.20
2009.12.15 10:28:51.690,1.45495,1.45503,6.60,1.50
2009.12.15 10:28:53.782,1.45491,1.45499,1.50,1.90
2009.12.15 10:28:56.943,1.45489,1.45497,1.50,1.70
2009.12.15 10:29:04.909,1.45505,1.45515,1.50,3.00
2009.12.15 10:29:08.827,1.45504,1.45513,2.70,4.70
2009.12.15 10:29:11.130,1.45504,1.45512,1.50,1.50
2009.12.15 10:29:15.420,1.45505,1.45515,1.50,1.20
2009.12.15 10:29:16.975,1.45508,1.45515,1.50,2.50
2009.12.15 10:29:19.295,1.4551,1.45518,4.70,1.20
2009.12.15 10:29:23.689,1.45509,1.45519,6.60,2.30
2009.12.15 10:29:25.787,1.455,1.4551,8.30,13.20
2009.12.15 10:29:28.547,1.45491,1.45499,4.60,2.40
2009.12.15 10:29:31.021,1.45479,1.4549,6.60,1.50
2009.12.15 10:29:33.043,1.4547,1.45477,5.70,1.50
2009.12.15 10:29:41.388,1.4546,1.4547,3.40,2.50
2009.12.15 10:29:43.740,1.45458,1.45466,1.50,3.80
2009.12.15 10:29:46.188,1.45465,1.45475,3.60,4.90
2009.12.15 10:29:48.640,1.45477,1.45487,7.50,3.00
2009.12.15 10:29:49.324,1.45491,1.45498,2.10,1.50
2009.12.15 10:29:51.878,1.45497,1.45505,1.50,2.90
2009.12.15 10:30:05.464,1.45501,1.45509,1.70,4.20
2009.12.15 10:30:07.486,1.4551,1.45518,4.90,1.90
2009.12.15 10:30:11.166,1.4552,1.45527,2.10,3.60
2009.12.15 10:30:17.165,1.45527,1.45534,3.20,1.70
2009.12.15 10:30:21.245,1.45524,1.45532,3.40,1.50
2009.12.15 10:30:23.625,1.45512,1.4552,3.60,1.70
2009.12.15 10:30:27.019,1.45497,1.45506,1.90,1.20
2009.12.15 10:30:29.269,1.45482,1.45492,4.50,1.70
2009.12.15 10:30:34.828,1.45475,1.45483,12.60,3.80
2009.12.15 10:30:37.233,1.45475,1.45485,3.00,1.50
2009.12.15 10:30:39.669,1.45481,1.45487,2.10,1.50
2009.12.15 10:30:41.699,1.45486,1.4549,4.40,1.90
2009.12.15 10:30:44.410,1.45486,1.45493,1.50,2.10
2009.12.15 10:30:49.315,1.45485,1.45496,2.80,3.40
2009.12.15 10:30:52.797,1.45488,1.45495,10.00,1.50
2009.12.15 10:30:59.237,1.45487,1.45493,5.30,2.50
2009.12.15 10:31:01.189,1.45512,1.45518,1.50,1.70
2009.12.15 10:31:05.003,1.45503,1.45514,3.00,1.20
2009.12.15 10:31:07.695,1.45496,1.45506,1.50,1.50
2009.12.15 10:31:10.272,1.45487,1.45493,1.50,2.50
2009.12.15 10:31:14.730,1.45477,1.45483,1.50,1.50
2009.12.15 10:31:16.648,1.45469,1.45473,3.40,1.50
2009.12.15 10:31:16.882,1.45465,1.45473,1.50,6.60
2009.12.15 10:31:19.243,1.45472,1.45477,2.30,3.20
2009.12.15 10:31:21.413,1.45477,1.45487,5.10,2.90
2009.12.15 10:31:23.542,1.45485,1.45493,1.70,3.00
2009.12.15 10:31:25.552,1.45493,1.45503,2.50,1.70
2009.12.15 10:31:27.892,1.45504,1.45512,1.50,2.10
2009.12.15 10:31:30.135,1.45513,1.45523,2.30,2.30
2009.12.15 10:31:30.933,1.45522,1.45534,4.40,1.90
2009.12.15 10:31:32.223,1.45534,1.45542,1.50,3.80
2009.12.15 10:31:34.812,1.45536,1.45546,6.80,4.70
2009.12.15 10:31:36.834,1.4553,1.4554,3.80,2.90
2009.12.15 10:31:38.921,1.45526,1.45534,1.50,2.50
2009.12.15 10:31:42.462,1.45517,1.45527,1.70,2.70
2009.12.15 10:31:45.059,1.45514,1.45522,1.20,8.70
2009.12.15 10:31:47.062,1.45509,1.45517,3.40,1.70
2009.12.15 10:31:49.196,1.45507,1.45515,1.50,3.40
2009.12.15 10:31:51.824,1.45505,1.45515,1.70,1.50
2009.12.15 10:31:53.957,1.45504,1.45513,1.20,1.50
2009.12.15 10:31:56.501,1.45505,1.45513,1.70,3.00
2009.12.15 10:31:56.718,1.45506,1.45514,2.90,1.20
2009.12.15 10:32:03.168,1.45516,1.45524,1.50,1.50
2009.12.15 10:32:06.045,1.45516,1.45527,2.50,1.90
2009.12.15 10:32:08.115,1.45518,1.45528,1.50,2.70
2009.12.15 10:32:10.269,1.4552,1.45529,2.50,5.50
2009.12.15 10:32:10.799,1.45519,1.45529,1.50,1.50
2009.12.15 10:32:13.497,1.45511,1.45521,5.90,1.50
2009.12.15 10:32:15.814,1.45502,1.45512,7.10,5.30
2009.12.15 10:32:20.045,1.45494,1.45504,6.00,1.50
2009.12.15 10:32:20.647,1.45486,1.45494,1.50,1.90
2009.12.15 10:32:22.076,1.45479,1.45486,2.90,9.60
2009.12.15 10:32:30.524,1.4547,1.4548,3.00,1.50
2009.12.15 10:32:32.953,1.45466,1.45474,1.50,3.00
2009.12.15 10:32:35.269,1.45464,1.4547,2.50,3.80
2009.12.15 10:32:37.408,1.45467,1.45473,1.50,2.90
2009.12.15 10:32:39.447,1.4547,1.45478,3.80,1.50
2009.12.15 10:32:46.424,1.45472,1.45482,1.30,1.50
2009.12.15 10:32:52.634,1.45479,1.45484,1.50,3.20
2009.12.15 10:32:54.956,1.45481,1.45491,4.40,1.20
2009.12.15 10:32:57.356,1.45485,1.45491,1.50,4.90
2009.12.15 10:33:02.572,1.45477,1.45487,1.50,2.90
2009.12.15 10:33:04.614,1.45483,1.45493,1.90,8.50
2009.12.15 10:33:04.952,1.45489,1.45497,4.90,1.50
2009.12.15 10:33:13.743,1.45499,1.45505,2.50,1.50
2009.12.15 10:33:14.939,1.45504,1.45514,3.40,1.50
2009.12.15 10:33:17.855,1.45505,1.45515,1.50,3.60
2009.12.15 10:33:22.344,1.45501,1.45507,3.00,1.50
2009.12.15 10:33:23.946,1.4549,1.45498,3.00,1.70
2009.12.15 10:33:27.287,1.45478,1.45488,1.50,1.50
2009.12.15 10:33:27.469,1.45465,1.45471,4.50,2.50
2009.12.15 10:33:29.339,1.45451,1.45461,3.00,5.10
2009.12.15 10:33:30.411,1.45448,1.45452,1.20,1.20
2009.12.15 10:33:30.765,1.4545,1.45457,1.70,1.50
2009.12.15 10:33:34.575,1.45453,1.45463,3.80,2.90
2009.12.15 10:33:37.232,1.45457,1.45465,1.50,1.70
2009.12.15 10:33:40.183,1.4546,1.4547,3.00,4.40
2009.12.15 10:33:42.451,1.45462,1.45471,1.50,3.20
2009.12.15 10:33:44.512,1.45463,1.45473,2.50,3.00
2009.12.15 10:33:47.599,1.45464,1.45473,3.80,1.70
2009.12.15 10:33:49.662,1.45466,1.45474,1.20,1.20
2009.12.15 10:34:02.627,1.45459,1.45467,3.80,1.50
2009.12.15 10:34:04.857,1.45451,1.45459,1.50,1.50
2009.12.15 10:34:09.206,1.4544,1.4545,2.80,2.30
2009.12.15 10:34:14.561,1.45438,1.45448,3.00,3.60
2009.12.15 10:34:21.029,1.45449,1.45455,3.80,1.20
2009.12.15 10:34:22.532,1.45462,1.45472,2.70,1.50
2009.12.15 10:34:29.234,1.45478,1.45486,1.70,3.00
2009.12.15 10:34:32.621,1.45487,1.45497,1.50,3.60
2009.12.15 10:34:34.782,1.45488,1.45496,3.40,1.50
2009.12.15 10:34:41.101,1.45488,1.45496,1.40,2.30
2009.12.15 10:34:43.724,1.45486,1.45495,1.50,3.20
2009.12.15 10:34:50.332,1.45486,1.45493,1.90,1.50
2009.12.15 10:34:54.431,1.45486,1.45494,1.90,2.30
2009.12.15 10:35:08.782,1.45478,1.45488,3.80,4.20
2009.12.15 10:35:12.054,1.45484,1.45493,1.50,2.50
2009.12.15 10:35:20.621,1.45491,1.45499,3.40,4.20
2009.12.15 10:35:23.994,1.45497,1.45505,13.60,1.90
2009.12.15 10:35:28.397,1.45492,1.455,3.40,9.50
2009.12.15 10:35:33.349,1.45474,1.45482,3.00,2.50
2009.12.15 10:35:35.756,1.45453,1.4546,1.50,1.50
2009.12.15 10:35:38.703,1.45432,1.4544,1.50,1.50
2009.12.15 10:35:41.034,1.45418,1.45428,6.40,1.50
2009.12.15 10:35:46.364,1.45419,1.45426,3.80,1.50
2009.12.15 10:35:49.782,1.45422,1.45426,1.70,3.20
2009.12.15 10:35:52.352,1.45427,1.45431,1.90,1.50
2009.12.15 10:35:55.243,1.4543,1.45437,3.40,1.50
2009.12.15 10:35:55.692,1.45435,1.4544,1.50,1.50
2009.12.15 10:35:58.209,1.45435,1.45443,1.40,1.80
2009.12.15 10:36:02.515,1.45435,1.45441,1.50,1.70
2009.12.15 10:36:03.097,1.45434,1.4544,3.60,4.90
2009.12.15 10:36:05.134,1.45431,1.45439,6.60,2.30
2009.12.15 10:36:08.030,1.45426,1.45434,3.40,1.50
2009.12.15 10:36:10.489,1.45423,1.45431,4.10,1.70
2009.12.15 10:36:13.735,1.45424,1.45432,2.50,1.50
2009.12.15 10:36:18.200,1.45429,1.45439,1.40,12.80
2009.12.15 10:36:20.289,1.45437,1.45447,3.80,2.50
2009.12.15 10:36:22.792,1.45445,1.45454,3.00,1.20
2009.12.15 10:36:25.562,1.45453,1.45461,3.60,3.00
2009.12.15 10:36:31.226,1.45461,1.45469,1.50,3.40
2009.12.15 10:36:35.450,1.45467,1.45477,6.00,2.50
2009.12.15 10:36:38.238,1.4547,1.45476,1.50,3.60
2009.12.15 10:36:38.599,1.45463,1.45473,2.50,1.50
2009.12.15 10:36:40.627,1.45456,1.45466,11.30,1.50
2009.12.15 10:36:42.980,1.45451,1.45459,2.30,1.20
2009.12.15 10:36:44.929,1.45445,1.45453,1.50,2.50
2009.12.15 10:36:51.823,1.45443,1.45447,2.30,1.20
2009.12.15 10:36:52.709,1.4544,1.45446,1.50,1.70
2009.12.15 10:37:07.054,1.45449,1.45457,2.50,1.50
2009.12.15 10:37:09.607,1.45455,1.45462,1.50,8.50
2009.12.15 10:37:11.904,1.4546,1.4547,2.30,1.50
2009.12.15 10:37:14.017,1.45467,1.45475,2.30,4.20
2009.12.15 10:37:26.693,1.45463,1.4547,1.90,1.50
2009.12.15 10:37:27.745,1.45445,1.45453,1.90,1.50
2009.12.15 10:37:29.225,1.45426,1.45433,2.90,1.50
2009.12.15 10:37:31.714,1.45408,1.45416,1.70,1.20
2009.12.15 10:37:33.848,1.45398,1.45408,1.50,2.30
2009.12.15 10:37:36.555,1.454,1.45408,1.90,1.50
2009.12.15 10:37:48.988,1.45408,1.45414,3.00,1.50
2009.12.15 10:37:51.105,1.45414,1.45424,1.50,1.50
2009.12.15 10:37:54.316,1.45426,1.45433,1.10,1.50
2009.12.15 10:37:57.234,1.45429,1.45439,2.70,1.50
2009.12.15 10:38:03.356,1.45437,1.45445,1.40,1.50
2009.12.15 10:38:05.695,1.45439,1.45447,2.10,3.00
2009.12.15 10:38:07.784,1.45443,1.45451,2.30,1.50
2009.12.15 10:38:09.679,1.45447,1.45456,1.50,1.70
2009.12.15 10:38:09.866,1.45452,1.45457,2.70,1.50
2009.12.15 10:38:12.426,1.4545,1.45458,3.80,4.20
2009.12.15 10:38:15.778,1.45442,1.45448,3.40,1.50
2009.12.15 10:38:16.335,1.45432,1.45442,2.50,3.20
2009.12.15 10:38:18.348,1.45422,1.45432,1.70,6.00
2009.12.15 10:38:20.544,1.45415,1.45422,1.50,2.90
2009.12.15 10:38:21.293,1.45406,1.45416,1.50,1.50
2009.12.15 10:38:23.438,1.45399,1.45406,1.70,1.50
2009.12.15 10:38:27.165,1.4539,1.454,1.50,2.50
2009.12.15 10:38:32.934,1.45382,1.45392,11.50,1.70
2009.12.15 10:38:35.024,1.45375,1.45385,2.70,1.50
2009.12.15 10:38:35.288,1.45373,1.45383,1.50,1.70
2009.12.15 10:38:37.684,1.45378,1.45386,3.40,1.50
2009.12.15 10:38:41.166,1.45384,1.45392,4.50,1.50
2009.12.15 10:38:44.072,1.45389,1.45398,1.20,3.20
2009.12.15 10:38:44.705,1.45393,1.45403,3.80,4.70
2009.12.15 10:38:46.132,1.45399,1.45407,1.20,1.50
2009.12.15 10:38:50.515,1.45403,1.45412,1.90,1.90
2009.12.15 10:38:58.520,1.45405,1.45411,1.70,2.30
2009.12.15 10:39:01.168,1.45409,1.45417,1.50,3.40
2009.12.15 10:39:02.892,1.45399,1.45408,2.10,3.00
2009.12.15 10:39:06.175,1.45387,1.45395,1.60,4.20
2009.12.15 10:39:09.175,1.45374,1.4538,3.40,1.50
2009.12.15 10:39:11.583,1.4536,1.4537,1.90,14.00
2009.12.15 10:39:13.951,1.45357,1.45367,1.70,1.50
2009.12.15 10:39:16.167,1.45366,1.45374,2.30,1.90
2009.12.15 10:39:18.190,1.45379,1.45389,1.70,4.20
2009.12.15 10:39:19.673,1.45396,1.45399,1.50,1.10
2009.12.15 10:39:21.665,1.45408,1.45418,1.50,1.70
2009.12.15 10:39:25.452,1.45413,1.45423,5.90,1.50
2009.12.15 10:39:28.101,1.45412,1.4542,1.90,2.30
2009.12.15 10:39:31.061,1.45409,1.45413,3.00,3.60
2009.12.15 10:39:35.462,1.45404,1.4541,1.50,1.50
2009.12.15 10:39:39.259,1.45403,1.4541,2.70,1.50
2009.12.15 10:39:44.743,1.45404,1.45411,1.50,1.70
2009.12.15 10:39:48.367,1.45404,1.45414,1.50,11.00
2009.12.15 10:40:03.192,1.4537,1.45378,1.20,1.50
2009.12.15 10:40:07.750,1.45374,1.45383,3.20,2.90
2009.12.15 10:40:14.312,1.45382,1.45389,1.90,1.50
2009.12.15 10:40:18.261,1.45388,1.45399,1.50,1.50
2009.12.15 10:40:22.853,1.45396,1.45406,2.70,1.90
2009.12.15 10:40:24.383,1.45404,1.45412,1.70,1.50
2009.12.15 10:40:31.585,1.45405,1.45413,3.00,1.90
2009.12.15 10:40:34.543,1.45395,1.45403,3.00,1.50
2009.12.15 10:40:36.926,1.45381,1.4539,2.30,1.70
2009.12.15 10:40:37.237,1.45369,1.45376,1.50,1.70
2009.12.15 10:40:40.315,1.45352,1.45362,1.50,1.50
2009.12.15 10:40:42.721,1.45345,1.45355,3.00,2.10
2009.12.15 10:40:45.682,1.45347,1.45357,1.50,1.90
2009.12.15 10:40:47.936,1.45352,1.4536,5.40,2.30
2009.12.15 10:40:50.602,1.45356,1.45366,1.20,8.70
2009.12.15 10:40:52.774,1.45364,1.45374,1.50,3.60
2009.12.15 10:40:53.309,1.4537,1.45378,3.80,2.90
2009.12.15 10:40:56.126,1.45373,1.45381,1.90,14.00
2009.12.15 10:41:04.506,1.45383,1.45391,2.30,1.50
2009.12.15 10:41:05.376,1.45378,1.45387,5.10,1.50
2009.12.15 10:41:07.483,1.45372,1.4538,4.70,1.20
2009.12.15 10:41:10.053,1.45365,1.45372,1.50,3.00
2009.12.15 10:41:16.596,1.45357,1.45365,3.60,7.90
2009.12.15 10:41:16.995,1.45354,1.45364,2.60,1.50
2009.12.15 10:41:20.655,1.45361,1.45371,7.40,2.30
2009.12.15 10:41:28.248,1.45371,1.45379,1.90,4.40
2009.12.15 10:41:31.329,1.45384,1.45388,2.10,1.90
2009.12.15 10:41:34.824,1.4539,1.45401,1.90,1.50
2009.12.15 10:41:36.955,1.45396,1.45404,1.50,2.90
2009.12.15 10:41:39.976,1.45392,1.454,1.90,1.50
2009.12.15 10:41:40.364,1.45385,1.45393,1.50,1.50
2009.12.15 10:41:42.036,1.45379,1.45386,6.60,1.50
2009.12.15 10:41:44.955,1.45375,1.4538,2.30,1.90
2009.12.15 10:41:53.566,1.4537,1.45377,3.00,2.30
2009.12.15 10:41:55.423,1.45368,1.45376,7.50,3.00
2009.12.15 10:42:02.250,1.45364,1.4537,2.50,1.50
2009.12.15 10:42:07.550,1.45357,1.45366,4.70,3.00
2009.12.15 10:42:13.565,1.4535,1.4536,5.10,2.90
2009.12.15 10:42:15.683,1.45345,1.45352,3.80,7.40
2009.12.15 10:42:17.914,1.45345,1.45353,1.50,6.00
2009.12.15 10:42:20.019,1.45354,1.45362,1.50,2.40
2009.12.15 10:42:23.680,1.45364,1.4537,1.50,4.70
2009.12.15 10:42:28.917,1.45373,1.45383,5.10,1.50
2009.12.15 10:42:32.587,1.45384,1.45393,1.30,1.50
2009.12.15 10:42:34.612,1.45394,1.45402,3.40,1.50
2009.12.15 10:42:39.002,1.45398,1.45406,1.50,4.50
2009.12.15 10:42:45.128,1.45393,1.45403,7.90,7.40
2009.12.15 10:42:47.198,1.45391,1.45397,4.70,9.00
2009.12.15 10:42:50.448,1.45384,1.45393,3.40,9.50
2009.12.15 10:42:53.001,1.45381,1.45387,1.50,1.70
2009.12.15 10:42:55.353,1.45375,1.4538,1.50,2.50
2009.12.15 10:42:58.258,1.45373,1.45375,2.30,1.50
2009.12.15 10:43:03.200,1.45358,1.45366,1.50,2.50
2009.12.15 10:43:05.426,1.45348,1.45354,1.50,1.20
2009.12.15 10:43:05.897,1.45334,1.45343,1.50,2.50
2009.12.15 10:43:09.041,1.45322,1.45332,2.10,1.90
2009.12.15 10:43:19.683,1.45324,1.4533,4.00,2.50
2009.12.15 10:43:26.819,1.45336,1.45344,1.40,8.70
2009.12.15 10:43:31.945,1.45354,1.45362,2.10,1.50
2009.12.15 10:43:37.224,1.45372,1.4538,1.50,1.70
2009.12.15 10:43:39.323,1.45383,1.45393,1.70,1.50
2009.12.15 10:43:42.140,1.45382,1.45394,2.70,1.50
2009.12.15 10:43:47.417,1.45378,1.45388,3.60,3.20
2009.12.15 10:43:51.409,1.45375,1.45382,1.50,1.50
2009.12.15 10:43:52.320,1.45373,1.45376,1.50,1.20
2009.12.15 10:43:52.690,1.45369,1.45377,5.90,1.90
2009.12.15 10:44:00.457,1.45353,1.45359,1.90,14.00
2009.12.15 10:44:07.881,1.45347,1.45355,3.60,1.50
2009.12.15 10:44:14.260,1.45341,1.45351,1.90,2.50
2009.12.15 10:44:17.301,1.45339,1.45343,13.90,5.10
2009.12.15 10:44:19.394,1.45333,1.45343,2.30,1.90
2009.12.15 10:44:22.011,1.45335,1.45345,1.70,5.30
2009.12.15 10:44:23.092,1.45346,1.45352,1.70,1.20
2009.12.15 10:44:24.682,1.45361,1.45366,1.30,3.00
2009.12.15 10:44:26.452,1.45376,1.45378,1.50,3.40
2009.12.15 10:44:28.986,1.45389,1.45396,1.50,6.40
2009.12.15 10:44:31.808,1.45396,1.45404,3.80,1.50
2009.12.15 10:44:35.604,1.45395,1.45401,1.50,2.10
2009.12.15 10:44:38.982,1.45392,1.45398,1.50,1.20
2009.12.15 10:44:40.031,1.45387,1.45394,4.40,1.50
2009.12.15 10:44:40.267,1.45383,1.4539,2.80,3.40
2009.12.15 10:44:42.322,1.45379,1.45387,4.20,1.50
2009.12.15 10:44:43.904,1.45377,1.45383,2.80,2.30
2009.12.15 10:44:45.922,1.45373,1.45378,4.10,1.20
2009.12.15 10:44:49.230,1.45367,1.45373,2.70,1.50
2009.12.15 10:44:51.514,1.45363,1.45371,1.70,4.20
2009.12.15 10:44:53.548,1.45359,1.45367,1.90,1.50
2009.12.15 10:45:02.946,1.45375,1.45381,2.70,1.90
2009.12.15 10:45:03.406,1.45371,1.45378,5.10,2.90
2009.12.15 10:45:03.907,1.45369,1.45374,1.50,2.50
2009.12.15 10:45:06.668,1.45367,1.45374,1.50,1.90
2009.12.15 10:45:09.427,1.45369,1.45373,6.60,1.50
2009.12.15 10:45:11.342,1.4537,1.45377,2.70,1.90
2009.12.15 10:45:11.581,1.45375,1.45381,21.60,4.50
2009.12.15 10:45:13.633,1.45379,1.45385,1.70,1.50
2009.12.15 10:45:13.751,1.45381,1.45391,3.20,1.90
2009.12.15 10:45:15.120,1.45381,1.45387,1.50,1.50
2009.12.15 10:45:17.214,1.45377,1.45383,4.50,5.30
2009.12.15 10:45:19.365,1.45371,1.45381,1.70,3.00
2009.12.15 10:45:20.423,1.4537,1.45376,2.30,2.50
2009.12.15 10:45:20.542,1.45364,1.45372,1.70,1.50
2009.12.15 10:45:20.663,1.45361,1.45366,5.50,3.00
2009.12.15 10:45:21.228,1.45355,1.45363,4.20,1.50
2009.12.15 10:45:21.638,1.45353,1.45357,2.90,1.90
2009.12.15 10:45:24.888,1.45346,1.45354,2.40,3.40
2009.12.15 10:45:27.169,1.4534,1.45346,1.50,1.70
2009.12.15 10:45:28.622,1.45331,1.45339,3.60,3.20
2009.12.15 10:45:31.180,1.45325,1.45332,5.30,2.30
2009.12.15 10:45:35.102,1.45323,1.45331,1.50,3.40
2009.12.15 10:45:36.027,1.45325,1.45333,6.40,1.50
2009.12.15 10:45:36.970,1.45331,1.45335,1.50,1.50
2009.12.15 10:45:39.180,1.45333,1.45343,1.30,6.10
2009.12.15 10:45:43.092,1.45336,1.45346,1.20,6.20
2009.12.15 10:45:46.885,1.45337,1.45348,1.90,1.20
2009.12.15 10:45:50.158,1.4534,1.45351,2.30,2.50
2009.12.15 10:45:52.770,1.45344,1.45355,3.60,2.30
2009.12.15 10:45:54.829,1.45348,1.45359,2.90,1.90
2009.12.15 10:45:55.447,1.45356,1.4536,1.50,9.80
2009.12.15 10:45:55.559,1.45358,1.45369,1.90,2.50
2009.12.15 10:45:57.981,1.45361,1.45371,6.60,3.40
2009.12.15 10:46:02.307,1.45375,1.45381,3.00,1.50
2009.12.15 10:46:03.770,1.45371,1.45379,1.70,2.90
2009.12.15 10:46:04.140,1.45372,1.45375,2.30,1.50
2009.12.15 10:46:04.482,1.45365,1.45375,2.30,1.50
2009.12.15 10:46:05.123,1.45363,1.4537,1.70,1.50
2009.12.15 10:46:05.366,1.45356,1.45366,1.90,3.80
2009.12.15 10:46:08.542,1.45352,1.45362,1.50,1.40
2009.12.15 10:46:10.602,1.4535,1.45356,3.40,1.50
2009.12.15 10:46:12.811,1.4534,1.4535,1.50,2.30
2009.12.15 10:46:13.371,1.45335,1.45342,1.10,2.30
2009.12.15 10:46:14.926,1.45334,1.45338,1.70,1.90
2009.12.15 10:46:15.331,1.45337,1.45347,6.50,1.20
2009.12.15 10:46:16.627,1.45345,1.45355,7.30,2.30
2009.12.15 10:46:18.114,1.45355,1.45361,2.30,1.50
2009.12.15 10:46:18.370,1.45362,1.4537,1.50,2.90
2009.12.15 10:46:19.926,1.45372,1.45383,2.90,3.00
2009.12.15 10:46:20.607,1.45382,1.4539,1.70,2.30
2009.12.15 10:46:25.406,1.45386,1.45394,1.20,1.70
2009.12.15 10:46:29.717,1.45382,1.4539,4.70,3.00
2009.12.15 10:46:31.161,1.45374,1.45384,1.80,1.50
2009.12.15 10:46:33.231,1.45369,1.45375,5.10,1.50
2009.12.15 10:46:35.620,1.45365,1.45373,7.00,4.50
2009.12.15 10:46:39.811,1.4536,1.4537,1.50,1.50
2009.12.15 10:46:40.274,1.45359,1.45367,2.50,1.50
2009.12.15 10:46:43.420,1.45357,1.45367,1.40,1.50
2009.12.15 10:46:45.741,1.45357,1.45365,2.70,2.30
2009.12.15 10:46:47.775,1.45353,1.45364,1.10,1.50
2009.12.15 10:46:50.341,1.45353,1.45361,1.50,1.50
2009.12.15 10:46:52.768,1.45351,1.45358,4.50,2.30
2009.12.15 10:46:55.192,1.45347,1.45357,3.40,1.70
2009.12.15 10:47:03.497,1.45342,1.45348,3.80,1.70
2009.12.15 10:47:05.584,1.45351,1.45357,2.90,1.50
2009.12.15 10:47:07.720,1.4536,1.45366,13.60,1.90
2009.12.15 10:47:09.797,1.45369,1.45379,1.50,3.00
2009.12.15 10:47:11.647,1.4538,1.45387,1.20,1.90
2009.12.15 10:47:13.715,1.45385,1.45395,1.50,1.50
2009.12.15 10:47:15.773,1.45386,1.45392,3.40,4.50
2009.12.15 10:47:19.263,1.45374,1.45385,1.40,5.30
2009.12.15 10:47:20.508,1.45363,1.4537,2.30,3.20
2009.12.15 10:47:24.787,1.45348,1.45356,1.50,2.70
2009.12.15 10:47:28.579,1.45332,1.45342,3.40,1.50
2009.12.15 10:47:36.783,1.45325,1.45335,1.90,2.30
2009.12.15 10:47:48.537,1.45328,1.45336,17.10,1.70
2009.12.15 10:47:50.964,1.45332,1.45342,1.50,3.80
2009.12.15 10:47:55.242,1.45338,1.45345,9.50,1.50
2009.12.15 10:47:55.709,1.45343,1.45347,1.50,5.10
2009.12.15 10:47:56.492,1.45343,1.45353,3.20,3.80
2009.12.15 10:48:07.435,1.45332,1.45342,1.70,3.60
2009.12.15 10:48:08.280,1.45345,1.45352,1.50,1.20
2009.12.15 10:48:11.501,1.45358,1.45366,1.70,1.50
2009.12.15 10:48:14.067,1.4537,1.45377,1.50,2.50
2009.12.15 10:48:18.103,1.45373,1.4538,1.50,2.30
2009.12.15 10:48:18.324,1.45367,1.45374,2.30,2.50
2009.12.15 10:48:24.837,1.45357,1.45365,1.50,3.60
2009.12.15 10:48:27.766,1.45346,1.45356,1.50,1.70
2009.12.15 10:48:30.295,1.45338,1.45345,1.50,1.50
2009.12.15 10:48:32.463,1.45328,1.45334,3.20,4.70
2009.12.15 10:48:34.764,1.45318,1.45325,1.50,5.10
2009.12.15 10:48:37.247,1.45312,1.4532,4.40,17.50
2009.12.15 10:48:37.371,1.45314,1.45321,4.40,1.50
2009.12.15 10:48:38.996,1.45319,1.45327,1.50,3.40
2009.12.15 10:48:41.586,1.45324,1.45331,1.50,2.50
2009.12.15 10:48:42.978,1.45331,1.45338,6.50,1.20
2009.12.15 10:48:46.727,1.45341,1.45346,4.60,2.40
2009.12.15 10:48:47.175,1.45349,1.45353,4.90,1.50
2009.12.15 10:48:51.784,1.45356,1.45363,1.50,1.50
2009.12.15 10:48:55.264,1.45361,1.45367,1.70,1.50
2009.12.15 10:49:14.331,1.45363,1.4537,2.10,4.00
2009.12.15 10:49:16.340,1.45358,1.45366,1.20,1.50
2009.12.15 10:49:18.621,1.45351,1.45359,5.10,1.50
2009.12.15 10:49:21.557,1.45344,1.4535,2.50,2.30
2009.12.15 10:49:24.337,1.45337,1.45345,1.50,1.70
2009.12.15 10:49:26.446,1.45338,1.45348,1.50,1.50
2009.12.15 10:49:28.546,1.45353,1.4536,3.60,1.50
2009.12.15 10:49:30.710,1.45366,1.45376,1.70,3.00
2009.12.15 10:49:31.595,1.45384,1.45392,2.70,3.40
2009.12.15 10:49:34.717,1.454,1.4541,1.20,3.80
2009.12.15 10:49:38.515,1.45418,1.45426,6.40,1.50
2009.12.15 10:49:38.634,1.45432,1.45436,1.50,1.50
2009.12.15 10:49:40.830,1.45435,1.45442,3.60,1.50
2009.12.15 10:49:41.974,1.45429,1.45439,1.40,2.30
2009.12.15 10:49:43.096,1.45424,1.45432,2.90,1.90
2009.12.15 10:49:44.451,1.45418,1.45425,4.00,1.70
2009.12.15 10:49:46.578,1.45414,1.45422,2.30,1.50
2009.12.15 10:49:48.625,1.45414,1.45421,1.70,1.50
2009.12.15 10:49:50.823,1.45414,1.45421,3.60,1.50
2009.12.15 10:49:53.399,1.45414,1.45422,1.50,1.70
2009.12.15 10:49:55.925,1.45414,1.45424,1.50,3.00
2009.12.15 10:50:03.974,1.45383,1.45393,2.30,1.90
2009.12.15 10:50:06.025,1.45384,1.4539,5.50,1.50
2009.12.15 10:50:09.045,1.45378,1.45385,1.50,1.70
2009.12.15 10:50:09.289,1.45373,1.4538,7.00,4.50
2009.12.15 10:50:11.553,1.45365,1.45372,1.50,3.60
2009.12.15 10:50:13.743,1.45357,1.45366,2.50,1.90
2009.12.15 10:50:13.866,1.45356,1.45363,3.00,1.50
2009.12.15 10:50:14.432,1.45362,1.4537,1.40,1.50
2009.12.15 10:50:18.334,1.4537,1.45374,3.80,1.50
2009.12.15 10:50:20.297,1.45377,1.45383,1.80,1.50
2009.12.15 10:50:22.293,1.45382,1.45388,1.50,1.70
2009.12.15 10:50:28.695,1.45386,1.45394,5.70,3.00
2009.12.15 10:50:31.332,1.4539,1.45396,1.50,6.60
2009.12.15 10:50:33.624,1.45391,1.45399,1.50,2.90
2009.12.15 10:50:36.993,1.45392,1.45401,3.00,5.10
2009.12.15 10:50:38.306,1.45397,1.45399,4.00,2.50
2009.12.15 10:50:38.705,1.45399,1.45407,1.50,3.60
2009.12.15 10:50:40.766,1.45404,1.45414,1.50,2.50
2009.12.15 10:50:44.615,1.4541,1.45418,1.70,11.50
2009.12.15 10:50:47.394,1.45416,1.45426,3.80,3.60
2009.12.15 10:50:49.656,1.45419,1.45429,1.90,1.70
2009.12.15 10:50:51.696,1.45415,1.45425,2.30,1.40
2009.12.15 10:50:54.495,1.45411,1.45419,2.70,1.50
2009.12.15 10:50:55.277,1.45411,1.45415,1.70,1.90
2009.12.15 10:50:57.444,1.45408,1.45416,2.50,1.50
2009.12.15 10:50:58.528,1.4541,1.45418,1.50,6.00
2009.12.15 10:50:59.788,1.45411,1.45419,1.50,1.50
2009.12.15 10:50:59.908,1.45415,1.45421,2.80,1.50
2009.12.15 10:51:02.587,1.45402,1.4541,1.20,1.50
2009.12.15 10:51:04.975,1.45397,1.45403,1.50,1.40
2009.12.15 10:51:07.416,1.45388,1.45396,1.10,16.20
2009.12.15 10:51:10.878,1.45384,1.45389,1.70,1.50
2009.12.15 10:51:13.309,1.45378,1.45384,2.60,1.50
2009.12.15 10:51:15.836,1.45371,1.45381,3.00,1.90
2009.12.15 10:51:17.926,1.45364,1.45372,4.20,4.20
2009.12.15 10:51:20.027,1.45362,1.4537,4.20,1.50
2009.12.15 10:51:23.050,1.45363,1.45371,1.50,2.50
2009.12.15 10:51:26.488,1.45368,1.45376,2.30,1.50
2009.12.15 10:51:26.881,1.45374,1.45379,1.50,1.70
2009.12.15 10:51:27.233,1.45379,1.45386,5.70,2.70
2009.12.15 10:51:27.470,1.45387,1.45392,1.70,9.80
2009.12.15 10:51:28.728,1.45395,1.45402,1.50,1.20
2009.12.15 10:51:31.439,1.45405,1.45413,1.50,3.40
2009.12.15 10:51:34.884,1.45415,1.45423,5.30,1.50
2009.12.15 10:51:36.850,1.45417,1.45425,4.50,1.40
2009.12.15 10:51:38.963,1.45413,1.45423,1.50,4.70
2009.12.15 10:51:41.150,1.45408,1.45415,1.70,1.50
2009.12.15 10:51:43.303,1.45399,1.45409,4.40,1.50
2009.12.15 10:51:45.548,1.45394,1.45402,3.00,5.10
2009.12.15 10:51:49.008,1.45386,1.45395,1.50,1.20
2009.12.15 10:51:52.180,1.45381,1.45391,1.70,2.50
2009.12.15 10:51:55.108,1.45375,1.45381,6.60,2.30
2009.12.15 10:51:57.202,1.4537,1.45378,4.00,2.30
2009.12.15 10:52:05.166,1.45381,1.45391,1.50,5.30
2009.12.15 10:52:07.399,1.45375,1.45384,1.70,1.50
2009.12.15 10:52:09.838,1.45368,1.45375,1.50,4.40
2009.12.15 10:52:16.467,1.4536,1.45368,1.90,4.20
2009.12.15 10:52:21.218,1.45347,1.45357,2.30,1.50
2009.12.15 10:52:23.269,1.4534,1.45348,3.20,4.70
2009.12.15 10:52:23.492,1.45342,1.45346,3.00,2.70
2009.12.15 10:52:25.561,1.45352,1.45357,4.20,1.50
2009.12.15 10:52:25.679,1.45366,1.45373,5.50,2.70
2009.12.15 10:52:29.487,1.45382,1.4539,2.50,5.10
2009.12.15 10:52:36.238,1.45398,1.45406,8.30,2.70
2009.12.15 10:52:38.597,1.45408,1.45414,1.50,5.70
2009.12.15 10:52:42.249,1.45407,1.45415,1.50,2.30
2009.12.15 10:52:44.782,1.45405,1.45413,2.50,3.20
2009.12.15 10:52:52.678,1.454,1.45408,6.60,3.80
2009.12.15 10:52:54.880,1.45398,1.45406,2.30,1.50
2009.12.15 10:52:58.899,1.45397,1.45405,2.30,1.90
2009.12.15 10:53:01.339,1.45394,1.45402,6.80,4.70
2009.12.15 10:53:01.833,1.45389,1.454,1.90,14.00
2009.12.15 10:53:03.478,1.45386,1.45395,1.50,1.70
2009.12.15 10:53:15.688,1.45381,1.45388,4.40,1.50
2009.12.15 10:53:17.040,1.45375,1.45379,3.40,2.50
2009.12.15 10:53:20.987,1.45364,1.45376,3.40,2.50
2009.12.15 10:53:22.318,1.45364,1.45372,2.70,1.50
2009.12.15 10:53:24.361,1.45369,1.45377,1.50,5.10
2009.12.15 10:53:25.949,1.45379,1.45385,1.50,1.50
2009.12.15 10:53:26.438,1.45385,1.45395,8.30,3.00
2009.12.15 10:53:29.100,1.45398,1.45402,1.50,1.70
2009.12.15 10:53:29.573,1.45404,1.45414,1.50,1.50
2009.12.15 10:53:30.217,1.45407,1.45417,1.50,1.50
2009.12.15 10:53:33.228,1.45404,1.45414,2.30,1.90
2009.12.15 10:53:37.248,1.45399,1.45407,3.60,3.20
2009.12.15 10:53:40.769,1.45395,1.45401,2.10,2.30
2009.12.15 10:53:44.738,1.45391,1.45399,2.70,1.50
2009.12.15 10:53:48.779,1.4539,1.45399,1.50,2.10
2009.12.15 10:53:50.965,1.45392,1.45399,1.50,3.00
2009.12.15 10:53:54.223,1.45394,1.454,2.80,1.70
2009.12.15 10:53:58.130,1.45393,1.45403,1.50,1.50
2009.12.15 10:54:04.345,1.45401,1.45409,1.90,2.00
2009.12.15 10:54:07.261,1.45395,1.45403,4.50,3.20
2009.12.15 10:54:09.960,1.45387,1.45394,1.90,1.50
2009.12.15 10:54:12.822,1.45376,1.45386,2.30,1.70
2009.12.15 10:54:18.310,1.45367,1.45376,2.30,1.70
2009.12.15 10:54:25.211,1.45366,1.45376,1.70,4.20
2009.12.15 10:54:31.566,1.45376,1.45384,1.20,2.30
2009.12.15 10:54:33.869,1.45386,1.45394,1.50,3.00
2009.12.15 10:54:39.688,1.45396,1.45404,1.50,1.70
2009.12.15 10:54:42.608,1.45408,1.45412,1.40,12.80
2009.12.15 10:54:43.045,1.45415,1.45419,5.10,1.50
2009.12.15 10:54:43.281,1.45421,1.45427,3.60,2.90
2009.12.15 10:54:43.552,1.45428,1.45432,3.80,1.50
2009.12.15 10:54:43.685,1.45434,1.45438,1.70,1.50
2009.12.15 10:54:44.224,1.45439,1.45443,1.50,1.50
2009.12.15 10:54:44.812,1.45441,1.45447,1.50,1.50
2009.12.15 10:54:44.932,1.45442,1.45446,2.80,2.10
2009.12.15 10:54:45.275,1.45437,1.45443,4.40,17.50
2009.12.15 10:54:45.513,1.45434,1.45438,1.40,1.80
2009.12.15 10:54:45.786,1.45429,1.45436,6.60,3.80
2009.12.15 10:54:48.551,1.45427,1.45435,3.60,7.90
2009.12.15 10:54:51.127,1.45425,1.45434,3.80,1.20
2009.12.15 10:54:54.039,1.45424,1.45433,1.50,1.70
2009.12.15 10:54:56.141,1.45427,1.45433,2.10,1.50
2009.12.15 10:55:04.271,1.45426,1.45434,1.50,1.70
2009.12.15 10:55:06.708,1.45428,1.45437,5.10,2.90
2009.12.15 10:55:13.984,1.45429,1.45438,1.50,2.90
2009.12.15 10:55:16.586,1.45433,1.45439,2.10,1.10
2009.12.15 10:55:26.586,1.45436,1.45444,1.20,24.30
2009.12.15 10:55:28.658,1.45439,1.45449,2.30,13.20
2009.12.15 10:55:31.956,1.4544,1.45448,1.50,2.90
2009.12.15 10:55:32.316,1.45432,1.4544,3.80,2.50
2009.12.15 10:55:35.455,1.45423,1.45431,1.50,2.50
2009.12.15 10:55:38.409,1.45416,1.45422,1.50,2.50
2009.12.15 10:55:43.005,1.45407,1.45415,1.50,4.20
2009.12.15 10:55:46.117,1.45398,1.45408,2.30,1.50
2009.12.15 10:55:48.344,1.45391,1.454,3.00,1.70
2009.12.15 10:55:53.990,1.45384,1.45393,4.70,1.50
2009.12.15 10:55:56.898,1.45382,1.45388,1.70,3.00
2009.12.15 10:56:01.078,1.45406,1.45414,1.50,3.80
2009.12.15 10:56:02.653,1.45407,1.45413,1.20,4.50
2009.12.15 10:56:05.640,1.45408,1.45415,2.70,3.00
2009.12.15 10:56:05.920,1.45411,1.45419,2.30,2.30
2009.12.15 10:56:12.113,1.45416,1.45426,3.40,1.50
2009.12.15 10:56:16.238,1.45425,1.45432,1.50,2.90
2009.12.15 10:56:18.326,1.45434,1.45442,1.50,4.00
2009.12.15 10:56:23.142,1.45436,1.45443,5.50,1.50
2009.12.15 10:56:25.189,1.4543,1.45437,1.70,1.50
2009.12.15 10:56:27.959,1.45419,1.45426,1.50,1.50
2009.12.15 10:56:30.827,1.45407,1.45417,3.40,3.40
2009.12.15 10:56:32.838,1.45394,1.454,2.70,2.50
2009.12.15 10:56:37.831,1.45381,1.45389,1.50,1.90
2009.12.15 10:56:40.219,1.45378,1.45386,1.50,1.40
2009.12.15 10:56:42.036,1.45382,1.45392,1.50,1.50
2009.12.15 10:56:42.264,1.45389,1.45399,2.10,1.90
2009.12.15 10:56:44.311,1.45397,1.45405,1.50,3.80
2009.12.15 10:56:46.557,1.45401,1.45409,1.50,1.70
2009.12.15 10:56:48.618,1.45401,1.4541,1.50,1.70
2009.12.15 10:56:51.278,1.45399,1.45409,4.00,1.70
2009.12.15 10:56:51.347,1.45398,1.45407,1.20,1.20
2009.12.15 10:56:53.849,1.45398,1.45406,2.30,5.80
2009.12.15 10:57:07.635,1.45421,1.45429,6.60,3.80
2009.12.15 10:57:09.687,1.45444,1.45448,2.10,1.90
2009.12.15 10:57:12.065,1.45464,1.45474,1.60,1.90
2009.12.15 10:57:14.144,1.45474,1.45482,1.40,2.60
2009.12.15 10:57:14.273,1.45463,1.45469,1.50,1.70
2009.12.15 10:57:17.829,1.45442,1.4545,1.50,1.20
2009.12.15 10:57:20.127,1.4542,1.4543,1.40,2.30
2009.12.15 10:57:22.600,1.454,1.4541,5.30,1.50
2009.12.15 10:57:24.524,1.45393,1.45401,2.90,2.30
2009.12.15 10:57:27.047,1.45401,1.45409,1.70,4.70
2009.12.15 10:57:29.678,1.45416,1.45424,1.20,3.20
2009.12.15 10:57:31.736,1.45431,1.45441,6.60,3.80
2009.12.15 10:57:47.868,1.45447,1.45457,7.40,1.50
2009.12.15 10:57:54.861,1.45456,1.45466,1.50,2.90
2009.12.15 10:58:02.975,1.45486,1.45494,1.50,1.70
2009.12.15 10:58:08.168,1.45486,1.45495,1.50,1.70
2009.12.15 10:58:13.398,1.45488,1.45497,1.50,2.70
2009.12.15 10:58:15.927,1.4549,1.45499,1.50,1.90
2009.12.15 10:58:18.915,1.45494,1.45504,3.00,1.20
2009.12.15 10:58:21.184,1.455,1.45506,1.50,4.00
2009.12.15 10:58:23.829,1.45495,1.45505,1.90,1.90
2009.12.15 10:58:27.495,1.45482,1.45494,2.30,2.90
2009.12.15 10:58:30.030,1.4547,1.45478,1.90,14.00
2009.12.15 10:58:33.977,1.45453,1.45463,5.60,1.50
2009.12.15 10:58:36.465,1.45446,1.45456,3.00,1.90
2009.12.15 10:58:40.396,1.45451,1.45457,1.10,1.50
2009.12.15 10:58:41.377,1.45456,1.45464,1.50,3.80
2009.12.15 10:58:41.897,1.45462,1.45466,1.50,1.70
2009.12.15 10:58:44.258,1.45464,1.45472,5.70,2.80
2009.12.15 10:58:46.337,1.45468,1.45477,1.90,4.00
2009.12.15 10:58:51.154,1.45471,1.45478,1.90,2.70
2009.12.15 10:58:54.036,1.45471,1.4548,3.00,5.10
2009.12.15 10:58:56.069,1.45476,1.4548,2.80,2.30
2009.12.15 10:59:06.310,1.45474,1.45484,2.10,1.50
2009.12.15 10:59:08.822,1.45474,1.4548,1.70,3.40
2009.12.15 10:59:10.874,1.45471,1.45479,4.50,1.50
2009.12.15 10:59:13.987,1.45467,1.45473,1.70,3.20
2009.12.15 10:59:14.891,1.45464,1.45467,1.50,1.50
2009.12.15 10:59:15.278,1.45453,1.45461,1.70,1.50
2009.12.15 10:59:17.442,1.45447,1.45453,3.20,1.50
2009.12.15 10:59:19.614,1.45445,1.45455,1.50,3.00
2009.12.15 10:59:21.707,1.45451,1.45461,3.40,5.90
2009.12.15 10:59:27.539,1.4546,1.4547,2.30,5.70
2009.12.15 10:59:28.603,1.45472,1.45479,1.70,4.20
2009.12.15 10:59:31.123,1.45482,1.45488,5.90,4.40
2009.12.15 10:59:31.441,1.45488,1.45497,3.00,1.50
2009.12.15 10:59:33.951,1.45496,1.45505,1.50,3.00
2009.12.15 10:59:38.083,1.45508,1.45512,2.70,1.70
2009.12.15 10:59:39.313,1.45517,1.45521,2.30,1.90
2009.12.15 10:59:41.194,1.45519,1.45526,1.50,6.80
2009.12.15 10:59:43.890,1.45516,1.45523,1.50,2.50
2009.12.15 10:59:46.148,1.4551,1.45516,2.10,1.50
2009.12.15 10:59:48.463,1.45504,1.45512,1.40,8.70
2009.12.15 10:59:50.723,1.455,1.45508,1.70,1.50
2009.12.15 10:59:52.871,1.45496,1.45504,8.30,1.90
2009.12.15 10:59:54.818,1.45493,1.45497,1.50,1.70
2009.12.15 10:59:55.627,1.45489,1.45495,1.50,4.20
2009.12.15 10:59:55.988,1.45484,1.45492,1.50,1.70
2009.12.15 10:59:56.244,1.4548,1.45487,1.50,1.90
2009.12.15 10:59:56.384,1.45473,1.45484,1.50,1.50
2009.12.15 10:59:57.220,1.45472,1.45477,1.50,3.20
2009.12.15 10:59:57.337,1.45469,1.45475,1.30,1.70
