2016.08.15 22:00:00.149,1.11836,1.11844,0.10,1.57
2016.08.15 22:00:00.654,1.11834,1.11841,3.82,0.37
2016.08.15 22:00:00.706,1.11834,1.11841,1.57,0.75
2016.08.15 22:00:00.801,1.11836,1.11842,0.75,0.10
2016.08.15 22:00:00.852,1.11836,1.11843,0.82,0.75
2016.08.15 22:00:00.903,1.11836,1.11843,0.10,0.75
2016.08.15 22:00:00.954,1.11836,1.11844,0.10,0.82
2016.08.15 22:00:01.056,1.11837,1.11844,0.10,0.75
2016.08.15 22:00:01.261,1.11836,1.11844,1.50,0.82
2016.08.15 22:00:01.578,1.11837,1.11843,0.19,0.10
2016.08.15 22:00:01.732,1.11838,1.11844,0.19,0.82
2016.08.15 22:00:01.835,1.11837,1.11843,0.19,0.10
2016.08.15 22:00:02.039,1.11835,1.11843,1.01,0.10
2016.08.15 22:00:02.141,1.11836,1.11843,0.19,0.10
2016.08.15 22:00:02.421,1.11836,1.11844,0.10,0.82
2016.08.15 22:00:02.527,1.11836,1.11843,0.10,0.75
2016.08.15 22:00:02.630,1.11836,1.11844,0.10,2.25
2016.08.15 22:00:02.732,1.11836,1.11844,0.10,0.82
2016.08.15 22:00:02.834,1.11836,1.11844,0.26,0.82
2016.08.15 22:00:02.936,1.11836,1.11844,0.26,2.32
2016.08.15 22:00:03.038,1.11836,1.11843,0.19,0.10
2016.08.15 22:00:03.089,1.11836,1.11843,0.94,0.10
2016.08.15 22:00:03.141,1.11837,1.11843,0.19,0.10
2016.08.15 22:00:03.386,1.11837,1.11844,0.19,0.82
2016.08.15 22:00:03.593,1.11837,1.11843,0.19,0.10
2016.08.15 22:00:03.645,1.11836,1.11843,2.62,0.10
2016.08.15 22:00:03.696,1.11836,1.11844,2.70,0.82
2016.08.15 22:00:03.798,1.11836,1.11844,2.70,1.57
2016.08.15 22:00:04.060,1.11838,1.11844,1.50,1.57
2016.08.15 22:00:04.548,1.11838,1.11844,0.19,0.82
2016.08.15 22:00:05.003,1.11838,1.11844,0.19,0.75
2016.08.15 22:00:05.257,1.11837,1.11844,0.26,0.75
2016.08.15 22:00:05.616,1.11838,1.11844,0.19,0.75
2016.08.15 22:00:05.820,1.11838,1.11843,0.19,0.10
2016.08.15 22:00:06.227,1.11839,1.11844,0.19,0.82
2016.08.15 22:00:06.873,1.11838,1.11844,0.19,0.82
2016.08.15 22:00:07.383,1.11839,1.11844,0.19,0.82
2016.08.15 22:00:08.313,1.11838,1.11844,0.19,0.82
2016.08.15 22:00:08.567,1.11838,1.11842,0.19,0.10
2016.08.15 22:00:09.076,1.11839,1.11842,0.19,0.10
2016.08.15 22:00:09.794,1.11838,1.11842,1.50,0.10
2016.08.15 22:00:10.170,1.11838,1.11842,1.50,0.45
2016.08.15 22:00:10.260,1.11836,1.11842,2.44,0.45
2016.08.15 22:00:10.312,1.11836,1.11842,3.19,0.45
2016.08.15 22:00:10.363,1.11836,1.11842,3.19,0.10
2016.08.15 22:00:10.466,1.11838,1.11842,0.19,0.45
2016.08.15 22:00:10.980,1.11839,1.11842,0.19,0.45
2016.08.15 22:00:11.164,1.11837,1.11842,0.94,0.45
2016.08.15 22:00:11.369,1.11838,1.11842,0.19,0.45
2016.08.15 22:00:11.421,1.11837,1.11842,0.75,0.45
2016.08.15 22:00:11.523,1.11837,1.11842,0.75,0.37
2016.08.15 22:00:11.930,1.11837,1.11842,0.19,0.37
2016.08.15 22:00:11.981,1.11838,1.11842,0.10,0.37
2016.08.15 22:00:12.083,1.11838,1.11843,0.10,0.37
2016.08.15 22:00:12.186,1.11838,1.11844,0.19,0.82
2016.08.15 22:00:12.289,1.11836,1.11844,4.95,0.82
2016.08.15 22:00:13.407,1.11836,1.11844,4.76,0.82
2016.08.15 22:00:15.123,1.11837,1.11844,0.10,0.75
2016.08.15 22:00:16.509,1.11837,1.11844,0.82,0.75
2016.08.15 22:00:16.662,1.11837,1.11844,0.75,0.82
2016.08.15 22:00:17.055,1.11839,1.11844,0.75,0.75
2016.08.15 22:00:17.106,1.11836,1.11844,1.57,0.82
2016.08.15 22:00:17.157,1.11836,1.11844,2.32,0.82
2016.08.15 22:00:17.259,1.11836,1.11844,1.57,0.82
2016.08.15 22:00:17.361,1.11836,1.11844,0.82,0.82
2016.08.15 22:00:17.412,1.11838,1.11844,0.75,0.82
2016.08.15 22:00:17.920,1.11837,1.11844,0.75,0.82
2016.08.15 22:00:19.551,1.11837,1.11844,0.82,0.75
2016.08.15 22:00:19.755,1.11838,1.11844,0.75,0.75
2016.08.15 22:00:20.085,1.11837,1.11845,0.75,0.82
2016.08.15 22:00:20.845,1.11837,1.11845,0.82,0.82
2016.08.15 22:00:21.424,1.11838,1.11845,0.75,0.82
2016.08.15 22:00:21.526,1.11837,1.11844,0.75,0.10
2016.08.15 22:00:22.075,1.11837,1.11845,0.82,1.57
2016.08.15 22:00:22.177,1.11837,1.11843,0.75,0.10
2016.08.15 22:00:22.433,1.11837,1.11845,0.82,2.70
2016.08.15 22:00:22.484,1.11837,1.11845,0.82,1.57
2016.08.15 22:00:22.535,1.11838,1.11845,0.75,1.20
2016.08.15 22:00:22.841,1.11837,1.11845,0.75,0.82
2016.08.15 22:00:23.345,1.11838,1.11845,0.75,0.82
2016.08.15 22:00:23.499,1.11837,1.11845,0.82,0.82
2016.08.15 22:00:23.550,1.11837,1.11845,0.82,1.57
2016.08.15 22:00:23.601,1.11837,1.11843,0.75,0.10
2016.08.15 22:00:24.007,1.11838,1.11844,0.75,0.82
2016.08.15 22:00:24.630,1.11837,1.11844,0.75,0.82
2016.08.15 22:00:24.732,1.11838,1.11844,0.75,0.45
2016.08.15 22:00:24.783,1.11838,1.11844,0.75,0.10
2016.08.15 22:00:24.834,1.11838,1.11844,0.75,0.45
2016.08.15 22:00:24.885,1.11838,1.11844,0.75,0.82
2016.08.15 22:00:25.338,1.11838,1.11844,0.75,0.10
2016.08.15 22:00:25.841,1.11837,1.11844,0.10,0.37
2016.08.15 22:00:25.892,1.11837,1.11844,0.10,0.75
2016.08.15 22:00:25.943,1.11838,1.11844,0.75,0.37
2016.08.15 22:00:25.994,1.11838,1.11845,0.75,1.57
2016.08.15 22:00:26.045,1.11838,1.11844,0.75,0.10
2016.08.15 22:00:26.763,1.11838,1.11844,0.75,0.75
2016.08.15 22:00:26.814,1.11838,1.11843,0.75,0.10
2016.08.15 22:00:27.018,1.11838,1.11844,0.75,0.45
2016.08.15 22:00:27.121,1.11838,1.11844,0.75,0.10
2016.08.15 22:00:27.377,1.11837,1.11844,1.27,0.10
2016.08.15 22:00:27.480,1.11837,1.11844,0.75,0.10
2016.08.15 22:00:27.531,1.11838,1.11844,0.75,0.45
2016.08.15 22:00:27.841,1.11837,1.11844,0.75,0.82
2016.08.15 22:00:27.892,1.11837,1.11842,0.75,0.10
2016.08.15 22:00:27.994,1.11837,1.11844,0.75,0.10
2016.08.15 22:00:28.046,1.11837,1.11844,0.75,0.45
2016.08.15 22:00:28.097,1.11837,1.11844,0.75,0.82
2016.08.15 22:00:28.251,1.11837,1.11844,0.75,0.45
2016.08.15 22:00:28.302,1.11837,1.11844,0.75,0.10
2016.08.15 22:00:28.353,1.11837,1.11844,0.75,0.45
2016.08.15 22:00:28.404,1.11837,1.11844,0.75,0.82
2016.08.15 22:00:28.558,1.11838,1.11843,0.75,0.10
2016.08.15 22:00:28.662,1.11836,1.11843,0.75,0.10
2016.08.15 22:00:28.904,1.11838,1.11844,0.75,0.10
2016.08.15 22:00:29.044,1.11837,1.11844,0.75,0.45
2016.08.15 22:00:29.095,1.11837,1.11844,0.75,0.82
2016.08.15 22:00:29.249,1.11838,1.11843,0.75,0.10
2016.08.15 22:00:29.455,1.11838,1.11844,0.75,0.45
2016.08.15 22:00:29.506,1.11838,1.11844,0.75,0.10
2016.08.15 22:00:30.501,1.11837,1.11844,0.75,0.82
2016.08.15 22:00:30.558,1.11837,1.11843,0.75,0.10
2016.08.15 22:00:30.660,1.11836,1.11843,1.50,0.10
2016.08.15 22:00:30.762,1.11837,1.11843,0.75,0.10
2016.08.15 22:00:31.220,1.11837,1.11841,0.75,0.10
2016.08.15 22:00:31.271,1.11836,1.11841,1.12,0.10
2016.08.15 22:00:31.322,1.11836,1.11842,1.50,0.10
2016.08.15 22:00:31.373,1.11836,1.11842,1.87,0.10
2016.08.15 22:00:31.642,1.11837,1.11842,0.75,0.10
2016.08.15 22:00:33.002,1.11837,1.11844,0.75,0.75
2016.08.15 22:00:33.053,1.11837,1.11843,0.75,0.10
2016.08.15 22:00:33.358,1.11836,1.11844,0.82,0.10
2016.08.15 22:00:33.409,1.11836,1.11842,0.75,0.10
2016.08.15 22:00:34.385,1.11836,1.11842,1.50,0.10
2016.08.15 22:00:34.456,1.11837,1.11842,0.75,0.10
2016.08.15 22:00:36.459,1.11836,1.11842,1.50,0.10
2016.08.15 22:00:36.561,1.11837,1.11842,0.75,0.10
2016.08.15 22:00:36.613,1.11837,1.11842,2.25,0.10
2016.08.15 22:00:36.716,1.11837,1.11842,0.75,0.10
2016.08.15 22:00:37.653,1.11836,1.11842,0.75,0.10
2016.08.15 22:00:38.171,1.11837,1.11842,0.75,0.10
2016.08.15 22:00:38.324,1.11837,1.11842,2.25,0.10
2016.08.15 22:00:38.375,1.11837,1.11842,1.50,0.10
2016.08.15 22:00:38.477,1.11837,1.11842,2.25,0.10
2016.08.15 22:00:38.527,1.11837,1.11842,0.75,0.10
2016.08.15 22:00:38.578,1.11836,1.11842,2.25,0.10
2016.08.15 22:00:38.629,1.11836,1.11842,0.75,0.10
2016.08.15 22:00:38.994,1.11836,1.11842,1.50,0.10
2016.08.15 22:00:39.046,1.11836,1.11842,0.75,0.10
2016.08.15 22:00:39.556,1.11837,1.11843,0.75,0.10
2016.08.15 22:00:39.660,1.11836,1.11843,0.75,1.20
2016.08.15 22:00:39.711,1.11836,1.11842,0.75,0.75
2016.08.15 22:00:39.762,1.11837,1.11841,0.75,0.10
2016.08.15 22:00:40.160,1.11836,1.11841,0.75,0.45
2016.08.15 22:00:40.212,1.11837,1.11842,0.75,0.10
2016.08.15 22:00:40.670,1.11836,1.11841,1.50,0.10
2016.08.15 22:00:40.823,1.11836,1.11841,0.75,0.10
2016.08.15 22:00:40.874,1.11837,1.11842,0.75,0.45
2016.08.15 22:00:40.925,1.11837,1.11842,0.75,0.82
2016.08.15 22:00:40.976,1.11837,1.11842,0.75,0.45
2016.08.15 22:00:41.027,1.11837,1.11842,0.75,0.10
2016.08.15 22:00:41.420,1.11836,1.11842,3.00,0.10
2016.08.15 22:00:41.472,1.11837,1.11842,0.75,0.10
2016.08.15 22:00:41.575,1.11836,1.11842,1.50,0.10
2016.08.15 22:00:41.780,1.11836,1.11843,2.25,0.82
2016.08.15 22:00:42.290,1.11837,1.11843,0.75,0.82
2016.08.15 22:00:42.392,1.11836,1.11843,1.50,0.82
2016.08.15 22:00:42.943,1.11837,1.11843,0.75,0.82
2016.08.15 22:00:44.339,1.11837,1.11842,0.75,0.10
2016.08.15 22:00:44.951,1.11835,1.11842,3.00,0.10
2016.08.15 22:00:45.257,1.11835,1.11842,3.00,0.45
2016.08.15 22:00:45.308,1.11835,1.11842,3.07,0.37
2016.08.15 22:00:45.359,1.11837,1.11842,0.75,0.37
2016.08.15 22:00:46.403,1.11837,1.11842,0.82,0.37
2016.08.15 22:00:46.657,1.11837,1.11843,0.82,1.50
2016.08.15 22:00:47.383,1.11837,1.11842,0.82,0.37
2016.08.15 22:00:53.661,1.11837,1.11843,0.82,1.50
2016.08.15 22:00:54.388,1.11837,1.11843,0.82,1.12
2016.08.15 22:00:54.588,1.11837,1.11843,0.82,1.50
2016.08.15 22:00:54.842,1.11838,1.11843,0.10,1.50
2016.08.15 22:00:55.131,1.11838,1.11841,0.10,1.50
2016.08.15 22:00:55.182,1.11835,1.11841,0.82,1.50
2016.08.15 22:00:55.285,1.11836,1.11841,0.75,1.50
2016.08.15 22:00:55.429,1.11836,1.11842,0.75,2.62
2016.08.15 22:00:55.480,1.11837,1.11842,0.75,4.50
2016.08.15 22:00:55.531,1.11837,1.11842,0.75,4.87
2016.08.15 22:00:57.394,1.11837,1.11842,0.75,4.50
2016.08.15 22:00:57.445,1.11837,1.11842,0.75,3.00
2016.08.15 22:00:57.497,1.11837,1.11842,0.82,1.12
2016.08.15 22:01:00.167,1.11838,1.11842,0.75,1.12
2016.08.15 22:01:01.398,1.11837,1.11842,0.82,1.12
2016.08.15 22:01:06.305,1.11837,1.1184,0.10,1.12
2016.08.15 22:01:06.356,1.11837,1.11838,0.10,0.75
2016.08.15 22:01:06.408,1.11836,1.11838,0.75,0.75
2016.08.15 22:01:06.459,1.11836,1.1184,0.75,0.75
2016.08.15 22:01:08.493,1.11837,1.1184,0.75,0.75
2016.08.15 22:01:10.586,1.11836,1.1184,0.75,0.75
2016.08.15 22:01:10.652,1.11836,1.1184,0.75,0.37
2016.08.15 22:01:10.703,1.11837,1.11841,0.10,0.37
2016.08.15 22:01:12.698,1.11837,1.11841,0.75,0.37
2016.08.15 22:01:26.071,1.11836,1.11841,0.75,0.37
2016.08.15 22:01:27.693,1.11836,1.11841,0.82,1.50
2016.08.15 22:01:27.747,1.11836,1.11841,0.10,0.75
2016.08.15 22:01:27.849,1.11836,1.11841,1.57,0.75
2016.08.15 22:01:27.900,1.11836,1.11841,2.32,0.75
2016.08.15 22:01:29.176,1.11836,1.11841,0.82,0.75
2016.08.15 22:01:30.142,1.11836,1.11841,2.32,2.25
2016.08.15 22:01:30.244,1.11837,1.11841,1.50,2.25
2016.08.15 22:01:30.965,1.11838,1.11841,1.50,0.75
2016.08.15 22:01:31.016,1.11838,1.11842,1.50,0.75
2016.08.15 22:01:31.067,1.11838,1.11842,3.75,0.75
2016.08.15 22:01:31.219,1.11839,1.11842,0.75,0.75
2016.08.15 22:01:31.321,1.11839,1.11842,1.50,0.75
2016.08.15 22:01:34.141,1.11841,1.11843,0.75,0.37
2016.08.15 22:01:34.767,1.11841,1.11845,0.75,2.32
2016.08.15 22:01:35.647,1.11841,1.11845,0.75,0.82
2016.08.15 22:01:37.193,1.11841,1.11845,0.75,0.75
2016.08.15 22:01:37.460,1.11841,1.11845,1.50,0.75
2016.08.15 22:01:37.562,1.11841,1.11845,2.25,0.75
2016.08.15 22:01:40.137,1.11842,1.11845,0.75,0.75
2016.08.15 22:01:40.341,1.11841,1.11845,2.25,0.75
2016.08.15 22:01:40.442,1.11842,1.11845,0.75,0.75
2016.08.15 22:01:41.302,1.11842,1.11845,2.25,0.75
2016.08.15 22:01:41.768,1.11842,1.11845,0.75,0.75
2016.08.15 22:01:42.837,1.11841,1.11845,0.75,0.75
2016.08.15 22:01:43.447,1.11841,1.11845,1.50,0.75
2016.08.15 22:01:43.625,1.11841,1.11845,2.25,0.75
2016.08.15 22:01:45.251,1.11841,1.11843,1.50,0.37
2016.08.15 22:01:45.353,1.1184,1.11842,3.75,0.37
2016.08.15 22:01:45.455,1.1184,1.11842,4.50,0.37
2016.08.15 22:01:45.851,1.11841,1.11842,0.75,0.37
2016.08.15 22:01:46.267,1.11841,1.11842,1.50,0.37
2016.08.15 22:01:48.480,1.11841,1.11845,2.25,1.57
2016.08.15 22:01:48.532,1.11841,1.11845,2.25,0.82
2016.08.15 22:01:52.180,1.11841,1.11845,1.50,0.82
2016.08.15 22:01:52.282,1.11841,1.11845,0.75,0.82
2016.08.15 22:01:52.333,1.1184,1.11845,1.50,0.82
2016.08.15 22:01:52.384,1.11841,1.11845,0.75,0.82
2016.08.15 22:01:52.486,1.11841,1.11845,1.50,0.82
2016.08.15 22:01:56.186,1.11841,1.11845,1.50,2.32
2016.08.15 22:01:56.740,1.11841,1.11845,1.50,0.82
2016.08.15 22:01:57.485,1.11841,1.11845,1.50,0.10
2016.08.15 22:02:00.151,1.11841,1.11845,2.25,0.10
2016.08.15 22:02:00.596,1.11844,1.11845,0.75,0.10
2016.08.15 22:02:05.162,1.11844,1.11845,0.75,1.57
2016.08.15 22:02:05.646,1.11844,1.11845,0.75,0.10
2016.08.15 22:02:15.826,1.11845,1.11846,0.75,2.25
2016.08.15 22:02:18.506,1.11845,1.11846,0.75,2.62
2016.08.15 22:02:25.801,1.11845,1.11846,0.75,0.37
2016.08.15 22:02:25.853,1.11846,1.11847,0.75,1.20
2016.08.15 22:02:25.955,1.11846,1.11847,0.75,1.12
2016.08.15 22:02:26.108,1.11845,1.11847,1.50,1.12
2016.08.15 22:02:26.780,1.11844,1.11847,3.00,1.12
2016.08.15 22:02:27.072,1.11845,1.11847,0.75,1.12
2016.08.15 22:02:27.300,1.11845,1.11847,1.50,1.12
2016.08.15 22:02:28.430,1.11845,1.11847,0.75,1.12
2016.08.15 22:02:28.867,1.11845,1.11847,1.50,1.12
2016.08.15 22:02:29.032,1.11846,1.11847,0.75,1.12
2016.08.15 22:02:29.736,1.11845,1.11847,2.25,1.12
2016.08.15 22:02:29.787,1.11846,1.11847,0.75,1.12
2016.08.15 22:02:30.351,1.11846,1.11847,0.75,0.75
2016.08.15 22:02:30.504,1.11845,1.11847,1.50,0.75
2016.08.15 22:02:31.226,1.11845,1.11847,0.75,0.75
2016.08.15 22:02:31.438,1.11845,1.11847,1.50,0.75
2016.08.15 22:02:32.443,1.11846,1.11847,0.75,1.12
2016.08.15 22:02:32.597,1.11845,1.11847,1.50,1.12
2016.08.15 22:02:32.928,1.11846,1.11847,0.75,1.12
2016.08.15 22:02:33.399,1.11845,1.11847,1.50,1.12
2016.08.15 22:02:33.741,1.11846,1.11847,0.75,1.12
2016.08.15 22:02:45.268,1.11845,1.11847,1.50,1.12
2016.08.15 22:02:45.444,1.11846,1.11847,0.75,1.12
2016.08.15 22:02:45.949,1.11845,1.11847,0.75,1.12
2016.08.15 22:02:46.051,1.11845,1.11847,0.75,1.20
2016.08.15 22:02:46.153,1.11844,1.11847,1.50,1.20
2016.08.15 22:02:46.357,1.11844,1.11847,0.75,1.20
2016.08.15 22:02:46.459,1.11844,1.11847,1.50,1.20
2016.08.15 22:02:46.572,1.11844,1.11847,0.75,1.20
2016.08.15 22:02:46.772,1.11844,1.11847,1.50,1.20
2016.08.15 22:02:47.145,1.11844,1.11847,1.50,1.12
2016.08.15 22:02:49.629,1.11844,1.11847,0.75,1.12
2016.08.15 22:02:49.782,1.11845,1.11847,1.50,1.12
2016.08.15 22:02:49.834,1.11844,1.11847,0.75,1.20
2016.08.15 22:02:49.936,1.11844,1.11847,1.50,1.20
2016.08.15 22:02:50.038,1.11844,1.11847,2.25,1.12
2016.08.15 22:02:50.140,1.11846,1.11847,2.25,1.12
2016.08.15 22:02:50.242,1.11846,1.11847,0.75,1.12
2016.08.15 22:02:50.885,1.11845,1.11847,1.50,1.12
2016.08.15 22:02:50.936,1.11846,1.11847,0.75,1.12
2016.08.15 22:02:51.286,1.11845,1.11847,1.50,1.12
2016.08.15 22:02:51.485,1.11846,1.11847,0.75,1.12
2016.08.15 22:02:51.587,1.11845,1.11847,1.50,1.12
2016.08.15 22:02:51.638,1.11846,1.11847,0.75,1.12
2016.08.15 22:02:51.884,1.11845,1.11847,1.50,1.12
2016.08.15 22:02:52.388,1.11846,1.11847,0.75,1.12
2016.08.15 22:02:52.675,1.11845,1.11847,0.75,0.75
2016.08.15 22:02:52.726,1.11848,1.11849,0.75,1.50
2016.08.15 22:02:52.777,1.1185,1.11851,0.11,5.25
2016.08.15 22:02:52.828,1.11849,1.1185,0.11,0.75
2016.08.15 22:02:52.879,1.1185,1.11851,0.11,1.50
2016.08.15 22:02:52.930,1.1185,1.11851,0.86,0.75
2016.08.15 22:02:52.981,1.1185,1.11853,0.97,2.25
2016.08.15 22:02:53.032,1.1185,1.11853,0.22,1.87
2016.08.15 22:02:53.274,1.1185,1.11852,0.22,0.37
2016.08.15 22:02:53.325,1.11849,1.11852,0.10,0.37
2016.08.15 22:02:53.427,1.11849,1.11852,0.82,0.37
2016.08.15 22:02:54.280,1.11849,1.11852,0.10,0.37
2016.08.15 22:02:54.546,1.11849,1.11852,1.57,0.37
2016.08.15 22:03:02.441,1.11849,1.11852,1.50,0.37
2016.08.15 22:03:02.702,1.11847,1.11852,1.57,0.37
2016.08.15 22:03:02.753,1.11847,1.11852,0.82,0.37
2016.08.15 22:03:03.381,1.11848,1.11852,0.75,0.37
2016.08.15 22:03:03.432,1.11848,1.11852,0.82,0.37
2016.08.15 22:03:03.737,1.11848,1.11852,0.10,0.37
2016.08.15 22:03:03.788,1.11847,1.11852,0.82,0.37
2016.08.15 22:03:06.774,1.11848,1.11852,0.10,0.37
2016.08.15 22:03:07.870,1.11847,1.11852,0.10,0.37
2016.08.15 22:03:11.775,1.11847,1.11852,0.82,0.37
2016.08.15 22:03:12.875,1.11848,1.11852,2.25,0.37
2016.08.15 22:03:13.079,1.11849,1.11852,0.75,0.37
2016.08.15 22:03:13.130,1.11849,1.11852,2.25,0.37
2016.08.15 22:03:13.837,1.11849,1.11852,2.44,0.37
2016.08.15 22:03:14.577,1.11849,1.11852,2.25,0.37
2016.08.15 22:03:18.303,1.11848,1.11852,3.19,0.37
2016.08.15 22:03:18.406,1.11848,1.11853,2.44,0.75
2016.08.15 22:03:18.457,1.1185,1.11853,0.75,0.75
2016.08.15 22:03:18.508,1.1185,1.11852,0.75,0.37
2016.08.15 22:03:19.582,1.11849,1.11852,2.44,0.37
2016.08.15 22:03:19.633,1.1185,1.11852,1.50,0.37
2016.08.15 22:03:19.684,1.1185,1.11852,2.25,0.37
2016.08.15 22:03:20.703,1.1185,1.11855,2.25,1.50
2016.08.15 22:03:20.781,1.1185,1.11855,2.25,0.75
2016.08.15 22:03:31.374,1.1185,1.11855,1.50,0.75
2016.08.15 22:03:31.425,1.11848,1.11855,3.82,0.75
2016.08.15 22:03:31.476,1.11849,1.11855,0.75,0.75
2016.08.15 22:03:35.480,1.1185,1.11855,0.75,0.75
2016.08.15 22:03:40.843,1.11849,1.11855,0.75,2.25
2016.08.15 22:03:46.623,1.11848,1.11855,0.82,2.25
2016.08.15 22:03:48.590,1.11848,1.11854,0.75,0.75
2016.08.15 22:03:50.196,1.11848,1.11854,2.25,0.75
2016.08.15 22:03:50.263,1.11848,1.11855,2.25,0.82
2016.08.15 22:03:51.023,1.1185,1.11855,0.75,0.82
2016.08.15 22:03:51.074,1.1185,1.11855,0.75,0.75
2016.08.15 22:03:53.314,1.11851,1.11855,0.75,0.75
2016.08.15 22:03:53.415,1.11849,1.11855,0.75,0.75
2016.08.15 22:03:53.702,1.11849,1.11855,0.75,0.82
2016.08.15 22:03:54.503,1.11849,1.11855,0.82,0.75
2016.08.15 22:03:56.315,1.11849,1.11855,0.10,3.75
2016.08.15 22:03:56.366,1.11848,1.11852,0.75,0.37
2016.08.15 22:03:56.962,1.11847,1.11852,0.82,0.37
2016.08.15 22:04:01.064,1.11847,1.11853,1.10,3.49
2016.08.15 22:04:02.475,1.11848,1.11853,1.00,3.49
2016.08.15 22:04:02.527,1.11847,1.11853,1.10,2.74
2016.08.15 22:04:02.628,1.11848,1.11853,1.00,1.61
2016.08.15 22:04:02.680,1.11848,1.11852,1.00,1.87
2016.08.15 22:04:03.188,1.11847,1.11852,1.00,1.87
2016.08.15 22:04:03.290,1.11848,1.11853,1.10,2.06
2016.08.15 22:04:03.341,1.11847,1.11853,1.12,2.36
2016.08.15 22:04:03.626,1.11847,1.11853,1.12,3.86
2016.08.15 22:04:03.677,1.11846,1.11853,1.37,3.86
2016.08.15 22:04:05.785,1.11846,1.11853,2.62,2.36
2016.08.15 22:04:05.836,1.11848,1.11853,1.10,2.36
2016.08.15 22:04:05.887,1.11848,1.11853,1.10,3.86
2016.08.15 22:04:05.938,1.11847,1.11853,1.00,3.86
2016.08.15 22:04:06.040,1.11847,1.11853,1.10,3.86
2016.08.15 22:04:06.325,1.11846,1.11853,2.62,3.86
2016.08.15 22:04:06.581,1.11847,1.11853,1.10,3.86
2016.08.15 22:04:07.328,1.11846,1.11853,2.62,3.86
2016.08.15 22:04:10.033,1.11846,1.11852,1.12,1.12
2016.08.15 22:04:10.085,1.11846,1.11852,1.12,2.25
2016.08.15 22:04:10.136,1.11846,1.11851,1.10,1.00
2016.08.15 22:04:10.347,1.11847,1.11851,1.00,1.00
2016.08.15 22:04:12.225,1.11845,1.11851,3.37,1.00
2016.08.15 22:04:12.327,1.11845,1.11851,2.62,1.00
2016.08.15 22:04:12.530,1.11843,1.1185,1.87,1.12
2016.08.15 22:04:12.582,1.11843,1.1185,1.37,4.50
2016.08.15 22:04:12.633,1.11842,1.11849,2.06,1.75
2016.08.15 22:04:12.913,1.11844,1.11849,1.00,1.75
2016.08.15 22:04:14.543,1.11843,1.11849,2.32,1.75
2016.08.15 22:04:15.144,1.11844,1.11849,1.00,1.37
2016.08.15 22:04:15.247,1.11843,1.11849,2.32,1.75
2016.08.15 22:04:15.741,1.11843,1.11849,1.57,1.75
2016.08.15 22:04:15.843,1.11843,1.11849,1.10,1.75
2016.08.15 22:04:15.946,1.11844,1.11849,1.00,1.75
2016.08.15 22:04:16.946,1.11844,1.11849,2.25,1.75
2016.08.15 22:04:24.077,1.11844,1.11849,2.62,1.75
2016.08.15 22:04:26.189,1.11844,1.11849,2.25,1.75
2016.08.15 22:04:26.983,1.11844,1.11849,3.00,1.75
2016.08.15 22:04:28.081,1.11844,1.11849,2.25,1.75
2016.08.15 22:04:28.465,1.11844,1.11849,3.00,1.75
2016.08.15 22:04:32.589,1.11844,1.11849,2.25,1.75
2016.08.15 22:04:33.123,1.11845,1.11849,1.00,1.75
2016.08.15 22:04:33.175,1.11845,1.11849,1.10,1.75
2016.08.15 22:04:37.494,1.11845,1.11849,1.57,1.75
2016.08.15 22:04:38.395,1.11845,1.11849,1.57,1.12
2016.08.15 22:04:38.447,1.11845,1.11849,1.57,1.75
2016.08.15 22:04:50.026,1.11844,1.11849,2.62,1.75
2016.08.15 22:04:50.180,1.11844,1.11849,1.37,1.75
2016.08.15 22:04:50.282,1.11844,1.11849,1.37,1.37
2016.08.15 22:04:50.486,1.11844,1.11849,1.37,1.75
2016.08.15 22:04:51.918,1.11843,1.11849,4.12,1.75
2016.08.15 22:04:52.021,1.11844,1.11849,1.12,1.75
2016.08.15 22:04:52.174,1.11844,1.11849,1.31,1.75
2016.08.15 22:04:52.726,1.11844,1.11849,1.12,1.75
2016.08.15 22:04:56.404,1.11844,1.11849,1.50,1.75
2016.08.15 22:04:57.099,1.11844,1.11849,3.00,1.75
2016.08.15 22:04:57.150,1.11844,1.11849,2.62,1.75
2016.08.15 22:04:58.412,1.11844,1.11849,2.62,1.87
2016.08.15 22:04:58.783,1.11844,1.11849,2.81,1.87
2016.08.15 22:05:00.913,1.11844,1.11849,2.06,1.87
2016.08.15 22:05:00.964,1.11844,1.11849,1.87,1.87
2016.08.15 22:05:01.380,1.11844,1.11849,1.50,1.50
2016.08.15 22:05:01.761,1.11844,1.11849,1.50,1.86
2016.08.15 22:05:02.177,1.11844,1.11849,1.69,1.86
2016.08.15 22:05:02.280,1.11844,1.11849,1.50,1.86
2016.08.15 22:05:04.253,1.11844,1.11849,1.69,1.86
2016.08.15 22:05:06.004,1.11844,1.11849,1.50,1.86
2016.08.15 22:05:06.106,1.11844,1.11849,2.25,1.86
2016.08.15 22:05:06.739,1.11844,1.11849,1.50,1.86
2016.08.15 22:05:07.114,1.11844,1.11849,2.70,1.86
2016.08.15 22:05:10.265,1.11844,1.11849,2.32,1.49
2016.08.15 22:05:10.367,1.11844,1.11849,3.07,1.00
2016.08.15 22:05:10.418,1.11846,1.11849,1.00,1.00
2016.08.15 22:05:10.470,1.11846,1.11852,1.00,3.45
2016.08.15 22:05:10.521,1.11846,1.11851,1.00,1.12
2016.08.15 22:05:10.623,1.11846,1.11851,1.00,1.10
2016.08.15 22:05:11.338,1.11846,1.11851,1.25,1.10
2016.08.15 22:05:15.494,1.11846,1.11851,2.44,1.10
2016.08.15 22:05:15.989,1.11846,1.11851,2.25,1.10
2016.08.15 22:05:16.420,1.11849,1.11851,1.00,1.00
2016.08.15 22:05:17.560,1.11849,1.11852,1.00,3.07
2016.08.15 22:05:17.611,1.1185,1.11852,1.00,1.57
2016.08.15 22:05:18.421,1.11849,1.11852,1.00,1.57
2016.08.15 22:05:18.472,1.11849,1.11852,1.00,1.20
2016.08.15 22:05:18.523,1.11849,1.11852,1.00,1.10
2016.08.15 22:05:18.574,1.11849,1.11852,1.00,1.20
2016.08.15 22:05:18.626,1.11849,1.11852,1.00,1.57
2016.08.15 22:05:23.982,1.11849,1.11852,1.00,1.20
2016.08.15 22:05:24.092,1.11849,1.11852,1.00,1.57
2016.08.15 22:05:24.926,1.11849,1.11852,1.00,3.07
2016.08.15 22:05:25.130,1.11849,1.11852,1.00,1.57
2016.08.15 22:05:25.660,1.11849,1.11852,1.00,2.32
2016.08.15 22:05:25.712,1.11849,1.11852,1.00,3.07
2016.08.15 22:05:27.878,1.11849,1.11852,1.00,2.32
2016.08.15 22:05:27.930,1.11849,1.11852,1.00,1.10
2016.08.15 22:05:28.032,1.11849,1.11852,1.00,1.57
2016.08.15 22:05:28.671,1.11849,1.11852,1.00,1.50
2016.08.15 22:05:30.206,1.11849,1.11852,1.00,1.57
2016.08.15 22:05:31.329,1.11849,1.11852,1.00,3.07
2016.08.15 22:05:31.637,1.11849,1.11852,1.00,1.57
2016.08.15 22:05:31.958,1.11849,1.11852,1.00,1.20
2016.08.15 22:05:33.429,1.11849,1.11852,1.00,2.32
2016.08.15 22:05:33.480,1.11849,1.11852,1.00,3.07
2016.08.15 22:05:34.029,1.11849,1.11852,1.00,1.95
2016.08.15 22:05:34.537,1.11849,1.11852,1.00,3.07
2016.08.15 22:05:34.639,1.11849,1.11852,1.00,2.32
2016.08.15 22:05:34.691,1.1185,1.11852,1.00,1.57
2016.08.15 22:05:36.348,1.11847,1.11852,1.25,1.57
2016.08.15 22:05:36.452,1.11848,1.11852,1.00,1.20
2016.08.15 22:05:36.656,1.11846,1.11852,1.50,1.57
2016.08.15 22:05:37.042,1.11848,1.11852,1.00,1.57
2016.08.15 22:05:37.588,1.11847,1.11852,1.00,1.57
2016.08.15 22:05:38.152,1.11848,1.11852,1.00,1.57
2016.08.15 22:05:39.549,1.11847,1.11852,1.25,1.57
2016.08.15 22:05:39.651,1.11847,1.11852,1.00,1.57
2016.08.15 22:05:41.141,1.11848,1.11852,1.00,1.57
2016.08.15 22:05:45.596,1.11847,1.11852,1.25,1.57
2016.08.15 22:05:46.742,1.11847,1.11852,1.00,1.57
2016.08.15 22:05:50.580,1.11846,1.11852,2.25,1.20
2016.08.15 22:05:50.733,1.11846,1.11852,2.44,1.20
2016.08.15 22:05:51.078,1.11847,1.11852,1.25,1.20
2016.08.15 22:05:51.673,1.11847,1.11852,1.00,1.10
2016.08.15 22:05:52.198,1.11848,1.11852,1.00,1.10
2016.08.15 22:05:52.829,1.11848,1.11852,1.00,1.20
2016.08.15 22:05:52.881,1.11847,1.11852,1.50,1.20
2016.08.15 22:05:53.484,1.11848,1.11852,1.00,1.20
2016.08.15 22:05:55.490,1.1185,1.11852,1.00,1.12
2016.08.15 22:06:15.405,1.11847,1.11852,1.00,1.12
2016.08.15 22:06:15.665,1.11848,1.11852,1.00,1.20
2016.08.15 22:06:15.919,1.11849,1.11852,1.00,1.10
2016.08.15 22:06:16.017,1.11849,1.11853,1.00,3.45
2016.08.15 22:06:16.120,1.11847,1.11852,1.69,2.32
2016.08.15 22:06:16.172,1.11847,1.11852,1.69,2.70
2016.08.15 22:06:16.223,1.11847,1.11852,1.25,2.70
2016.08.15 22:06:16.274,1.11847,1.11852,1.00,2.70
2016.08.15 22:06:16.325,1.11847,1.11852,1.00,1.20
2016.08.15 22:06:16.377,1.11847,1.11852,1.25,1.20
2016.08.15 22:06:16.428,1.11847,1.11852,1.69,1.20
2016.08.15 22:06:18.829,1.11847,1.11852,1.69,1.10
2016.08.15 22:06:18.882,1.11847,1.11853,1.69,3.37
2016.08.15 22:06:32.881,1.11847,1.11853,1.50,3.37
2016.08.15 22:06:34.238,1.1185,1.11853,1.00,3.37
2016.08.15 22:06:34.438,1.1185,1.11853,1.00,4.12
2016.08.15 22:06:34.591,1.1185,1.11853,1.00,4.95
2016.08.15 22:06:34.642,1.1185,1.11853,1.00,2.70
2016.08.15 22:06:34.795,1.1185,1.11853,1.00,1.87
2016.08.15 22:06:35.348,1.1185,1.11853,1.00,1.69
2016.08.15 22:06:41.504,1.1185,1.11853,1.00,1.62
2016.08.15 22:06:43.070,1.1185,1.11853,1.00,1.69
2016.08.15 22:06:43.882,1.1185,1.11853,1.00,1.62
2016.08.15 22:06:44.209,1.1185,1.11853,1.00,1.69
2016.08.15 22:06:50.325,1.1185,1.11853,1.00,1.62
2016.08.15 22:06:54.564,1.1185,1.11853,1.00,3.49
2016.08.15 22:06:55.280,1.11849,1.11853,1.00,3.49
2016.08.15 22:06:57.951,1.1185,1.11853,1.00,3.49
2016.08.15 22:07:00.082,1.1185,1.11853,1.00,4.24
2016.08.15 22:07:11.713,1.11849,1.11853,1.00,3.86
2016.08.15 22:07:13.363,1.1185,1.11853,1.00,3.11
2016.08.15 22:07:13.414,1.11849,1.11852,1.00,1.72
2016.08.15 22:07:13.465,1.11849,1.11852,1.00,2.17
2016.08.15 22:07:13.516,1.11849,1.11852,1.00,2.47
2016.08.15 22:07:13.567,1.11849,1.11852,1.00,4.20
2016.08.15 22:07:13.618,1.11849,1.11852,1.00,3.37
2016.08.15 22:07:13.669,1.11849,1.11851,1.00,1.95
2016.08.15 22:07:13.720,1.11849,1.11852,1.00,1.50
2016.08.15 22:07:14.229,1.11848,1.11852,1.00,1.50
2016.08.15 22:07:15.094,1.11848,1.11852,1.00,1.12
2016.08.15 22:07:17.175,1.11848,1.11852,1.00,1.50
2016.08.15 22:07:17.380,1.11849,1.11852,1.00,1.12
2016.08.15 22:07:17.816,1.11849,1.11852,1.00,1.50
2016.08.15 22:07:18.417,1.11849,1.11853,1.00,1.99
2016.08.15 22:07:18.468,1.11848,1.11853,1.50,1.99
2016.08.15 22:07:18.519,1.11848,1.11853,1.00,3.49
2016.08.15 22:07:18.621,1.11848,1.11853,1.00,3.11
2016.08.15 22:07:18.825,1.11848,1.11853,1.00,3.49
2016.08.15 22:07:19.854,1.11848,1.11853,1.00,3.11
2016.08.15 22:07:23.016,1.11848,1.11853,1.25,3.49
2016.08.15 22:07:23.168,1.11848,1.11853,1.25,3.37
2016.08.15 22:07:24.934,1.11848,1.11853,1.25,1.87
2016.08.15 22:07:24.986,1.11848,1.11853,1.00,1.75
2016.08.15 22:07:31.705,1.11848,1.11853,1.25,1.87
2016.08.15 22:07:33.516,1.11848,1.11852,1.00,1.27
2016.08.15 22:07:33.568,1.11847,1.11852,1.00,1.72
2016.08.15 22:07:33.925,1.11848,1.11852,1.00,1.95
2016.08.15 22:07:33.976,1.11849,1.11852,1.00,1.50
2016.08.15 22:07:35.216,1.11849,1.11852,1.00,1.12
2016.08.15 22:07:35.728,1.11849,1.11853,1.00,1.12
2016.08.15 22:07:36.267,1.1185,1.11853,1.00,1.12
2016.08.15 22:07:41.780,1.11849,1.11853,1.00,1.12
2016.08.15 22:07:42.289,1.1185,1.11853,1.00,1.12
2016.08.15 22:07:42.977,1.11849,1.11853,1.00,1.12
2016.08.15 22:07:43.571,1.1185,1.11853,1.00,1.12
2016.08.15 22:07:43.622,1.1185,1.11854,1.00,2.62
2016.08.15 22:07:43.826,1.11849,1.11853,1.00,1.12
2016.08.15 22:07:44.575,1.1185,1.11853,1.00,1.12
2016.08.15 22:07:45.372,1.1185,1.11853,1.00,2.62
2016.08.15 22:07:47.936,1.1185,1.11853,1.00,1.87
2016.08.15 22:07:49.049,1.1185,1.11853,1.00,2.25
2016.08.15 22:07:49.151,1.1185,1.11853,1.00,2.62
2016.08.15 22:07:52.472,1.1185,1.11853,1.00,1.87
2016.08.15 22:07:59.332,1.11849,1.11853,1.00,1.87
2016.08.15 22:07:59.383,1.11849,1.11852,1.00,1.50
2016.08.15 22:07:59.486,1.11849,1.11852,1.00,2.25
2016.08.15 22:07:59.537,1.11848,1.11852,1.00,3.00
2016.08.15 22:07:59.588,1.11848,1.11852,1.00,3.75
2016.08.15 22:08:00.079,1.11847,1.11852,1.50,2.25
2016.08.15 22:08:00.175,1.11847,1.11852,1.50,1.87
2016.08.15 22:08:00.226,1.11847,1.11852,1.50,1.37
2016.08.15 22:08:00.328,1.11847,1.11852,1.50,1.87
2016.08.15 22:08:00.482,1.11847,1.11852,1.50,2.25
2016.08.15 22:08:03.148,1.11847,1.11852,1.50,1.50
2016.08.15 22:08:03.429,1.11847,1.11852,1.50,2.25
2016.08.15 22:08:03.897,1.11847,1.11852,1.00,2.25
2016.08.15 22:08:04.710,1.11847,1.11852,1.00,1.50
2016.08.15 22:08:04.812,1.11847,1.11852,1.00,2.25
2016.08.15 22:08:05.098,1.11847,1.11852,1.00,1.50
2016.08.15 22:08:05.200,1.11847,1.11852,1.00,2.25
2016.08.15 22:08:08.321,1.11847,1.11852,1.00,1.50
2016.08.15 22:08:08.423,1.11847,1.11852,1.00,2.25
2016.08.15 22:08:11.519,1.11847,1.11852,1.00,1.50
2016.08.15 22:08:11.819,1.11847,1.11852,1.00,2.25
2016.08.15 22:08:12.480,1.11846,1.11852,1.50,2.25
2016.08.15 22:08:12.531,1.11846,1.11853,1.00,9.37
2016.08.15 22:08:12.582,1.11846,1.11853,1.00,7.87
2016.08.15 22:08:12.878,1.11846,1.11848,1.00,2.25
2016.08.15 22:08:12.929,1.11844,1.11848,1.00,5.25
2016.08.15 22:08:14.084,1.11845,1.11848,1.37,3.00
2016.08.15 22:08:14.376,1.11846,1.1185,1.00,1.00
2016.08.15 22:08:14.427,1.11846,1.1185,1.50,1.00
2016.08.15 22:08:14.478,1.11846,1.1185,1.00,1.00
2016.08.15 22:08:14.530,1.11846,1.1185,1.00,1.12
2016.08.15 22:08:15.489,1.11846,1.1185,1.50,1.12
2016.08.15 22:08:15.782,1.11846,1.1185,1.00,1.12
2016.08.15 22:08:15.884,1.11846,1.1185,1.50,1.12
2016.08.15 22:08:15.986,1.11846,1.1185,1.00,1.12
2016.08.15 22:08:16.190,1.11846,1.1185,1.50,1.12
2016.08.15 22:08:16.313,1.11846,1.1185,1.00,1.12
2016.08.15 22:08:16.415,1.11845,1.1185,1.50,1.12
2016.08.15 22:08:16.518,1.11845,1.1185,1.00,1.12
2016.08.15 22:08:16.824,1.11845,1.1185,1.50,1.12
2016.08.15 22:08:17.425,1.11845,1.1185,1.00,1.12
2016.08.15 22:08:17.476,1.11845,1.1185,1.50,1.12
2016.08.15 22:08:17.527,1.11845,1.1185,1.00,1.12
2016.08.15 22:08:17.630,1.11845,1.1185,1.50,1.12
2016.08.15 22:08:17.834,1.11845,1.1185,1.00,1.12
2016.08.15 22:08:17.885,1.11845,1.1185,1.50,1.12
2016.08.15 22:08:17.987,1.11845,1.1185,1.00,1.12
2016.08.15 22:08:18.824,1.11845,1.1185,1.50,1.12
2016.08.15 22:08:18.934,1.11845,1.1185,1.00,1.12
2016.08.15 22:08:19.294,1.11845,1.1185,1.50,1.12
2016.08.15 22:08:19.396,1.11845,1.1185,1.00,1.12
2016.08.15 22:08:19.600,1.11845,1.1185,1.50,1.12
2016.08.15 22:08:19.703,1.11845,1.1185,1.00,1.12
2016.08.15 22:08:20.160,1.11845,1.1185,1.50,1.12
2016.08.15 22:08:21.706,1.11845,1.1185,1.00,1.12
2016.08.15 22:08:21.909,1.11845,1.1185,1.50,1.12
2016.08.15 22:08:22.263,1.11845,1.1185,1.00,1.12
2016.08.15 22:08:26.434,1.11844,1.1185,1.50,1.12
2016.08.15 22:08:26.614,1.11845,1.1185,1.00,1.12
2016.08.15 22:08:26.715,1.11844,1.1185,1.50,1.12
2016.08.15 22:08:28.419,1.11845,1.1185,1.00,1.12
2016.08.15 22:08:28.523,1.11844,1.1185,1.50,1.12
2016.08.15 22:08:28.919,1.11845,1.1185,1.00,1.12
2016.08.15 22:08:31.425,1.11844,1.1185,1.00,1.12
2016.08.15 22:08:37.260,1.11843,1.1185,1.00,1.12
2016.08.15 22:08:48.677,1.11843,1.11849,1.00,1.10
2016.08.15 22:08:48.728,1.11842,1.11849,1.87,3.82
2016.08.15 22:08:48.779,1.11842,1.11849,1.50,6.82
2016.08.15 22:08:48.830,1.11842,1.11848,1.00,1.00
2016.08.15 22:08:52.265,1.11842,1.11848,1.00,1.50
2016.08.15 22:08:52.316,1.11842,1.11848,1.00,1.87
2016.08.15 22:08:52.367,1.11843,1.11848,1.00,1.50
2016.08.15 22:08:52.468,1.11843,1.11849,1.00,6.82
2016.08.15 22:08:52.519,1.11843,1.11849,1.00,3.82
2016.08.15 22:08:52.815,1.11843,1.11849,1.00,6.07
2016.08.15 22:08:53.922,1.11843,1.11849,1.00,3.82
2016.08.15 22:08:53.973,1.11843,1.11849,1.00,6.07
2016.08.15 22:08:54.052,1.11843,1.11849,1.00,6.82
2016.08.15 22:08:54.218,1.11843,1.11849,1.00,4.57
2016.08.15 22:08:54.434,1.11843,1.11849,1.00,6.82
2016.08.15 22:08:55.542,1.11843,1.11849,1.00,5.70
2016.08.15 22:08:55.803,1.11843,1.11849,1.00,3.45
2016.08.15 22:08:55.920,1.11843,1.11849,1.00,5.70
2016.08.15 22:08:56.222,1.11843,1.11849,1.00,3.45
2016.08.15 22:08:56.422,1.11843,1.11849,1.00,5.70
2016.08.15 22:08:58.015,1.11843,1.11849,1.00,6.82
2016.08.15 22:08:58.225,1.11843,1.11849,1.00,4.57
2016.08.15 22:08:58.330,1.11843,1.11849,1.00,6.82
2016.08.15 22:08:58.526,1.11843,1.11849,1.00,4.57
2016.08.15 22:08:58.732,1.11843,1.11849,1.00,6.82
2016.08.15 22:08:59.038,1.11843,1.11849,1.00,4.57
2016.08.15 22:08:59.232,1.11843,1.11849,1.00,6.82
2016.08.15 22:08:59.436,1.11843,1.11849,1.00,4.57
2016.08.15 22:08:59.538,1.11843,1.11849,1.00,6.82
2016.08.15 22:08:59.692,1.11843,1.11849,1.00,5.70
2016.08.15 22:09:00.406,1.11843,1.11849,1.00,4.95
2016.08.15 22:09:00.523,1.11843,1.11849,1.00,6.06
2016.08.15 22:09:00.574,1.11843,1.11849,1.00,6.05
2016.08.15 22:09:01.148,1.11843,1.11849,1.00,3.80
2016.08.15 22:09:01.199,1.11843,1.11849,1.00,6.05
2016.08.15 22:09:01.432,1.11843,1.11849,1.00,6.80
2016.08.15 22:09:01.989,1.11844,1.11849,1.00,6.80
2016.08.15 22:09:03.338,1.11844,1.11849,1.00,4.55
2016.08.15 22:09:03.538,1.11844,1.11849,1.00,6.80
2016.08.15 22:09:04.196,1.11844,1.11849,1.00,6.07
2016.08.15 22:09:04.247,1.11844,1.11849,1.00,7.20
2016.08.15 22:09:04.890,1.11843,1.11849,1.00,7.20
2016.08.15 22:09:05.419,1.11843,1.11849,1.00,4.95
2016.08.15 22:09:05.520,1.11843,1.11849,1.00,4.20
2016.08.15 22:09:05.742,1.11843,1.11849,1.00,6.45
2016.08.15 22:09:06.250,1.11843,1.11849,1.00,4.20
2016.08.15 22:09:06.443,1.11843,1.11849,1.00,6.45
2016.08.15 22:09:07.149,1.11843,1.11849,1.00,6.07
2016.08.15 22:09:08.338,1.11843,1.11849,1.00,6.82
2016.08.15 22:09:09.278,1.11843,1.11849,1.00,7.57
2016.08.15 22:09:10.519,1.11843,1.11849,1.00,6.82
2016.08.15 22:09:10.715,1.11843,1.11849,1.00,4.57
2016.08.15 22:09:10.818,1.11843,1.11849,1.00,6.82
2016.08.15 22:09:15.666,1.11843,1.11849,1.00,4.57
2016.08.15 22:09:16.063,1.11843,1.11849,1.00,6.82
2016.08.15 22:09:18.068,1.11843,1.11849,1.00,4.57
2016.08.15 22:09:18.259,1.11843,1.11849,1.00,6.82
2016.08.15 22:09:18.419,1.11843,1.11848,1.00,1.37
2016.08.15 22:09:20.543,1.11843,1.11849,1.00,3.82
2016.08.15 22:09:20.594,1.11844,1.11849,1.00,1.57
2016.08.15 22:09:21.074,1.11844,1.11849,1.00,1.10
2016.08.15 22:09:21.430,1.11844,1.11849,1.00,1.57
2016.08.15 22:09:21.999,1.11844,1.11849,1.00,2.32
2016.08.15 22:09:22.050,1.11844,1.11849,1.00,3.07
2016.08.15 22:09:22.101,1.11844,1.11848,1.00,1.00
2016.08.15 22:09:31.265,1.11843,1.11848,1.00,1.00
2016.08.15 22:09:31.316,1.11843,1.11849,1.00,6.07
2016.08.15 22:09:31.653,1.11843,1.11848,1.00,1.00
2016.08.15 22:09:32.178,1.11844,1.11848,1.00,1.00
2016.08.15 22:09:32.279,1.11844,1.11848,1.00,1.50
2016.08.15 22:09:32.381,1.11843,1.11848,1.00,1.00
2016.08.15 22:09:32.584,1.11843,1.11848,1.00,1.50
2016.08.15 22:09:32.687,1.11843,1.11848,1.00,1.00
2016.08.15 22:09:32.789,1.11843,1.11848,1.00,1.50
2016.08.15 22:09:33.126,1.11844,1.11848,1.00,1.00
2016.08.15 22:09:37.462,1.11844,1.11847,1.00,1.00
2016.08.15 22:09:37.515,1.11842,1.11846,1.00,1.00
2016.08.15 22:09:37.618,1.11844,1.11847,1.00,2.62
2016.08.15 22:09:37.670,1.11844,1.11847,1.00,3.37
2016.08.15 22:09:37.722,1.11844,1.11847,1.00,3.00
2016.08.15 22:09:49.542,1.11844,1.11847,1.00,2.62
2016.08.15 22:09:49.594,1.11844,1.11847,1.00,1.12
2016.08.15 22:09:59.403,1.11844,1.11847,1.00,1.87
2016.08.15 22:09:59.505,1.11841,1.11847,3.19,1.87
2016.08.15 22:10:00.470,1.11842,1.11847,3.00,1.12
2016.08.15 22:10:00.751,1.11842,1.11847,2.25,1.12
2016.08.15 22:10:03.182,1.11842,1.11847,4.69,1.00
2016.08.15 22:10:03.233,1.11843,1.11847,1.00,1.00
2016.08.15 22:10:03.284,1.11844,1.11847,1.50,1.00
2016.08.15 22:10:03.386,1.11843,1.11847,1.50,1.00
2016.08.15 22:10:03.437,1.11843,1.1185,1.00,2.25
2016.08.15 22:10:03.488,1.11842,1.1185,1.00,3.75
2016.08.15 22:10:03.940,1.11842,1.1185,1.00,3.00
2016.08.15 22:10:04.001,1.11842,1.1185,1.00,3.75
2016.08.15 22:10:06.204,1.11842,1.1185,1.00,2.25
2016.08.15 22:10:06.306,1.11842,1.1185,1.00,3.75
2016.08.15 22:10:07.213,1.11842,1.1185,1.00,3.00
2016.08.15 22:10:07.512,1.11843,1.1185,1.00,1.50
2016.08.15 22:10:09.544,1.11844,1.1185,1.00,1.00
2016.08.15 22:10:09.747,1.11842,1.1185,1.50,2.62
2016.08.15 22:10:09.798,1.11842,1.11849,1.00,1.12
2016.08.15 22:10:09.850,1.11842,1.11849,1.00,1.00
2016.08.15 22:10:09.951,1.11842,1.11849,1.00,1.12
2016.08.15 22:10:10.489,1.11842,1.11849,1.00,1.50
2016.08.15 22:10:10.696,1.11842,1.11849,1.00,1.00
2016.08.15 22:10:10.799,1.11842,1.11849,1.00,1.50
2016.08.15 22:10:11.308,1.11843,1.11849,1.00,1.50
2016.08.15 22:10:12.611,1.11843,1.11849,1.00,1.00
2016.08.15 22:10:12.713,1.11843,1.11849,1.00,1.50
2016.08.15 22:10:13.152,1.11842,1.11849,1.00,2.25
2016.08.15 22:10:13.203,1.11842,1.11849,1.00,3.75
2016.08.15 22:10:13.254,1.11842,1.11848,1.00,1.00
2016.08.15 22:10:15.357,1.11841,1.11848,1.10,1.50
2016.08.15 22:10:15.408,1.11841,1.11848,1.10,2.25
2016.08.15 22:10:15.460,1.1184,1.11847,1.12,1.12
2016.08.15 22:10:15.562,1.11841,1.11847,1.50,1.12
2016.08.15 22:10:15.766,1.11841,1.11847,1.69,1.12
2016.08.15 22:10:15.970,1.11841,1.11848,1.69,4.57
2016.08.15 22:10:16.021,1.11841,1.11848,1.69,5.32
2016.08.15 22:10:16.072,1.11841,1.11848,1.69,4.57
2016.08.15 22:10:16.594,1.11841,1.11848,1.50,4.57
2016.08.15 22:10:16.849,1.11841,1.11847,1.50,1.12
2016.08.15 22:10:20.576,1.11841,1.11848,1.50,6.07
2016.08.15 22:10:21.430,1.11841,1.11848,1.50,4.57
2016.08.15 22:10:21.507,1.11841,1.11848,1.50,6.07
2016.08.15 22:10:24.238,1.11841,1.11847,1.69,1.12
2016.08.15 22:10:24.312,1.11841,1.11847,1.50,1.12
2016.08.15 22:10:24.742,1.11841,1.11848,1.50,8.70
2016.08.15 22:10:25.618,1.11841,1.11847,1.50,1.12
2016.08.15 22:10:27.594,1.11841,1.11848,1.50,7.95
2016.08.15 22:10:27.853,1.11841,1.11847,1.50,1.12
2016.08.15 22:10:28.316,1.11841,1.11848,1.50,7.95
2016.08.15 22:10:28.418,1.11841,1.11847,1.50,1.12
2016.08.15 22:10:29.162,1.11841,1.11848,1.50,7.95
2016.08.15 22:10:29.522,1.11841,1.11847,1.50,1.12
2016.08.15 22:10:29.772,1.11841,1.11847,3.94,1.12
2016.08.15 22:10:29.823,1.11841,1.11847,3.19,1.00
2016.08.15 22:10:29.924,1.11841,1.11848,3.19,11.32
2016.08.15 22:10:29.975,1.11842,1.11848,1.50,11.32
2016.08.15 22:10:30.717,1.11842,1.11847,1.50,1.87
2016.08.15 22:10:30.961,1.11842,1.11847,1.50,2.62
2016.08.15 22:10:31.012,1.11842,1.11847,1.50,4.12
2016.08.15 22:10:32.022,1.11842,1.11847,1.50,3.37
2016.08.15 22:10:32.184,1.11842,1.11847,1.50,4.87
2016.08.15 22:10:32.824,1.11842,1.11847,1.50,5.62
2016.08.15 22:10:33.427,1.11842,1.11847,1.50,3.37
2016.08.15 22:10:33.529,1.11842,1.11847,1.50,1.87
2016.08.15 22:10:35.031,1.11842,1.11848,1.50,7.57
2016.08.15 22:10:35.137,1.11842,1.11848,1.50,4.57
2016.08.15 22:10:35.189,1.11843,1.11848,1.00,3.82
2016.08.15 22:10:35.240,1.11843,1.11848,1.00,5.32
2016.08.15 22:10:35.292,1.11843,1.11848,1.50,4.95
2016.08.15 22:10:35.394,1.11843,1.11848,1.50,5.32
2016.08.15 22:10:36.104,1.11843,1.11848,1.50,3.82
2016.08.15 22:10:36.155,1.11843,1.11848,1.50,5.32
2016.08.15 22:10:36.832,1.11843,1.11848,1.50,3.82
2016.08.15 22:10:37.138,1.11843,1.11848,1.50,5.32
2016.08.15 22:10:39.037,1.11843,1.11848,1.50,4.57
2016.08.15 22:10:39.088,1.11843,1.11848,1.00,3.82
2016.08.15 22:10:39.139,1.11843,1.11848,1.00,3.07
2016.08.15 22:10:39.190,1.11843,1.11848,1.50,2.70
2016.08.15 22:10:39.241,1.11843,1.11848,1.50,1.95
2016.08.15 22:10:39.676,1.11842,1.11848,1.50,2.32
2016.08.15 22:10:39.728,1.11843,1.11848,1.50,3.07
2016.08.15 22:10:42.652,1.11843,1.11848,1.50,2.32
2016.08.15 22:10:42.703,1.11843,1.11848,1.00,2.32
2016.08.15 22:10:42.754,1.11843,1.11848,1.00,3.07
2016.08.15 22:10:43.193,1.11842,1.11848,4.50,3.07
2016.08.15 22:10:46.772,1.11843,1.11848,1.00,2.32
2016.08.15 22:10:46.824,1.11842,1.11848,4.69,3.07
2016.08.15 22:10:47.027,1.11843,1.11848,1.50,1.95
2016.08.15 22:10:47.129,1.11843,1.11848,1.50,1.57
2016.08.15 22:10:47.416,1.11843,1.11848,1.50,1.95
2016.08.15 22:10:51.215,1.11843,1.11848,1.50,2.70
2016.08.15 22:10:52.572,1.11843,1.11848,1.50,1.95
2016.08.15 22:10:54.103,1.11845,1.11848,2.25,1.57
2016.08.15 22:10:54.154,1.11846,1.11848,3.75,1.12
2016.08.15 22:10:54.205,1.11847,1.11849,3.75,1.20
2016.08.15 22:10:54.257,1.11848,1.1185,2.25,1.12
2016.08.15 22:10:54.308,1.11847,1.1185,1.50,1.12
2016.08.15 22:10:54.590,1.11847,1.1185,2.25,1.12
2016.08.15 22:10:54.641,1.11847,1.1185,2.25,1.10
2016.08.15 22:10:54.946,1.11846,1.1185,3.00,1.10
2016.08.15 22:10:56.327,1.11846,1.1185,3.75,1.10
2016.08.15 22:11:00.600,1.11846,1.1185,3.00,1.10
2016.08.15 22:11:00.651,1.11846,1.1185,3.00,1.00
2016.08.15 22:11:00.702,1.11846,1.1185,3.75,1.00
2016.08.15 22:11:00.907,1.11846,1.1185,6.00,1.00
2016.08.15 22:11:00.959,1.11846,1.1185,4.50,1.00
2016.08.15 22:11:01.337,1.11847,1.1185,1.50,1.00
2016.08.15 22:11:01.767,1.11847,1.11852,1.50,2.25
2016.08.15 22:11:02.859,1.11846,1.11852,3.00,2.25
2016.08.15 22:11:03.335,1.11846,1.11852,3.75,2.25
2016.08.15 22:11:03.590,1.11846,1.11852,3.75,1.50
2016.08.15 22:11:17.068,1.11849,1.11852,1.00,1.50
2016.08.15 22:11:17.120,1.11849,1.11852,1.50,1.50
2016.08.15 22:11:17.171,1.11849,1.11852,2.25,1.50
2016.08.15 22:11:17.222,1.1185,1.11852,1.00,1.50
2016.08.15 22:11:17.325,1.11849,1.11852,2.25,1.50
2016.08.15 22:11:17.376,1.11849,1.11852,1.50,1.50
2016.08.15 22:11:17.427,1.11849,1.11852,3.00,1.50
2016.08.15 22:11:17.478,1.11849,1.11852,2.25,1.50
2016.08.15 22:11:17.529,1.11847,1.11852,3.00,1.50
2016.08.15 22:11:17.580,1.11847,1.11852,1.00,1.50
2016.08.15 22:11:17.631,1.11846,1.11852,3.19,1.50
2016.08.15 22:11:18.196,1.11846,1.11852,1.00,1.50
2016.08.15 22:11:18.560,1.11846,1.11852,1.50,1.50
2016.08.15 22:11:18.663,1.11846,1.11852,2.25,1.50
2016.08.15 22:11:18.772,1.11846,1.11852,1.00,1.50
2016.08.15 22:11:20.627,1.11846,1.11852,1.00,2.25
2016.08.15 22:11:21.644,1.11846,1.11852,1.00,1.50
2016.08.15 22:11:21.746,1.11846,1.11852,1.00,2.25
2016.08.15 22:11:21.972,1.11846,1.11852,1.00,1.50
2016.08.15 22:11:22.129,1.11846,1.11852,1.00,2.25
2016.08.15 22:11:22.574,1.11846,1.11852,1.00,1.50
2016.08.15 22:11:22.679,1.11846,1.11852,1.00,2.25
2016.08.15 22:11:23.232,1.11846,1.11852,1.00,1.50
2016.08.15 22:11:23.433,1.11846,1.11852,1.00,2.25
2016.08.15 22:11:25.173,1.11846,1.11852,1.00,1.87
2016.08.15 22:11:25.844,1.11846,1.11852,1.00,1.12
2016.08.15 22:11:26.266,1.11846,1.11852,1.00,1.87
2016.08.15 22:11:26.695,1.11845,1.11852,1.00,2.25
2016.08.15 22:11:26.797,1.11845,1.11851,1.00,1.10
2016.08.15 22:11:27.254,1.11846,1.11852,1.00,2.25
2016.08.15 22:11:28.359,1.11847,1.11852,1.00,2.25
2016.08.15 22:11:29.720,1.11847,1.11852,1.00,3.00
2016.08.15 22:11:30.882,1.11847,1.11852,1.00,2.62
2016.08.15 22:11:31.215,1.11847,1.11852,1.00,3.00
2016.08.15 22:11:34.347,1.11846,1.11852,1.00,3.00
2016.08.15 22:11:40.725,1.11846,1.11852,1.00,2.62
2016.08.15 22:11:41.380,1.11846,1.11852,1.00,3.00
2016.08.15 22:11:45.388,1.11847,1.11852,1.00,3.00
2016.08.15 22:11:50.430,1.11847,1.11851,1.00,1.10
2016.08.15 22:11:50.966,1.11846,1.11851,1.00,1.10
2016.08.15 22:11:56.821,1.11846,1.11852,1.00,3.00
2016.08.15 22:11:58.414,1.11845,1.11852,1.00,3.00
2016.08.15 22:12:00.185,1.11845,1.11852,1.00,2.25
2016.08.15 22:12:00.725,1.11846,1.11852,1.00,2.25
2016.08.15 22:12:01.905,1.11846,1.11852,1.00,1.50
2016.08.15 22:12:03.883,1.11846,1.11852,1.00,1.12
2016.08.15 22:12:04.883,1.11847,1.11852,1.00,1.12
2016.08.15 22:12:05.486,1.11847,1.11853,1.00,10.20
2016.08.15 22:12:05.537,1.11847,1.11852,1.00,1.12
2016.08.15 22:12:06.072,1.11846,1.11852,1.00,1.12
2016.08.15 22:12:06.506,1.11845,1.11852,1.10,1.12
2016.08.15 22:12:13.587,1.11845,1.11852,1.10,2.62
2016.08.15 22:12:14.487,1.11845,1.11852,1.10,3.37
2016.08.15 22:12:15.090,1.11845,1.1185,1.10,1.00
2016.08.15 22:12:18.539,1.11845,1.1185,1.47,1.00
2016.08.15 22:12:18.590,1.11845,1.1185,3.07,1.00
2016.08.15 22:12:18.642,1.11847,1.1185,1.00,1.00
2016.08.15 22:12:19.505,1.11846,1.1185,1.12,1.00
2016.08.15 22:12:24.535,1.11845,1.1185,2.32,1.00
2016.08.15 22:12:24.637,1.11845,1.1185,2.70,1.00
2016.08.15 22:12:26.738,1.11845,1.1185,2.32,1.00
2016.08.15 22:12:26.840,1.11845,1.1185,2.70,1.00
2016.08.15 22:12:28.025,1.11845,1.1185,2.32,1.00
2016.08.15 22:12:28.496,1.11845,1.1185,2.70,1.00
2016.08.15 22:12:29.147,1.11845,1.1185,2.32,1.00
2016.08.15 22:12:29.345,1.11845,1.1185,2.70,1.00
2016.08.15 22:12:33.482,1.11845,1.1185,2.32,1.00
2016.08.15 22:12:33.533,1.11845,1.1185,1.57,1.00
2016.08.15 22:12:33.635,1.11845,1.1185,1.10,1.00
2016.08.15 22:12:37.627,1.11845,1.1185,1.57,1.00
2016.08.15 22:12:38.468,1.11845,1.1185,1.20,1.00
2016.08.15 22:12:42.448,1.11846,1.1185,1.35,1.00
2016.08.15 22:12:42.499,1.11849,1.11853,1.50,1.20
2016.08.15 22:12:42.551,1.11851,1.11854,1.00,2.62
2016.08.15 22:12:42.603,1.11851,1.11854,1.00,1.00
2016.08.15 22:12:42.655,1.11853,1.11856,1.00,1.25
2016.08.15 22:12:42.706,1.11852,1.11856,2.25,1.00
2016.08.15 22:12:42.757,1.11853,1.11856,1.00,1.00
2016.08.15 22:12:42.808,1.11854,1.11856,1.00,1.00
2016.08.15 22:12:42.910,1.11855,1.1186,1.50,1.87
2016.08.15 22:12:43.176,1.11855,1.1186,2.25,1.87
2016.08.15 22:12:43.227,1.11855,1.1186,1.50,1.87
2016.08.15 22:12:43.278,1.11855,1.1186,1.00,1.50
2016.08.15 22:12:43.481,1.11855,1.1186,1.00,1.87
2016.08.15 22:12:43.532,1.11855,1.1186,1.50,1.87
2016.08.15 22:12:44.514,1.11854,1.1186,3.00,1.87
2016.08.15 22:12:45.161,1.11854,1.1186,3.00,1.50
2016.08.15 22:12:45.212,1.11855,1.1186,1.50,1.50
2016.08.15 22:12:45.295,1.11855,1.1186,2.25,1.87
2016.08.15 22:12:45.448,1.11855,1.1186,2.25,1.50
2016.08.15 22:12:45.550,1.11855,1.1186,2.25,1.87
2016.08.15 22:12:46.395,1.11856,1.1186,1.50,1.87
2016.08.15 22:12:47.193,1.11855,1.1186,6.75,1.87
2016.08.15 22:12:47.244,1.11855,1.1186,3.75,1.87
2016.08.15 22:12:47.296,1.11855,1.1186,3.00,1.87
2016.08.15 22:12:47.398,1.11855,1.1186,2.25,1.50
2016.08.15 22:12:47.500,1.11855,1.1186,2.25,1.87
2016.08.15 22:12:47.863,1.11855,1.1186,3.00,1.87
2016.08.15 22:12:48.052,1.11855,1.1186,3.00,1.50
2016.08.15 22:12:48.154,1.11855,1.1186,3.00,1.87
2016.08.15 22:12:48.403,1.11855,1.1186,1.00,1.87
2016.08.15 22:12:48.505,1.11855,1.1186,1.00,3.37
2016.08.15 22:12:48.812,1.11854,1.1186,1.00,4.12
2016.08.15 22:12:49.876,1.11854,1.1186,1.00,3.75
2016.08.15 22:12:49.977,1.11854,1.1186,1.00,4.12
2016.08.15 22:12:50.144,1.11854,1.1186,1.00,1.87
2016.08.15 22:12:53.065,1.11854,1.1186,1.00,1.50
2016.08.15 22:12:53.590,1.11854,1.1186,1.00,1.87
2016.08.15 22:12:55.807,1.11854,1.1186,1.00,4.12
2016.08.15 22:12:56.914,1.11854,1.11859,1.00,1.87
2016.08.15 22:12:57.322,1.11854,1.1186,1.00,4.12
2016.08.15 22:12:57.424,1.11854,1.1186,1.00,3.75
2016.08.15 22:12:57.723,1.11854,1.1186,1.00,4.12
2016.08.15 22:13:00.184,1.11852,1.1186,5.62,4.50
2016.08.15 22:13:00.235,1.11852,1.1186,5.25,4.50
2016.08.15 22:13:00.287,1.11852,1.1186,5.25,4.87
2016.08.15 22:13:00.712,1.11852,1.1186,5.25,4.50
2016.08.15 22:13:00.763,1.11852,1.1186,4.12,5.25
2016.08.15 22:13:00.814,1.11852,1.1186,1.87,5.25
2016.08.15 22:13:00.865,1.11852,1.1186,1.12,4.50
2016.08.15 22:13:00.916,1.11852,1.1186,3.37,5.62
2016.08.15 22:13:00.967,1.11852,1.11859,3.37,1.37
2016.08.15 22:13:01.018,1.11853,1.11859,2.32,1.37
2016.08.15 22:13:01.121,1.11853,1.11859,2.25,1.37
2016.08.15 22:13:02.027,1.11852,1.11859,3.07,1.37
2016.08.15 22:13:02.230,1.11852,1.11859,1.57,2.62
2016.08.15 22:13:02.281,1.11852,1.11859,1.10,2.62
2016.08.15 22:13:02.332,1.11852,1.11859,3.07,1.37
2016.08.15 22:13:02.383,1.11852,1.11859,3.82,1.37
2016.08.15 22:13:03.062,1.11852,1.11859,1.57,3.37
2016.08.15 22:13:03.113,1.11852,1.11859,1.10,3.37
2016.08.15 22:13:03.316,1.11852,1.11859,2.32,1.37
2016.08.15 22:13:03.418,1.11852,1.11859,3.07,1.37
2016.08.15 22:13:03.520,1.11853,1.11859,2.25,1.37
2016.08.15 22:13:03.570,1.11853,1.11859,2.25,1.12
2016.08.15 22:13:04.248,1.11852,1.11859,2.32,1.12
2016.08.15 22:13:04.298,1.11852,1.11859,2.32,1.37
2016.08.15 22:13:04.552,1.11852,1.11859,3.07,1.37
2016.08.15 22:13:05.831,1.11852,1.11859,5.32,1.37
2016.08.15 22:13:05.933,1.11853,1.11859,2.25,1.37
2016.08.15 22:13:06.035,1.11853,1.11859,2.25,2.62
2016.08.15 22:13:06.141,1.11852,1.11858,1.10,1.12
2016.08.15 22:13:06.193,1.11852,1.11858,1.10,1.50
2016.08.15 22:13:06.555,1.11852,1.11858,2.32,1.50
2016.08.15 22:13:06.606,1.11852,1.11858,2.32,1.00
2016.08.15 22:13:06.866,1.11852,1.11859,3.07,4.50
2016.08.15 22:13:06.917,1.11853,1.1186,1.50,3.07
2016.08.15 22:13:06.976,1.11853,1.11859,1.50,1.37
2016.08.15 22:13:07.028,1.11852,1.11859,3.82,2.62
2016.08.15 22:13:07.079,1.11852,1.11859,1.57,6.37
2016.08.15 22:13:07.130,1.11852,1.11859,1.57,4.12
2016.08.15 22:13:07.181,1.11852,1.11858,1.10,1.12
2016.08.15 22:13:07.284,1.11852,1.11859,1.10,4.87
2016.08.15 22:13:14.263,1.11852,1.11859,1.57,4.12
2016.08.15 22:13:21.574,1.11852,1.11859,1.10,4.87
2016.08.15 22:13:21.625,1.11852,1.11858,1.10,1.00
2016.08.15 22:13:21.676,1.11852,1.11858,1.10,2.25
2016.08.15 22:13:21.780,1.11852,1.11857,1.10,1.00
2016.08.15 22:13:21.863,1.11852,1.11857,1.10,1.00
2016.08.15 22:13:22.066,1.11852,1.11856,1.10,1.50
2016.08.15 22:13:22.118,1.11852,1.11856,1.00,2.25
2016.08.15 22:13:22.948,1.11852,1.11856,1.00,1.00
2016.08.15 22:13:22.999,1.11852,1.11858,1.00,3.45
2016.08.15 22:13:23.254,1.11852,1.11858,1.00,4.20
2016.08.15 22:13:23.380,1.11852,1.11858,1.00,1.95
2016.08.15 22:13:23.431,1.11852,1.11858,1.00,1.20
2016.08.15 22:13:23.483,1.11852,1.11858,1.00,3.45
2016.08.15 22:13:25.641,1.11852,1.11858,1.00,1.20
2016.08.15 22:13:25.958,1.11852,1.11859,1.00,2.25
2016.08.15 22:13:36.113,1.11852,1.11859,1.00,4.50
2016.08.15 22:13:40.784,1.11852,1.11859,1.00,4.20
2016.08.15 22:13:40.886,1.11852,1.11859,1.00,1.95
2016.08.15 22:13:42.344,1.11852,1.11858,1.00,1.00
2016.08.15 22:13:42.859,1.11852,1.11859,1.00,4.20
2016.08.15 22:13:42.910,1.11851,1.11859,1.80,1.95
2016.08.15 22:13:51.612,1.11851,1.11859,1.42,1.95
2016.08.15 22:13:51.664,1.11851,1.11859,1.42,2.70
2016.08.15 22:13:51.715,1.11851,1.11859,1.80,2.70
2016.08.15 22:14:02.280,1.11851,1.11859,1.80,4.95
2016.08.15 22:14:02.331,1.11851,1.11858,1.05,3.37
2016.08.15 22:14:02.434,1.11851,1.11858,1.05,4.12
2016.08.15 22:14:03.977,1.11851,1.11858,1.05,3.37
2016.08.15 22:14:04.059,1.11851,1.11858,1.05,1.12
2016.08.15 22:14:04.790,1.11851,1.11858,1.80,1.12
2016.08.15 22:14:04.841,1.11851,1.11859,2.55,4.95
2016.08.15 22:14:05.355,1.11851,1.11858,1.80,1.12
2016.08.15 22:14:05.441,1.11851,1.11858,1.80,3.37
2016.08.15 22:14:05.542,1.11851,1.11858,2.55,2.62
2016.08.15 22:14:05.593,1.11851,1.11859,2.55,1.95
2016.08.15 22:14:12.240,1.11851,1.11859,1.80,2.70
2016.08.15 22:14:12.291,1.11851,1.11859,2.17,2.70
2016.08.15 22:14:12.342,1.11851,1.11859,2.17,4.95
2016.08.15 22:14:12.443,1.11852,1.11859,2.10,3.45
2016.08.15 22:14:12.494,1.11855,1.11859,1.00,3.45
2016.08.15 22:14:12.545,1.11855,1.1186,1.00,5.62
2016.08.15 22:14:12.597,1.11855,1.1186,1.00,4.12
2016.08.15 22:14:12.649,1.11855,1.1186,1.00,2.25
2016.08.15 22:14:12.751,1.11855,1.1186,1.00,1.87
2016.08.15 22:14:12.802,1.11855,1.1186,1.00,1.50
2016.08.15 22:14:12.904,1.11855,1.1186,1.00,1.87
2016.08.15 22:14:13.452,1.11853,1.1186,1.57,1.87
2016.08.15 22:14:13.503,1.11853,1.1186,1.57,4.12
2016.08.15 22:14:13.554,1.11853,1.1186,1.10,4.87
2016.08.15 22:14:13.605,1.11853,1.1186,1.10,5.62
2016.08.15 22:14:13.656,1.11852,1.1186,6.22,4.87
2016.08.15 22:14:13.707,1.11855,1.1186,1.00,5.62
2016.08.15 22:14:13.790,1.11855,1.1186,1.00,4.87
2016.08.15 22:14:13.841,1.11855,1.1186,1.00,2.25
2016.08.15 22:14:13.943,1.11855,1.1186,1.00,1.87
2016.08.15 22:14:14.411,1.11855,1.11861,1.00,4.95
2016.08.15 22:14:14.684,1.11854,1.1186,1.00,1.87
2016.08.15 22:14:14.735,1.11853,1.11859,1.57,2.62
2016.08.15 22:14:14.837,1.11853,1.11859,1.10,2.62
2016.08.15 22:14:14.889,1.11852,1.11859,2.62,2.62
2016.08.15 22:14:14.940,1.11852,1.11859,1.87,3.37
2016.08.15 22:14:15.041,1.11852,1.11859,1.87,1.87
2016.08.15 22:14:15.244,1.11852,1.11859,1.87,2.62
2016.08.15 22:14:15.643,1.11852,1.11859,1.87,3.37
2016.08.15 22:14:21.378,1.11852,1.11859,2.62,3.37
2016.08.15 22:14:21.429,1.11852,1.11859,4.87,1.37
2016.08.15 22:14:21.480,1.11852,1.11859,5.62,1.37
2016.08.15 22:14:21.834,1.11852,1.1186,5.62,7.87
2016.08.15 22:14:21.936,1.11852,1.1186,6.37,9.37
2016.08.15 22:14:21.987,1.11852,1.1186,6.37,9.00
2016.08.15 22:14:22.371,1.11852,1.1186,6.37,9.37
2016.08.15 22:14:23.480,1.11852,1.1186,6.37,9.00
2016.08.15 22:14:23.803,1.11852,1.1186,6.37,9.37
2016.08.15 22:14:25.184,1.11852,1.1186,6.37,9.00
2016.08.15 22:14:25.286,1.11852,1.1186,6.37,9.37
2016.08.15 22:14:25.584,1.11852,1.1186,5.62,7.87
2016.08.15 22:14:25.777,1.11852,1.1186,6.37,9.37
2016.08.15 22:14:26.547,1.11852,1.1186,6.37,9.00
2016.08.15 22:14:26.830,1.11852,1.1186,6.90,6.75
2016.08.15 22:14:26.882,1.11852,1.1186,7.80,4.12
2016.08.15 22:14:26.980,1.11854,1.11861,1.00,2.32
2016.08.15 22:14:27.032,1.11854,1.11862,1.00,4.31
2016.08.15 22:14:27.083,1.11853,1.11862,3.07,4.31
2016.08.15 22:14:27.186,1.11853,1.11862,1.57,4.31
2016.08.15 22:14:27.237,1.11853,1.11862,1.57,8.06
2016.08.15 22:14:27.288,1.11853,1.11862,3.07,8.06
2016.08.15 22:14:27.340,1.11853,1.11862,3.07,4.31
2016.08.15 22:14:27.391,1.11853,1.11862,1.57,5.81
2016.08.15 22:14:27.645,1.11853,1.11862,1.57,9.56
2016.08.15 22:14:27.945,1.11853,1.11861,1.57,2.32
2016.08.15 22:14:27.996,1.11853,1.1186,1.57,2.25
2016.08.15 22:14:28.200,1.11853,1.1186,1.10,2.25
2016.08.15 22:14:31.422,1.11853,1.11861,2.32,6.07
2016.08.15 22:14:31.473,1.11853,1.11861,3.82,5.32
2016.08.15 22:14:31.525,1.11853,1.11861,4.57,3.07
2016.08.15 22:14:31.576,1.11853,1.11861,5.32,3.07
2016.08.15 22:14:31.983,1.11853,1.11861,3.82,3.07
2016.08.15 22:14:32.279,1.11853,1.11861,6.07,3.07
2016.08.15 22:14:33.476,1.11853,1.11861,3.82,3.07
2016.08.15 22:14:33.679,1.11853,1.11861,6.07,3.07
2016.08.15 22:14:34.162,1.11853,1.11861,9.45,2.32
2016.08.15 22:14:34.762,1.11853,1.11861,9.07,2.32
2016.08.15 22:14:35.781,1.11853,1.11861,6.07,2.32
2016.08.15 22:14:35.882,1.11853,1.11861,9.07,2.32
2016.08.15 22:14:36.035,1.11853,1.11861,9.82,2.32
2016.08.15 22:14:36.582,1.11853,1.11861,6.82,2.32
2016.08.15 22:14:36.634,1.11853,1.11861,9.82,2.32
2016.08.15 22:14:38.281,1.11853,1.11861,10.57,2.32
2016.08.15 22:14:38.332,1.11855,1.11861,1.50,1.57
2016.08.15 22:14:38.581,1.11856,1.11862,1.00,3.37
2016.08.15 22:14:41.572,1.11856,1.11861,1.00,1.50
2016.08.15 22:14:50.691,1.11856,1.11861,1.00,1.00
2016.08.15 22:14:51.042,1.11855,1.11862,1.37,4.12
2016.08.15 22:14:51.094,1.11854,1.11862,1.12,4.12
2016.08.15 22:14:51.145,1.11853,1.11862,9.07,4.12
2016.08.15 22:14:51.332,1.11854,1.11862,1.12,4.12
2016.08.15 22:14:51.383,1.11854,1.11861,1.12,1.00
2016.08.15 22:14:52.297,1.11854,1.11862,1.87,4.12
2016.08.15 22:14:52.348,1.11854,1.11862,1.12,4.12
2016.08.15 22:14:52.645,1.11854,1.11862,1.87,4.12
2016.08.15 22:14:52.979,1.11854,1.11862,1.12,4.12
2016.08.15 22:14:53.080,1.11854,1.11862,1.87,1.50
2016.08.15 22:14:53.182,1.11854,1.11862,1.87,1.87
2016.08.15 22:14:53.831,1.11854,1.11862,1.12,1.87
2016.08.15 22:14:54.157,1.11854,1.11862,1.87,1.87
2016.08.15 22:14:55.655,1.11854,1.11862,1.12,1.87
2016.08.15 22:14:55.837,1.11854,1.11862,1.87,1.87
2016.08.15 22:14:56.512,1.11854,1.11862,2.62,1.87
2016.08.15 22:14:56.563,1.11854,1.11862,1.87,1.87
2016.08.15 22:14:56.885,1.11854,1.11862,2.62,1.87
2016.08.15 22:14:57.170,1.11854,1.11862,4.12,3.37
2016.08.15 22:14:57.272,1.11854,1.11862,4.87,4.12
2016.08.15 22:14:57.535,1.11854,1.11862,6.37,4.12
2016.08.15 22:14:57.586,1.11854,1.11862,6.56,4.12
2016.08.15 22:14:58.508,1.11854,1.11862,6.94,4.12
2016.08.15 22:14:59.170,1.11854,1.11862,6.19,4.12
2016.08.15 22:14:59.369,1.11854,1.11862,6.94,4.12
2016.08.15 22:15:00.291,1.11854,1.11862,9.37,4.12
2016.08.15 22:15:00.393,1.11855,1.11862,1.00,4.12
2016.08.15 22:15:01.018,1.11854,1.11862,10.50,4.12
2016.08.15 22:15:01.280,1.11854,1.11862,9.00,4.12
2016.08.15 22:15:01.434,1.11854,1.11862,8.25,3.37
2016.08.15 22:15:01.719,1.11854,1.11862,10.50,3.37
2016.08.15 22:15:01.770,1.11854,1.11862,11.06,5.62
2016.08.15 22:15:01.821,1.11854,1.11861,8.81,1.50
2016.08.15 22:15:01.872,1.11854,1.11861,8.06,1.50
2016.08.15 22:15:01.923,1.11854,1.11861,8.81,1.50
2016.08.15 22:15:02.476,1.11854,1.11861,8.06,1.50
2016.08.15 22:15:02.639,1.11854,1.11861,7.31,1.50
2016.08.15 22:15:03.280,1.11854,1.11861,8.06,1.50
2016.08.15 22:15:03.484,1.11854,1.11861,8.81,1.50
2016.08.15 22:15:04.285,1.11854,1.11861,7.31,1.50
2016.08.15 22:15:04.486,1.11854,1.11861,8.81,1.50
2016.08.15 22:15:04.537,1.11855,1.11861,2.25,1.50
2016.08.15 22:15:05.589,1.11855,1.11861,3.00,1.50
2016.08.15 22:15:05.691,1.11855,1.11861,2.25,1.50
2016.08.15 22:15:05.849,1.11855,1.11861,3.00,1.50
2016.08.15 22:15:09.503,1.11855,1.11861,2.25,1.50
2016.08.15 22:15:09.656,1.11855,1.11861,3.00,1.50
2016.08.15 22:15:11.459,1.11855,1.11861,2.25,1.50
2016.08.15 22:15:11.665,1.11855,1.11861,3.00,1.50
2016.08.15 22:15:12.064,1.11855,1.11861,2.25,1.50
2016.08.15 22:15:12.166,1.11855,1.11861,3.00,1.50
2016.08.15 22:15:12.947,1.11856,1.11862,2.44,2.55
2016.08.15 22:15:13.100,1.11856,1.11862,2.81,2.55
2016.08.15 22:15:13.404,1.11857,1.11862,1.25,2.55
2016.08.15 22:15:13.558,1.11857,1.11862,1.00,2.55
2016.08.15 22:15:13.661,1.11857,1.11862,3.19,2.55
2016.08.15 22:15:14.688,1.11857,1.11862,3.19,1.80
2016.08.15 22:15:20.735,1.11857,1.11862,3.19,2.55
2016.08.15 22:15:22.272,1.11857,1.11862,2.44,2.55
2016.08.15 22:15:26.510,1.11857,1.11862,2.44,1.05
2016.08.15 22:15:26.561,1.11857,1.11863,2.44,3.60
2016.08.15 22:15:26.612,1.11857,1.11863,2.44,2.85
2016.08.15 22:15:26.714,1.11857,1.11863,3.19,2.85
2016.08.15 22:15:26.764,1.11857,1.11863,1.25,2.85
2016.08.15 22:15:26.866,1.11857,1.11863,3.19,2.85
2016.08.15 22:15:28.528,1.11857,1.11863,3.19,1.35
2016.08.15 22:15:28.873,1.11856,1.11863,6.19,2.85
2016.08.15 22:15:29.143,1.11858,1.11863,1.00,1.42
2016.08.15 22:15:29.218,1.11858,1.11863,1.00,2.92
2016.08.15 22:15:29.269,1.11858,1.11863,1.00,2.17
2016.08.15 22:15:29.319,1.11857,1.11863,3.00,2.17
2016.08.15 22:15:29.371,1.11858,1.11863,1.00,2.17
2016.08.15 22:15:29.472,1.11858,1.11863,1.00,2.92
2016.08.15 22:15:29.921,1.11857,1.11863,3.19,2.92
2016.08.15 22:15:29.972,1.11857,1.11863,3.19,3.67
2016.08.15 22:15:30.306,1.11858,1.11863,1.00,2.92
2016.08.15 22:15:30.538,1.11858,1.11863,1.00,4.42
2016.08.15 22:15:30.594,1.11856,1.11863,5.81,4.42
2016.08.15 22:15:30.645,1.11856,1.11863,5.81,3.67
2016.08.15 22:15:30.696,1.11857,1.11863,2.44,3.67
2016.08.15 22:15:31.072,1.11857,1.11863,2.44,4.42
2016.08.15 22:15:32.826,1.11857,1.11863,2.44,2.92
2016.08.15 22:15:37.056,1.11857,1.11863,2.44,1.42
2016.08.15 22:15:37.157,1.11857,1.11863,2.44,2.92
2016.08.15 22:15:37.259,1.11857,1.11863,2.44,1.42
2016.08.15 22:15:37.434,1.11857,1.11863,2.44,2.92
2016.08.15 22:15:38.387,1.11857,1.11863,3.19,1.87
2016.08.15 22:15:38.488,1.11857,1.11863,1.25,2.92
2016.08.15 22:15:38.734,1.11857,1.11863,3.19,2.92
2016.08.15 22:15:38.886,1.11857,1.11863,2.44,3.67
2016.08.15 22:15:38.937,1.11857,1.11863,3.94,3.67
2016.08.15 22:15:38.988,1.11857,1.11863,4.69,3.37
2016.08.15 22:15:39.398,1.11858,1.11863,1.00,2.92
2016.08.15 22:15:40.784,1.11857,1.11863,4.69,3.67
2016.08.15 22:15:41.597,1.11857,1.11863,4.69,2.92
2016.08.15 22:15:46.080,1.11857,1.11863,4.69,1.42
2016.08.15 22:15:46.283,1.11857,1.11863,4.69,2.92
2016.08.15 22:15:47.365,1.11857,1.11863,4.69,1.42
2016.08.15 22:15:47.467,1.11857,1.11863,4.69,2.92
2016.08.15 22:15:53.481,1.11857,1.11863,4.69,1.42
2016.08.15 22:15:53.561,1.11857,1.11863,4.69,2.92
2016.08.15 22:15:55.239,1.11858,1.11863,1.00,2.92
2016.08.15 22:15:55.290,1.11858,1.11862,1.00,1.05
2016.08.15 22:15:55.546,1.11858,1.11862,1.00,1.80
2016.08.15 22:15:55.598,1.11858,1.11863,1.00,3.37
2016.08.15 22:15:55.727,1.11858,1.11863,1.00,3.67
2016.08.15 22:15:55.829,1.11858,1.11863,1.00,3.37
2016.08.15 22:15:56.786,1.11858,1.11863,1.00,1.87
2016.08.15 22:15:56.888,1.11858,1.11863,1.00,3.37
2016.08.15 22:15:58.374,1.11858,1.11863,1.00,4.12
2016.08.15 22:15:58.425,1.11857,1.11863,3.19,4.42
2016.08.15 22:15:58.476,1.11857,1.11863,3.19,2.17
2016.08.15 22:15:58.578,1.11857,1.11863,3.19,4.42
2016.08.15 22:15:59.190,1.11857,1.11863,3.19,2.17
2016.08.15 22:15:59.657,1.11857,1.11863,3.19,4.42
2016.08.15 22:16:00.393,1.11857,1.11863,3.19,2.17
2016.08.15 22:16:00.494,1.11857,1.11863,3.19,4.42
2016.08.15 22:16:00.921,1.11857,1.11863,3.19,2.17
2016.08.15 22:16:01.022,1.11857,1.11863,3.19,4.42
2016.08.15 22:16:02.396,1.11857,1.11863,3.19,2.17
2016.08.15 22:16:02.498,1.11857,1.11863,3.19,4.42
2016.08.15 22:16:03.924,1.11857,1.11863,3.19,2.17
2016.08.15 22:16:04.191,1.11857,1.11863,3.19,4.42
2016.08.15 22:16:04.905,1.11857,1.11863,3.19,2.17
2016.08.15 22:16:05.108,1.11857,1.11863,3.19,3.67
2016.08.15 22:16:05.898,1.11857,1.11863,3.19,2.17
2016.08.15 22:16:06.106,1.11857,1.11863,3.19,3.67
2016.08.15 22:16:08.848,1.11857,1.11863,3.19,3.37
2016.08.15 22:16:09.520,1.11857,1.11863,3.00,2.17
2016.08.15 22:16:09.718,1.11857,1.11863,3.00,3.67
2016.08.15 22:16:11.223,1.11857,1.11863,3.00,2.17
2016.08.15 22:16:11.409,1.11857,1.11863,3.00,3.67
2016.08.15 22:16:11.723,1.11857,1.11863,3.00,2.17
2016.08.15 22:16:11.933,1.11857,1.11863,3.00,3.67
2016.08.15 22:16:15.733,1.11857,1.11863,3.00,2.92
2016.08.15 22:16:15.936,1.11857,1.11863,3.00,1.42
2016.08.15 22:16:16.234,1.11857,1.11863,3.00,2.92
2016.08.15 22:16:17.437,1.11858,1.11863,1.00,2.92
2016.08.15 22:16:17.539,1.11857,1.11863,3.75,2.92
2016.08.15 22:16:20.461,1.11857,1.11863,3.75,1.42
2016.08.15 22:16:20.512,1.11857,1.11863,3.94,1.42
2016.08.15 22:16:20.667,1.11857,1.11863,3.94,2.92
2016.08.15 22:16:23.468,1.11857,1.11863,3.94,1.42
2016.08.15 22:16:23.755,1.11857,1.11863,3.94,2.92
2016.08.15 22:16:24.070,1.11857,1.11863,3.94,1.42
2016.08.15 22:16:24.273,1.11857,1.11863,3.94,2.92
2016.08.15 22:16:29.268,1.11857,1.11863,3.94,1.42
2016.08.15 22:16:29.468,1.11857,1.11863,3.94,2.92
2016.08.15 22:16:30.026,1.11857,1.11863,3.94,1.42
2016.08.15 22:16:30.077,1.11857,1.11863,3.94,2.92
2016.08.15 22:16:30.269,1.11857,1.11863,3.94,1.42
2016.08.15 22:16:30.469,1.11857,1.11863,3.94,2.92
2016.08.15 22:16:31.568,1.11857,1.11863,3.94,1.42
2016.08.15 22:16:31.771,1.11857,1.11863,3.94,2.92
2016.08.15 22:16:34.276,1.11857,1.11863,3.94,1.42
2016.08.15 22:16:34.476,1.11857,1.11863,3.94,2.92
2016.08.15 22:16:34.780,1.11857,1.11863,3.94,1.42
2016.08.15 22:16:34.882,1.11857,1.11863,3.94,2.92
2016.08.15 22:16:36.783,1.11857,1.11863,3.94,1.42
2016.08.15 22:16:37.081,1.11857,1.11863,3.94,2.92
2016.08.15 22:16:37.818,1.11857,1.11863,1.25,4.42
2016.08.15 22:16:37.920,1.11857,1.11863,3.19,4.42
2016.08.15 22:16:37.971,1.11857,1.11863,3.19,3.67
2016.08.15 22:16:39.013,1.11857,1.11863,3.19,2.17
2016.08.15 22:16:39.071,1.11857,1.11863,3.19,3.67
2016.08.15 22:16:39.587,1.11857,1.11863,3.19,2.17
2016.08.15 22:16:39.790,1.11857,1.11863,3.19,3.67
2016.08.15 22:16:39.841,1.11857,1.11863,3.19,3.37
2016.08.15 22:16:41.090,1.11857,1.11863,3.19,3.67
2016.08.15 22:16:42.142,1.11857,1.11863,3.19,3.37
2016.08.15 22:16:42.849,1.11857,1.11863,3.19,3.67
2016.08.15 22:16:47.131,1.11857,1.11863,3.19,2.17
2016.08.15 22:16:47.267,1.11857,1.11863,3.19,1.42
2016.08.15 22:16:47.318,1.11857,1.11863,3.19,2.92
2016.08.15 22:16:47.369,1.11858,1.11863,1.00,2.92
2016.08.15 22:16:48.108,1.11858,1.11863,1.00,2.62
2016.08.15 22:16:48.310,1.11858,1.11863,1.00,1.40
2016.08.15 22:16:48.412,1.11858,1.11863,1.00,2.62
2016.08.15 22:16:48.463,1.11858,1.11863,1.00,3.37
2016.08.15 22:16:48.565,1.11858,1.11863,1.00,3.67
2016.08.15 22:16:48.820,1.11858,1.11863,1.00,2.17
2016.08.15 22:16:49.105,1.11858,1.11863,1.00,3.67
2016.08.15 22:16:49.832,1.11858,1.11863,1.00,2.17
2016.08.15 22:16:49.934,1.11858,1.11863,1.00,3.67
2016.08.15 22:16:50.417,1.11858,1.11863,1.00,2.17
2016.08.15 22:16:50.519,1.11858,1.11863,1.00,3.67
2016.08.15 22:16:50.621,1.11858,1.11863,1.00,2.17
2016.08.15 22:16:51.106,1.11858,1.11863,1.00,3.67
2016.08.15 22:16:53.626,1.11858,1.11863,1.00,2.17
2016.08.15 22:16:53.924,1.11858,1.11863,1.00,3.67
2016.08.15 22:16:56.349,1.11858,1.11863,1.00,2.92
2016.08.15 22:16:56.469,1.11857,1.11863,3.19,2.92
2016.08.15 22:16:58.868,1.11858,1.11863,1.00,2.92
2016.08.15 22:16:58.920,1.11858,1.11863,1.00,2.17
2016.08.15 22:16:59.073,1.11858,1.11863,1.00,1.87
2016.08.15 22:16:59.175,1.11858,1.11863,1.00,2.92
2016.08.15 22:16:59.226,1.11858,1.11863,1.00,2.17
2016.08.15 22:16:59.328,1.11858,1.11863,1.00,2.92
2016.08.15 22:17:00.457,1.11858,1.11863,1.00,2.17
2016.08.15 22:17:00.559,1.11858,1.11863,1.00,2.92
2016.08.15 22:17:03.846,1.11858,1.11863,1.00,2.17
2016.08.15 22:17:04.143,1.11858,1.11863,1.00,2.92
2016.08.15 22:17:06.024,1.11858,1.11863,1.00,2.17
2016.08.15 22:17:06.132,1.11858,1.11863,1.00,2.92
2016.08.15 22:17:07.662,1.11858,1.11863,1.00,2.17
2016.08.15 22:17:07.868,1.11858,1.11863,1.00,2.92
2016.08.15 22:17:08.539,1.11858,1.11863,1.00,2.17
2016.08.15 22:17:08.953,1.11858,1.11863,1.00,2.92
2016.08.15 22:17:14.648,1.11858,1.11863,1.00,2.17
2016.08.15 22:17:14.968,1.11858,1.11863,1.00,2.92
2016.08.15 22:17:16.505,1.11858,1.11863,1.00,3.67
2016.08.15 22:17:16.556,1.11858,1.11863,1.00,5.17
2016.08.15 22:17:16.709,1.11856,1.11863,7.31,5.17
2016.08.15 22:17:16.760,1.11857,1.11863,2.44,5.17
2016.08.15 22:17:18.077,1.11857,1.11863,2.44,3.67
2016.08.15 22:17:18.830,1.11857,1.11862,2.44,1.05
2016.08.15 22:17:18.968,1.11856,1.11862,6.37,2.17
2016.08.15 22:17:19.063,1.11858,1.11862,1.00,2.92
2016.08.15 22:17:19.114,1.11857,1.11862,1.00,3.67
2016.08.15 22:17:20.424,1.11856,1.11862,2.62,3.67
2016.08.15 22:17:25.534,1.11857,1.11862,1.00,3.67
2016.08.15 22:17:29.516,1.11857,1.11861,1.00,1.00
2016.08.15 22:17:30.160,1.11856,1.11861,2.25,1.00
2016.08.15 22:17:35.426,1.11856,1.11862,3.00,1.12
2016.08.15 22:17:35.529,1.11856,1.11862,2.25,1.12
2016.08.15 22:17:37.009,1.11856,1.11862,3.00,3.67
2016.08.15 22:17:37.060,1.11857,1.11862,1.00,3.67
2016.08.15 22:17:41.515,1.11857,1.11861,1.00,1.12
2016.08.15 22:17:41.566,1.11856,1.11861,2.25,1.37
2016.08.15 22:17:41.669,1.11857,1.11861,1.00,1.37
2016.08.15 22:17:41.721,1.11857,1.11863,1.00,7.80
2016.08.15 22:17:41.924,1.11857,1.11861,1.00,1.12
2016.08.15 22:17:42.138,1.11857,1.11862,1.00,1.42
2016.08.15 22:17:55.465,1.11856,1.11862,2.25,1.42
2016.08.15 22:17:55.516,1.11856,1.11862,2.25,2.17
2016.08.15 22:17:55.618,1.11856,1.11861,2.25,1.37
2016.08.15 22:17:55.676,1.11856,1.11862,2.25,2.17
2016.08.15 22:17:59.581,1.11856,1.11862,2.25,1.05
2016.08.15 22:18:02.302,1.11856,1.11863,2.25,7.80
2016.08.15 22:18:02.683,1.11856,1.11863,2.25,5.55
2016.08.15 22:18:02.879,1.11856,1.11863,2.25,7.80
2016.08.15 22:18:05.944,1.11856,1.11862,2.25,1.05
2016.08.15 22:18:06.046,1.11856,1.11863,2.25,10.05
2016.08.15 22:18:06.097,1.11856,1.11863,2.25,12.30
2016.08.15 22:18:08.560,1.11856,1.11863,2.25,10.05
2016.08.15 22:18:08.759,1.11856,1.11863,2.25,12.30
2016.08.15 22:18:09.696,1.11856,1.11863,2.25,10.05
2016.08.15 22:18:10.111,1.11856,1.11863,2.25,11.92
2016.08.15 22:18:12.796,1.11856,1.11862,2.25,1.00
2016.08.15 22:18:19.057,1.11856,1.11862,1.00,1.00
2016.08.15 22:18:21.170,1.11858,1.11862,1.00,3.30
2016.08.15 22:18:22.172,1.11857,1.11862,1.00,3.30
2016.08.15 22:18:23.180,1.11857,1.11861,1.00,1.00
2016.08.15 22:18:23.811,1.11857,1.11861,1.00,1.50
2016.08.15 22:18:26.458,1.11857,1.11862,1.00,3.30
2016.08.15 22:18:26.509,1.11856,1.11862,2.25,3.30
2016.08.15 22:18:26.560,1.11856,1.11862,2.25,3.67
2016.08.15 22:18:26.611,1.11857,1.11862,1.00,3.67
2016.08.15 22:18:26.662,1.11857,1.11861,1.00,1.00
2016.08.15 22:18:26.764,1.11857,1.11862,1.00,4.05
2016.08.15 22:18:26.815,1.11856,1.11862,3.00,4.05
2016.08.15 22:18:26.866,1.11856,1.11862,2.25,4.05
2016.08.15 22:18:35.843,1.11856,1.11862,2.25,3.30
2016.08.15 22:18:37.402,1.11856,1.11862,2.25,1.05
2016.08.15 22:18:37.504,1.11856,1.11862,2.25,3.30
2016.08.15 22:18:37.555,1.11856,1.11862,2.25,3.67
2016.08.15 22:18:38.342,1.11857,1.11862,1.00,2.55
2016.08.15 22:18:39.068,1.11857,1.11863,1.00,12.48
2016.08.15 22:18:39.426,1.11857,1.11863,1.00,11.73
2016.08.15 22:18:40.863,1.11857,1.11863,1.00,9.48
2016.08.15 22:18:41.237,1.11857,1.11863,1.00,11.73
2016.08.15 22:18:41.815,1.11856,1.11863,2.25,11.73
2016.08.15 22:18:41.866,1.11856,1.11862,2.25,2.92
2016.08.15 22:18:41.917,1.11857,1.11862,1.00,2.92
2016.08.15 22:18:42.069,1.11857,1.11862,1.00,2.55
2016.08.15 22:18:46.425,1.11856,1.11862,2.25,2.55
2016.08.15 22:18:48.580,1.11856,1.11862,3.00,2.55
2016.08.15 22:18:55.535,1.11856,1.11862,3.00,2.74
2016.08.15 22:18:58.337,1.11856,1.11863,3.00,11.73
2016.08.15 22:18:58.646,1.11856,1.11862,3.00,2.74
2016.08.15 22:19:14.414,1.11856,1.11862,2.25,3.49
2016.08.15 22:19:14.466,1.11857,1.11862,1.00,3.86
2016.08.15 22:19:14.730,1.11857,1.11862,1.00,3.11
2016.08.15 22:19:14.782,1.11857,1.11862,1.00,2.74
2016.08.15 22:19:34.374,1.11857,1.11862,1.00,3.49
2016.08.15 22:19:34.476,1.11857,1.11862,1.00,1.25
2016.08.15 22:19:37.366,1.11857,1.11862,1.00,3.49
2016.08.15 22:19:42.788,1.11858,1.11862,1.00,3.49
2016.08.15 22:19:43.789,1.11857,1.11862,1.00,3.49
2016.08.15 22:19:55.793,1.11858,1.11862,1.00,3.49
2016.08.15 22:20:02.326,1.11858,1.11862,1.00,2.74
2016.08.15 22:20:02.642,1.11857,1.11862,1.00,3.49
2016.08.15 22:20:02.711,1.11857,1.11862,1.00,3.86
2016.08.15 22:20:03.391,1.11857,1.11862,1.00,3.11
2016.08.15 22:20:03.442,1.11857,1.11862,1.00,2.74
2016.08.15 22:20:03.945,1.11858,1.11862,1.00,2.74
2016.08.15 22:20:11.991,1.11858,1.11862,1.00,3.11
2016.08.15 22:20:12.570,1.11857,1.11862,1.00,3.11
2016.08.15 22:20:13.293,1.11858,1.11862,1.00,3.11
2016.08.15 22:20:13.896,1.11857,1.11862,1.00,3.11
2016.08.15 22:20:13.947,1.11857,1.11862,1.00,2.74
2016.08.15 22:20:13.998,1.11856,1.11862,2.25,3.49
2016.08.15 22:20:14.076,1.11856,1.11862,3.00,3.49
2016.08.15 22:20:14.127,1.11857,1.11862,1.00,3.49
2016.08.15 22:20:14.228,1.11857,1.11862,1.00,2.74
2016.08.15 22:20:14.888,1.11857,1.11862,1.00,3.49
2016.08.15 22:20:15.245,1.11858,1.11862,1.00,2.74
2016.08.15 22:20:15.297,1.11858,1.11862,1.00,3.11
2016.08.15 22:20:15.399,1.11858,1.11863,1.00,13.23
2016.08.15 22:20:15.449,1.11858,1.11863,1.00,12.48
2016.08.15 22:20:15.500,1.11858,1.11862,1.00,2.74
2016.08.15 22:20:16.019,1.11858,1.11863,1.00,12.48
2016.08.15 22:20:16.121,1.11858,1.11862,1.00,2.74
2016.08.15 22:20:22.416,1.11857,1.11862,1.00,2.74
2016.08.15 22:20:37.520,1.11856,1.11862,2.25,2.74
2016.08.15 22:20:37.622,1.11857,1.11862,1.00,2.74
2016.08.15 22:20:44.537,1.11858,1.11862,1.00,2.74
2016.08.15 22:20:53.465,1.11858,1.11862,1.00,3.11
2016.08.15 22:20:54.423,1.11858,1.11862,1.00,2.92
2016.08.15 22:20:54.474,1.11858,1.11863,1.00,7.05
2016.08.15 22:20:54.830,1.11858,1.11863,1.00,5.55
2016.08.15 22:20:54.882,1.11858,1.11863,1.00,4.80
2016.08.15 22:20:58.347,1.11858,1.11863,1.00,3.30
2016.08.15 22:20:58.398,1.11858,1.11863,1.00,4.80
2016.08.15 22:21:02.240,1.11858,1.11863,1.00,4.05
2016.08.15 22:21:02.604,1.11858,1.11863,1.00,3.30
2016.08.15 22:21:02.655,1.11858,1.11863,1.00,4.42
2016.08.15 22:21:02.706,1.11857,1.11863,1.00,5.17
2016.08.15 22:21:02.885,1.11857,1.11863,1.00,4.42
2016.08.15 22:21:02.986,1.11857,1.11863,1.00,4.12
2016.08.15 22:21:03.088,1.11857,1.11863,1.00,4.42
2016.08.15 22:21:03.370,1.11857,1.11863,1.00,2.92
2016.08.15 22:21:03.421,1.11857,1.11863,1.00,3.30
2016.08.15 22:21:04.056,1.11857,1.11863,1.00,2.92
2016.08.15 22:21:04.474,1.11857,1.11862,1.00,1.05
2016.08.15 22:21:07.155,1.11857,1.11863,1.00,4.05
2016.08.15 22:21:07.207,1.11858,1.11863,1.00,3.67
2016.08.15 22:21:08.380,1.11857,1.11862,1.00,1.05
2016.08.15 22:21:12.179,1.11857,1.11863,1.00,2.92
2016.08.15 22:21:12.590,1.11858,1.11863,1.00,1.42
2016.08.15 22:21:14.138,1.11858,1.11863,1.00,2.92
2016.08.15 22:21:14.395,1.11858,1.11863,1.00,1.42
2016.08.15 22:21:14.497,1.11858,1.11863,1.00,2.92
2016.08.15 22:21:15.436,1.11858,1.11863,1.00,1.42
2016.08.15 22:21:15.538,1.11858,1.11863,1.00,2.92
2016.08.15 22:21:15.589,1.11856,1.11863,3.37,2.92
2016.08.15 22:21:15.640,1.11856,1.11863,3.37,3.67
2016.08.15 22:21:15.692,1.11857,1.11863,1.00,3.67
2016.08.15 22:21:15.947,1.11857,1.11863,1.00,2.17
2016.08.15 22:21:16.151,1.11857,1.11863,1.00,2.92
2016.08.15 22:21:22.219,1.11857,1.11863,1.00,2.62
2016.08.15 22:21:25.314,1.11856,1.11863,2.25,3.37
2016.08.15 22:21:25.365,1.11856,1.11863,2.25,3.67
2016.08.15 22:21:26.166,1.11856,1.11863,2.25,2.17
2016.08.15 22:21:26.279,1.11856,1.11863,2.25,2.92
2016.08.15 22:21:26.335,1.11856,1.11863,2.25,4.42
2016.08.15 22:21:28.462,1.11856,1.11863,3.00,3.67
2016.08.15 22:21:28.513,1.11857,1.11863,1.00,3.67
2016.08.15 22:21:33.468,1.11857,1.11863,1.00,2.17
2016.08.15 22:21:34.381,1.11857,1.11863,1.00,3.67
2016.08.15 22:21:34.985,1.11857,1.11863,1.00,2.17
2016.08.15 22:21:35.566,1.11857,1.11863,1.00,3.67
2016.08.15 22:21:38.445,1.11857,1.11863,1.00,3.37
2016.08.15 22:21:39.273,1.1186,1.11864,1.00,1.50
2016.08.15 22:21:39.325,1.11861,1.11865,1.00,1.10
2016.08.15 22:21:42.364,1.1186,1.11865,1.00,1.10
2016.08.15 22:21:43.236,1.11861,1.11865,1.00,1.10
2016.08.15 22:21:44.807,1.1186,1.11865,1.00,1.10
2016.08.15 22:21:45.566,1.11861,1.11865,1.00,1.10
2016.08.15 22:21:50.131,1.1186,1.11865,1.00,1.10
2016.08.15 22:21:50.651,1.11861,1.11865,1.00,1.10
2016.08.15 22:21:57.658,1.1186,1.11865,1.00,1.10
2016.08.15 22:21:58.473,1.11861,1.11865,1.00,1.10
2016.08.15 22:21:59.846,1.1186,1.11865,1.00,1.10
2016.08.15 22:22:01.819,1.11861,1.11865,1.00,1.10
2016.08.15 22:22:02.358,1.1186,1.11865,1.00,1.10
2016.08.15 22:22:02.959,1.11861,1.11865,1.00,1.10
2016.08.15 22:22:03.842,1.1186,1.11865,1.00,1.10
2016.08.15 22:22:14.466,1.11861,1.11865,1.00,1.10
2016.08.15 22:22:19.576,1.11859,1.11865,3.00,1.10
2016.08.15 22:22:19.678,1.11861,1.11865,1.00,1.10
2016.08.15 22:22:22.368,1.1186,1.11865,1.00,1.10
2016.08.15 22:22:23.131,1.11861,1.11865,1.00,1.10
2016.08.15 22:22:26.390,1.1186,1.11865,1.00,1.10
2016.08.15 22:22:27.122,1.11861,1.11865,1.00,1.10
2016.08.15 22:22:36.314,1.1186,1.11865,1.00,1.10
2016.08.15 22:22:36.916,1.11861,1.11865,1.00,1.10
2016.08.15 22:22:39.282,1.11861,1.11866,1.00,2.06
2016.08.15 22:22:46.502,1.1186,1.11866,1.00,2.06
2016.08.15 22:23:01.915,1.1186,1.11866,1.00,3.56
2016.08.15 22:23:02.460,1.11861,1.11866,1.00,3.56
2016.08.15 22:23:03.202,1.1186,1.11866,1.00,3.56
2016.08.15 22:23:04.039,1.1186,1.11866,1.00,2.06
2016.08.15 22:23:04.141,1.1186,1.11866,1.00,3.56
2016.08.15 22:23:05.280,1.11861,1.11866,1.00,2.06
2016.08.15 22:23:05.382,1.11861,1.11866,1.00,3.56
2016.08.15 22:23:05.851,1.11861,1.11866,1.00,2.06
2016.08.15 22:23:05.952,1.11861,1.11866,1.00,3.56
2016.08.15 22:23:16.349,1.11861,1.11866,1.00,2.06
2016.08.15 22:23:18.361,1.11861,1.11866,1.00,1.87
2016.08.15 22:23:25.222,1.11861,1.11866,1.00,1.12
2016.08.15 22:23:25.324,1.11861,1.11866,1.00,1.87
2016.08.15 22:24:00.629,1.1186,1.11867,1.00,7.87
2016.08.15 22:24:00.731,1.11861,1.11866,1.00,1.87
2016.08.15 22:24:01.209,1.1186,1.11867,1.00,8.62
2016.08.15 22:24:01.311,1.1186,1.11867,1.00,7.87
2016.08.15 22:24:01.362,1.1186,1.11867,1.00,7.12
2016.08.15 22:24:04.524,1.1186,1.11867,1.00,5.62
2016.08.15 22:24:04.768,1.1186,1.11867,1.00,7.12
2016.08.15 22:24:10.962,1.1186,1.11867,1.00,7.50
2016.08.15 22:24:14.376,1.1186,1.11867,1.00,5.25
2016.08.15 22:24:14.478,1.1186,1.11867,1.00,3.37
2016.08.15 22:24:14.889,1.1186,1.11867,1.00,4.12
2016.08.15 22:24:14.939,1.1186,1.11867,1.00,5.25
2016.08.15 22:24:15.314,1.1186,1.11867,1.00,4.50
2016.08.15 22:24:15.365,1.1186,1.11867,1.00,5.25
2016.08.15 22:24:17.895,1.1186,1.11867,1.00,4.50
2016.08.15 22:24:18.104,1.1186,1.11867,1.00,5.25
2016.08.15 22:24:18.361,1.1186,1.11867,1.00,4.50
2016.08.15 22:24:18.463,1.1186,1.11867,1.00,5.25
2016.08.15 22:24:21.364,1.1186,1.11867,1.00,4.87
2016.08.15 22:24:21.864,1.1186,1.11867,1.00,4.12
2016.08.15 22:24:22.063,1.1186,1.11867,1.00,4.87
2016.08.15 22:24:22.475,1.1186,1.11867,1.00,4.12
2016.08.15 22:24:22.663,1.1186,1.11867,1.00,4.87
2016.08.15 22:24:27.713,1.1186,1.11867,1.00,5.62
2016.08.15 22:24:28.048,1.1186,1.11866,1.00,1.87
2016.08.15 22:24:29.477,1.1186,1.11867,1.00,4.87
2016.08.15 22:24:30.120,1.11862,1.11867,1.00,5.62
2016.08.15 22:24:30.171,1.11862,1.11867,1.00,4.87
2016.08.15 22:24:30.230,1.11862,1.11867,1.00,4.12
2016.08.15 22:24:30.281,1.11862,1.11867,1.00,4.87
2016.08.15 22:24:30.821,1.11862,1.11867,1.00,4.12
2016.08.15 22:24:30.923,1.11862,1.11867,1.00,4.87
2016.08.15 22:24:31.930,1.11862,1.11867,1.00,4.12
2016.08.15 22:24:32.382,1.11862,1.11867,1.00,4.87
2016.08.15 22:24:34.987,1.11862,1.11867,1.00,4.12
2016.08.15 22:24:35.038,1.1186,1.11867,4.50,3.37
2016.08.15 22:24:35.089,1.1186,1.11867,4.50,2.62
2016.08.15 22:24:35.409,1.1186,1.11867,3.75,2.62
2016.08.15 22:24:35.510,1.1186,1.11867,4.50,2.62
2016.08.15 22:24:35.663,1.1186,1.11867,6.00,1.12
2016.08.15 22:24:35.764,1.11862,1.11867,1.00,1.12
2016.08.15 22:24:52.480,1.11861,1.11867,2.25,1.12
2016.08.15 22:24:53.381,1.11862,1.11867,1.00,1.12
2016.08.15 22:24:58.497,1.11861,1.11867,2.25,1.12
2016.08.15 22:25:00.643,1.11861,1.11867,1.00,1.12
2016.08.15 22:25:02.745,1.11861,1.11867,1.12,1.12
2016.08.15 22:25:03.299,1.11861,1.11867,1.00,1.12
2016.08.15 22:25:03.350,1.11861,1.11867,1.00,4.87
2016.08.15 22:25:04.158,1.11861,1.11867,1.12,4.87
2016.08.15 22:25:07.734,1.11861,1.11867,1.00,4.87
2016.08.15 22:25:09.187,1.11861,1.11867,1.00,2.25
2016.08.15 22:25:09.441,1.11861,1.11867,1.00,2.62
2016.08.15 22:25:10.492,1.1186,1.11867,4.50,2.62
2016.08.15 22:25:17.472,1.11861,1.11867,1.00,2.62
2016.08.15 22:25:21.991,1.11861,1.11866,1.00,1.57
2016.08.15 22:25:22.295,1.11861,1.11867,1.00,2.62
2016.08.15 22:25:27.770,1.11861,1.11867,1.00,4.87
2016.08.15 22:25:31.593,1.11861,1.11867,1.00,2.25
2016.08.15 22:25:42.782,1.11861,1.11867,1.12,2.25
2016.08.15 22:25:47.753,1.11861,1.11867,1.00,2.25
2016.08.15 22:26:02.871,1.11861,1.11866,1.00,1.57
2016.08.15 22:26:03.075,1.11861,1.11868,1.00,8.62
2016.08.15 22:26:03.126,1.11861,1.11868,1.00,5.62
2016.08.15 22:26:03.228,1.11861,1.11868,1.00,8.62
2016.08.15 22:26:03.806,1.11861,1.11868,1.12,8.62
2016.08.15 22:26:03.919,1.11862,1.11868,1.00,7.87
2016.08.15 22:26:04.341,1.11862,1.11868,1.00,7.12
2016.08.15 22:26:04.392,1.11862,1.11868,1.00,6.75
2016.08.15 22:26:04.443,1.11862,1.11867,1.00,1.12
2016.08.15 22:26:04.494,1.11862,1.11867,1.00,1.10
2016.08.15 22:26:04.798,1.11862,1.11867,1.00,1.57
2016.08.15 22:26:04.849,1.11862,1.11867,1.00,1.20
2016.08.15 22:26:04.954,1.11862,1.11867,1.00,1.57
2016.08.15 22:26:05.005,1.11862,1.11867,1.00,1.20
2016.08.15 22:26:07.047,1.11862,1.11867,1.00,1.57
2016.08.15 22:26:16.381,1.11862,1.11867,1.00,1.10
2016.08.15 22:26:16.637,1.11863,1.11868,1.00,4.50
2016.08.15 22:26:16.935,1.11863,1.11868,1.00,3.00
2016.08.15 22:26:17.042,1.11863,1.11868,1.00,3.75
2016.08.15 22:26:17.245,1.11863,1.11867,1.00,1.10
2016.08.15 22:26:21.542,1.11862,1.11867,1.00,1.10
2016.08.15 22:26:23.639,1.11863,1.11867,1.00,1.10
2016.08.15 22:26:41.792,1.11863,1.11868,1.00,3.00
2016.08.15 22:26:43.392,1.11863,1.11868,1.00,2.25
2016.08.15 22:26:43.497,1.11863,1.11868,1.00,3.00
2016.08.15 22:26:44.599,1.11863,1.11868,1.00,2.25
2016.08.15 22:26:44.701,1.11863,1.11868,1.00,3.00
2016.08.15 22:26:45.226,1.11863,1.11868,1.00,2.25
2016.08.15 22:26:45.396,1.11863,1.11868,1.00,3.00
2016.08.15 22:26:46.468,1.11862,1.11868,1.00,3.00
2016.08.15 22:26:46.519,1.11862,1.11867,1.00,1.10
2016.08.15 22:26:47.527,1.11862,1.11868,1.00,5.25
2016.08.15 22:26:47.781,1.11863,1.11867,1.00,1.10
2016.08.15 22:26:50.947,1.11861,1.11867,4.87,1.10
2016.08.15 22:26:51.762,1.11861,1.11867,4.50,1.10
2016.08.15 22:26:52.062,1.11861,1.11867,5.62,1.10
2016.08.15 22:26:52.113,1.11861,1.11867,6.37,1.10
2016.08.15 22:26:52.437,1.11861,1.11867,5.62,1.10
2016.08.15 22:26:53.415,1.11861,1.11867,4.87,1.10
2016.08.15 22:26:53.741,1.11861,1.11867,4.50,1.10
2016.08.15 22:26:54.116,1.11861,1.11867,5.25,1.10
2016.08.15 22:26:55.107,1.11861,1.11867,6.00,1.10
2016.08.15 22:26:55.426,1.11861,1.11867,6.07,1.10
2016.08.15 22:26:55.708,1.11863,1.11867,1.00,1.10
2016.08.15 22:27:07.024,1.11862,1.11867,1.00,1.10
2016.08.15 22:27:11.127,1.11862,1.11868,1.00,5.25
2016.08.15 22:27:11.178,1.11862,1.11868,1.00,4.87
2016.08.15 22:27:11.787,1.11862,1.11868,1.00,5.25
2016.08.15 22:27:14.671,1.11862,1.11867,1.00,1.10
2016.08.15 22:27:15.260,1.11863,1.11867,1.00,1.10
2016.08.15 22:27:15.311,1.11863,1.11867,1.00,3.07
2016.08.15 22:27:15.413,1.11863,1.11867,1.00,1.10
2016.08.15 22:27:15.975,1.11862,1.11867,1.00,1.10
2016.08.15 22:27:20.906,1.11862,1.11867,1.00,2.32
2016.08.15 22:27:20.957,1.1186,1.11866,1.12,2.25
2016.08.15 22:27:21.009,1.1186,1.11866,1.00,2.25
2016.08.15 22:27:21.060,1.11861,1.11867,1.00,1.57
2016.08.15 22:27:21.111,1.11861,1.11867,1.00,1.10
2016.08.15 22:27:22.144,1.11861,1.11867,1.00,2.70
2016.08.15 22:27:22.245,1.11861,1.11867,1.00,3.45
2016.08.15 22:27:22.347,1.11861,1.11867,1.00,1.20
2016.08.15 22:27:35.236,1.11861,1.11867,1.00,3.45
2016.08.15 22:27:43.271,1.11861,1.11867,1.00,1.20
2016.08.15 22:27:45.273,1.11861,1.11867,1.00,3.45
2016.08.15 22:27:46.693,1.11861,1.11867,1.12,3.45
2016.08.15 22:27:48.068,1.11861,1.11867,1.12,1.20
2016.08.15 22:27:51.705,1.11861,1.11867,1.00,1.20
2016.08.15 22:27:53.685,1.11861,1.11867,1.00,3.07
2016.08.15 22:27:53.954,1.11861,1.11867,1.00,3.82
2016.08.15 22:27:58.480,1.11861,1.11867,1.00,6.07
2016.08.15 22:27:58.684,1.11861,1.11867,1.00,3.82
2016.08.15 22:28:03.205,1.11861,1.11867,1.00,3.07
2016.08.15 22:28:03.491,1.11861,1.11867,1.00,1.57
2016.08.15 22:28:05.602,1.11861,1.11867,1.00,3.07
2016.08.15 22:28:05.703,1.11861,1.11867,1.00,1.57
2016.08.15 22:28:06.840,1.1186,1.11867,2.62,3.07
2016.08.15 22:28:06.941,1.1186,1.11867,2.62,2.70
2016.08.15 22:28:07.313,1.1186,1.11867,4.12,2.70
2016.08.15 22:28:07.414,1.1186,1.11867,4.87,2.70
2016.08.15 22:28:07.804,1.1186,1.11867,4.50,2.70
2016.08.15 22:28:13.037,1.1186,1.11867,4.87,2.70
2016.08.15 22:28:14.738,1.1186,1.11867,4.50,2.70
2016.08.15 22:28:17.871,1.1186,1.11867,4.50,1.95
2016.08.15 22:28:18.654,1.1186,1.11867,5.25,1.95
2016.08.15 22:28:21.736,1.1186,1.11866,3.75,1.50
2016.08.15 22:28:21.926,1.11861,1.11866,1.00,1.50
2016.08.15 22:28:22.270,1.11861,1.11867,1.00,1.10
2016.08.15 22:28:23.024,1.1186,1.11867,3.75,2.32
2016.08.15 22:28:23.227,1.1186,1.11867,3.75,1.95
2016.08.15 22:28:23.646,1.1186,1.11867,5.25,1.95
2016.08.15 22:28:26.204,1.1186,1.11867,3.00,4.20
2016.08.15 22:28:26.454,1.1186,1.11867,4.50,1.95
2016.08.15 22:28:26.506,1.1186,1.11867,5.25,3.07
2016.08.15 22:28:26.557,1.11861,1.11867,1.00,3.07
2016.08.15 22:28:26.665,1.1186,1.11867,5.25,3.07
2016.08.15 22:28:27.716,1.1186,1.11867,5.62,3.07
2016.08.15 22:28:32.765,1.1186,1.11867,5.25,3.07
2016.08.15 22:28:42.451,1.1186,1.11867,6.75,2.32
2016.08.15 22:28:42.530,1.1186,1.11866,4.50,1.50
2016.08.15 22:28:42.632,1.1186,1.11866,5.25,1.50
2016.08.15 22:28:42.786,1.1186,1.11867,6.75,1.10
2016.08.15 22:28:43.423,1.1186,1.11867,5.25,1.10
2016.08.15 22:28:45.432,1.1186,1.11867,7.50,1.10
2016.08.15 22:28:45.486,1.1186,1.11868,8.25,7.50
2016.08.15 22:28:52.430,1.1186,1.11868,7.50,7.50
2016.08.15 22:28:52.532,1.1186,1.11868,8.25,7.50
2016.08.15 22:28:52.634,1.1186,1.11868,8.25,8.25
2016.08.15 22:28:55.864,1.1186,1.11868,7.50,8.25
2016.08.15 22:28:56.465,1.1186,1.11868,8.25,8.25
2016.08.15 22:28:59.009,1.1186,1.11868,8.25,7.50
2016.08.15 22:28:59.096,1.1186,1.11867,6.75,2.32
2016.08.15 22:28:59.147,1.1186,1.11867,5.25,2.32
2016.08.15 22:28:59.198,1.1186,1.11867,5.25,1.10
2016.08.15 22:29:00.372,1.11861,1.11867,1.00,1.10
2016.08.15 22:29:14.577,1.1186,1.11867,5.25,1.10
2016.08.15 22:29:14.679,1.1186,1.11867,1.50,1.95
2016.08.15 22:29:14.730,1.1186,1.11867,1.00,3.45
2016.08.15 22:29:15.085,1.11861,1.11867,1.00,1.95
2016.08.15 22:29:15.136,1.11861,1.11867,1.00,1.20
2016.08.15 22:29:15.186,1.11861,1.11867,1.00,1.57
2016.08.15 22:29:15.237,1.11861,1.11867,1.00,1.10
2016.08.15 22:29:15.339,1.11861,1.11868,1.00,9.00
2016.08.15 22:29:17.029,1.1186,1.11868,6.00,9.00
2016.08.15 22:29:17.080,1.11861,1.11868,1.00,9.00
2016.08.15 22:29:17.131,1.11861,1.11867,1.00,1.10
2016.08.15 22:29:17.182,1.11861,1.11867,1.50,1.10
2016.08.15 22:29:17.481,1.11861,1.11867,2.25,1.10
2016.08.15 22:29:18.308,1.11861,1.11867,1.00,2.32
2016.08.15 22:29:18.411,1.1186,1.11867,3.75,1.95
2016.08.15 22:29:18.513,1.11861,1.11867,1.00,1.95
2016.08.15 22:29:24.925,1.11861,1.11867,1.00,2.32
2016.08.15 22:29:25.434,1.1186,1.11867,4.50,2.32
2016.08.15 22:29:25.536,1.11861,1.11867,1.00,2.32
2016.08.15 22:29:25.587,1.11861,1.11867,1.00,4.57
2016.08.15 22:29:26.202,1.11861,1.11867,1.00,5.32
2016.08.15 22:29:26.722,1.1186,1.11867,2.25,5.32
2016.08.15 22:29:27.503,1.1186,1.11867,2.25,6.07
2016.08.15 22:29:27.605,1.1186,1.11867,2.25,6.82
2016.08.15 22:29:27.656,1.1186,1.11867,2.25,8.32
2016.08.15 22:29:29.822,1.1186,1.11867,4.50,6.07
2016.08.15 22:29:30.285,1.11861,1.11867,1.00,5.32
2016.08.15 22:29:30.337,1.11861,1.11867,3.00,1.10
2016.08.15 22:29:30.638,1.11861,1.11867,1.50,1.10
2016.08.15 22:29:30.689,1.11861,1.11867,2.25,1.10
2016.08.15 22:29:30.791,1.11861,1.11867,3.00,1.10
2016.08.15 22:29:30.842,1.11862,1.11867,1.00,1.10
2016.08.15 22:29:30.944,1.11861,1.11867,3.75,1.10
2016.08.15 22:29:31.198,1.11861,1.11867,2.25,1.10
2016.08.15 22:29:44.610,1.11861,1.11867,2.25,1.00
2016.08.15 22:29:49.663,1.11861,1.11867,2.25,1.50
2016.08.15 22:29:49.715,1.11861,1.11864,1.00,2.62
2016.08.15 22:29:49.766,1.11859,1.11864,4.69,7.12
2016.08.15 22:29:49.817,1.11859,1.11863,3.19,1.00
2016.08.15 22:29:49.868,1.11858,1.11863,6.26,2.25
2016.08.15 22:29:49.920,1.11859,1.11863,1.25,1.50
2016.08.15 22:29:49.971,1.11859,1.11865,1.00,1.10
2016.08.15 22:29:50.023,1.11859,1.11866,1.00,5.70
2016.08.15 22:29:50.074,1.11859,1.11866,1.00,4.57
2016.08.15 22:29:50.371,1.11859,1.11866,1.00,5.32
2016.08.15 22:29:50.460,1.1186,1.11867,2.25,4.87
2016.08.15 22:29:50.562,1.11861,1.11866,1.00,1.57
2016.08.15 22:29:50.665,1.1186,1.11867,2.25,7.12
2016.08.15 22:29:51.027,1.1186,1.11867,3.75,4.87
2016.08.15 22:29:51.226,1.1186,1.11867,4.50,4.87
2016.08.15 22:29:55.605,1.1186,1.11867,4.50,4.12
2016.08.15 22:29:55.656,1.11861,1.11867,1.00,4.50
2016.08.15 22:29:55.758,1.1186,1.11867,4.50,4.50
2016.08.15 22:29:58.446,1.1186,1.11867,4.50,4.12
2016.08.15 22:29:58.497,1.1186,1.11867,4.50,3.75
2016.08.15 22:30:00.095,1.1186,1.11867,5.25,3.00
2016.08.15 22:30:00.147,1.1186,1.11867,6.00,3.00
2016.08.15 22:30:00.198,1.1186,1.11867,6.00,3.37
2016.08.15 22:30:00.249,1.11861,1.11867,1.00,3.37
2016.08.15 22:30:00.629,1.11861,1.11866,1.00,1.57
2016.08.15 22:30:00.681,1.1186,1.11867,3.00,3.00
2016.08.15 22:30:00.732,1.11861,1.11867,1.00,3.00
2016.08.15 22:30:00.835,1.1186,1.11867,1.50,3.00
2016.08.15 22:30:00.886,1.1186,1.11867,2.25,3.00
2016.08.15 22:30:00.988,1.11861,1.11867,1.00,1.50
2016.08.15 22:30:01.448,1.11861,1.11867,2.25,1.57
2016.08.15 22:30:01.499,1.11861,1.11867,2.25,1.20
2016.08.15 22:30:01.550,1.11861,1.11868,3.00,7.69
2016.08.15 22:30:01.654,1.11861,1.11866,1.00,1.50
2016.08.15 22:30:01.756,1.1186,1.11867,6.75,1.95
2016.08.15 22:30:02.067,1.11861,1.11867,2.25,2.32
2016.08.15 22:30:02.512,1.11861,1.11868,3.00,8.44
2016.08.15 22:30:02.580,1.11861,1.11867,3.00,1.10
2016.08.15 22:30:08.365,1.11861,1.11867,2.25,2.32
2016.08.15 22:30:08.420,1.1186,1.11867,4.50,2.32
2016.08.15 22:30:08.794,1.1186,1.11867,5.25,2.32
2016.08.15 22:30:09.078,1.11861,1.11867,1.50,2.32
2016.08.15 22:30:09.181,1.11861,1.11867,3.00,2.32
2016.08.15 22:30:09.283,1.11861,1.11867,1.50,1.10
2016.08.15 22:30:09.385,1.11861,1.11867,1.00,1.10
2016.08.15 22:30:10.156,1.11861,1.11867,2.25,1.10
2016.08.15 22:30:10.347,1.11861,1.11867,3.00,1.10
2016.08.15 22:30:10.781,1.11861,1.11867,1.00,1.10
2016.08.15 22:30:10.883,1.11861,1.11867,1.00,2.32
2016.08.15 22:30:10.986,1.1186,1.11867,3.00,2.32
2016.08.15 22:30:14.329,1.1186,1.11867,3.00,3.07
2016.08.15 22:30:16.003,1.1186,1.11867,3.00,3.82
2016.08.15 22:30:16.056,1.1186,1.11867,3.00,4.57
2016.08.15 22:30:16.108,1.1186,1.11866,1.00,1.50
2016.08.15 22:30:16.210,1.11861,1.11867,1.00,7.57
2016.08.15 22:30:16.262,1.1186,1.11867,3.00,5.32
2016.08.15 22:30:16.313,1.11861,1.11867,1.50,2.70
2016.08.15 22:30:16.364,1.11861,1.11867,2.25,3.07
2016.08.15 22:30:16.568,1.1186,1.11867,6.00,3.82
2016.08.15 22:30:16.620,1.1186,1.11867,5.25,3.82
2016.08.15 22:30:16.672,1.1186,1.11867,4.50,3.82
2016.08.15 22:30:16.774,1.1186,1.11867,5.25,3.82
2016.08.15 22:30:17.416,1.1186,1.11867,5.25,2.32
2016.08.15 22:30:17.487,1.11861,1.11867,1.00,1.95
2016.08.15 22:30:18.478,1.11861,1.11867,1.00,2.32
2016.08.15 22:30:18.529,1.11861,1.11867,1.00,2.70
2016.08.15 22:30:19.578,1.1186,1.11867,5.25,2.70
2016.08.15 22:30:22.047,1.11861,1.11867,1.00,3.07
2016.08.15 22:30:23.209,1.11861,1.11867,1.00,3.82
2016.08.15 22:30:23.311,1.11861,1.11867,2.25,4.57
2016.08.15 22:30:23.516,1.11861,1.11867,3.00,4.57
2016.08.15 22:30:24.030,1.11861,1.11867,1.50,4.57
2016.08.15 22:30:24.093,1.1186,1.11867,4.50,4.57
2016.08.15 22:30:24.195,1.1186,1.11867,3.00,4.20
2016.08.15 22:30:24.501,1.11861,1.11867,1.00,4.20
2016.08.15 22:30:26.772,1.11861,1.11867,1.00,3.45
2016.08.15 22:30:26.823,1.11861,1.11867,1.00,2.70
2016.08.15 22:30:29.122,1.11861,1.11867,2.25,1.20
2016.08.15 22:30:29.224,1.11861,1.11868,2.25,5.25
2016.08.15 22:30:29.534,1.11861,1.11868,2.25,4.12
2016.08.15 22:30:29.686,1.11861,1.11868,2.25,2.62
2016.08.15 22:30:29.858,1.11861,1.11868,2.25,4.12
2016.08.15 22:30:32.287,1.11861,1.11868,2.25,6.75
2016.08.15 22:30:33.339,1.11861,1.11867,2.25,1.10
2016.08.15 22:30:33.390,1.11861,1.11867,1.00,2.32
2016.08.15 22:30:33.492,1.1186,1.11867,4.50,1.10
2016.08.15 22:30:33.593,1.1186,1.11868,3.75,9.75
2016.08.15 22:30:33.644,1.1186,1.11867,1.50,2.70
2016.08.15 22:30:33.695,1.11861,1.11867,1.00,2.70
2016.08.15 22:30:34.052,1.11861,1.11868,1.00,7.69
2016.08.15 22:30:34.495,1.1186,1.11868,2.25,7.69
2016.08.15 22:30:34.597,1.11861,1.11867,1.00,1.95
2016.08.15 22:30:37.892,1.11861,1.11867,1.00,4.57
2016.08.15 22:30:38.096,1.1186,1.11867,2.25,4.57
2016.08.15 22:30:38.975,1.11861,1.11867,1.00,1.95
2016.08.15 22:30:39.026,1.11861,1.11867,1.00,4.57
2016.08.15 22:30:39.077,1.1186,1.11867,2.25,4.57
2016.08.15 22:30:39.128,1.1186,1.11867,1.00,4.57
2016.08.15 22:30:39.229,1.1186,1.11867,1.00,5.32
2016.08.15 22:30:39.494,1.1186,1.11867,2.25,3.07
2016.08.15 22:30:39.545,1.11861,1.11867,1.00,3.07
2016.08.15 22:30:40.952,1.11861,1.11866,1.00,1.50
2016.08.15 22:30:41.054,1.11861,1.11866,1.00,2.25
2016.08.15 22:30:41.257,1.11861,1.11867,1.00,6.82
2016.08.15 22:30:41.308,1.11861,1.11867,1.00,4.57
2016.08.15 22:30:41.359,1.11861,1.11866,1.00,1.00
2016.08.15 22:30:41.461,1.11862,1.11866,1.00,1.50
2016.08.15 22:30:42.529,1.11866,1.11868,1.50,1.12
2016.08.15 22:30:42.581,1.11867,1.11868,1.00,1.00
2016.08.15 22:30:42.632,1.11867,1.1187,1.00,3.37
2016.08.15 22:30:42.684,1.11867,1.1187,1.00,1.00
2016.08.15 22:30:42.838,1.11866,1.11872,1.00,4.31
2016.08.15 22:30:43.497,1.11866,1.11872,1.00,3.64
2016.08.15 22:30:43.597,1.11866,1.11872,1.00,3.45
2016.08.15 22:30:43.648,1.11866,1.11872,1.00,1.95
2016.08.15 22:30:44.208,1.11866,1.11872,1.00,4.39
2016.08.15 22:30:44.260,1.11866,1.11871,1.00,2.25
2016.08.15 22:30:45.328,1.11866,1.11871,1.00,3.00
2016.08.15 22:30:46.138,1.11866,1.1187,1.00,2.25
2016.08.15 22:30:46.242,1.11865,1.1187,2.25,2.25
2016.08.15 22:30:46.345,1.11865,1.1187,1.00,2.25
2016.08.15 22:30:50.693,1.11867,1.11871,1.00,2.25
2016.08.15 22:30:50.846,1.11865,1.11871,2.25,2.25
2016.08.15 22:30:53.850,1.11865,1.11871,1.00,2.25
2016.08.15 22:30:53.940,1.11864,1.11871,1.50,2.25
2016.08.15 22:30:57.606,1.11864,1.11871,1.00,2.25
2016.08.15 22:30:57.707,1.11864,1.11871,1.50,2.25
2016.08.15 22:30:58.035,1.11864,1.11871,1.00,2.25
2016.08.15 22:30:58.137,1.11864,1.11871,1.50,2.25
2016.08.15 22:30:58.797,1.11864,1.11871,1.87,2.25
2016.08.15 22:31:01.156,1.11866,1.11871,1.00,2.25
2016.08.15 22:31:04.514,1.11866,1.11871,1.12,2.25
2016.08.15 22:31:05.440,1.11866,1.11872,1.12,6.37
2016.08.15 22:31:05.745,1.11866,1.11872,1.00,6.37
2016.08.15 22:31:06.975,1.11866,1.11872,1.00,5.62
2016.08.15 22:31:07.026,1.11866,1.11872,1.00,6.37
2016.08.15 22:31:07.127,1.11865,1.11872,1.87,6.37
2016.08.15 22:31:07.678,1.11865,1.11872,1.87,5.62
2016.08.15 22:31:07.729,1.11865,1.11872,1.50,5.62
2016.08.15 22:31:08.990,1.11865,1.11872,1.50,6.37
2016.08.15 22:31:09.910,1.11865,1.11871,1.50,2.25
2016.08.15 22:31:10.165,1.11866,1.11871,1.00,2.25
2016.08.15 22:31:10.318,1.11866,1.11872,1.00,7.87
2016.08.15 22:31:10.369,1.11866,1.11871,1.00,1.00
2016.08.15 22:31:10.472,1.11864,1.11871,3.75,1.00
2016.08.15 22:31:10.574,1.11866,1.11871,1.00,1.00
2016.08.15 22:31:15.173,1.11866,1.11872,1.00,7.31
2016.08.15 22:31:16.760,1.11866,1.11872,1.00,6.56
2016.08.15 22:31:16.874,1.11866,1.11872,1.00,7.31
2016.08.15 22:31:17.077,1.11866,1.11872,1.00,6.56
2016.08.15 22:31:17.178,1.11866,1.11872,1.00,7.31
2016.08.15 22:31:18.891,1.11866,1.11872,1.00,6.56
2016.08.15 22:31:18.995,1.11866,1.11872,1.00,7.31
2016.08.15 22:31:20.728,1.11866,1.11872,1.12,7.31
2016.08.15 22:31:23.263,1.11866,1.11872,1.12,6.56
2016.08.15 22:31:23.673,1.11866,1.11872,1.12,7.31
2016.08.15 22:31:24.581,1.11866,1.11872,1.12,7.12
2016.08.15 22:31:24.944,1.11866,1.11872,1.00,7.12
2016.08.15 22:31:25.398,1.11866,1.11872,1.00,7.87
2016.08.15 22:31:26.617,1.11866,1.11872,1.00,7.12
2016.08.15 22:31:27.204,1.11866,1.11872,1.00,7.87
2016.08.15 22:31:28.200,1.11866,1.11872,1.00,6.37
2016.08.15 22:31:28.850,1.11866,1.11872,1.00,4.12
2016.08.15 22:31:29.410,1.11866,1.11872,1.00,3.37
2016.08.15 22:31:29.715,1.11866,1.11872,1.00,4.12
2016.08.15 22:31:29.991,1.11866,1.11872,1.00,3.37
2016.08.15 22:31:36.263,1.11866,1.11872,1.00,5.62
2016.08.15 22:31:36.765,1.11866,1.11872,1.00,3.37
2016.08.15 22:31:38.341,1.11866,1.11872,1.00,5.62
2016.08.15 22:31:38.646,1.11866,1.11872,1.00,4.87
2016.08.15 22:31:38.748,1.11866,1.11872,1.00,5.62
2016.08.15 22:31:39.495,1.11866,1.11872,1.00,3.37
2016.08.15 22:31:39.549,1.11866,1.11872,1.00,2.62
2016.08.15 22:31:40.108,1.11865,1.11872,2.62,3.37
2016.08.15 22:31:40.159,1.11865,1.11872,2.62,5.62
2016.08.15 22:31:40.210,1.11865,1.11872,2.25,5.62
2016.08.15 22:31:40.261,1.11865,1.11872,2.25,6.37
2016.08.15 22:31:41.136,1.11865,1.11872,2.62,6.37
2016.08.15 22:31:41.441,1.11866,1.11872,1.12,5.62
2016.08.15 22:31:42.378,1.11866,1.11872,1.12,3.37
2016.08.15 22:31:42.792,1.11866,1.11872,1.12,2.62
2016.08.15 22:31:44.536,1.11866,1.11872,1.00,2.62
2016.08.15 22:31:45.632,1.11866,1.11872,1.00,2.70
2016.08.15 22:31:46.155,1.11866,1.11872,1.00,3.45
2016.08.15 22:31:46.504,1.11866,1.11872,1.00,5.70
2016.08.15 22:31:47.811,1.11866,1.11872,1.00,3.45
2016.08.15 22:31:49.664,1.11866,1.11872,1.00,4.95
2016.08.15 22:31:49.765,1.11866,1.11872,1.00,3.45
2016.08.15 22:31:49.918,1.11865,1.11872,2.25,3.45
2016.08.15 22:31:50.021,1.11866,1.11872,1.00,3.45
2016.08.15 22:31:50.224,1.11866,1.11872,1.00,4.20
2016.08.15 22:31:50.566,1.11866,1.11872,1.00,2.70
2016.08.15 22:31:50.617,1.11866,1.11872,1.00,1.20
2016.08.15 22:31:51.045,1.11866,1.11873,1.00,10.87
2016.08.15 22:31:51.146,1.11866,1.11873,1.00,10.12
2016.08.15 22:31:51.248,1.11866,1.11873,1.00,7.12
2016.08.15 22:31:51.349,1.11866,1.11873,1.00,10.87
2016.08.15 22:31:51.568,1.11866,1.11873,1.00,9.37
2016.08.15 22:31:53.642,1.11866,1.11873,1.00,5.62
2016.08.15 22:31:53.950,1.11866,1.11873,1.00,9.37
2016.08.15 22:31:55.136,1.11866,1.11873,1.00,10.87
2016.08.15 22:31:55.677,1.11866,1.11873,1.00,7.12
2016.08.15 22:31:55.779,1.11866,1.11873,1.00,10.50
2016.08.15 22:31:56.087,1.11866,1.11873,1.00,10.87
2016.08.15 22:31:56.808,1.11866,1.11873,1.00,10.12
2016.08.15 22:31:56.859,1.11866,1.11873,1.00,8.62
2016.08.15 22:31:57.463,1.11866,1.11873,1.00,4.87
2016.08.15 22:31:57.661,1.11866,1.11873,1.00,8.62
2016.08.15 22:31:58.764,1.11866,1.11873,1.00,4.87
2016.08.15 22:31:58.867,1.11866,1.11873,1.00,8.62
2016.08.15 22:31:59.789,1.11866,1.11873,1.12,4.87
2016.08.15 22:31:59.890,1.11866,1.11873,1.12,8.62
2016.08.15 22:32:00.409,1.11867,1.11873,1.00,7.50
2016.08.15 22:32:00.461,1.11867,1.11873,1.00,6.07
2016.08.15 22:32:00.715,1.11867,1.11873,1.00,5.70
2016.08.15 22:32:02.570,1.11867,1.11873,1.00,6.07
2016.08.15 22:32:04.660,1.11867,1.11873,1.00,3.07
2016.08.15 22:32:05.132,1.11867,1.11873,1.00,6.07
2016.08.15 22:32:06.193,1.11867,1.11873,1.00,3.07
2016.08.15 22:32:06.408,1.11867,1.11873,1.00,6.07
2016.08.15 22:32:09.896,1.11867,1.11873,1.00,8.32
2016.08.15 22:32:09.947,1.11866,1.11873,3.00,9.07
2016.08.15 22:32:09.997,1.11866,1.11873,3.00,5.32
2016.08.15 22:32:10.048,1.11866,1.11872,2.25,1.12
2016.08.15 22:32:10.424,1.11866,1.11872,1.00,1.12
2016.08.15 22:32:11.456,1.11866,1.11873,1.50,10.57
2016.08.15 22:32:12.343,1.11866,1.11873,2.25,10.57
2016.08.15 22:32:12.699,1.11866,1.11873,3.00,10.57
2016.08.15 22:32:13.178,1.11866,1.11873,3.00,6.82
2016.08.15 22:32:13.229,1.11866,1.11873,3.00,10.57
2016.08.15 22:32:13.331,1.11866,1.11873,3.00,6.82
2016.08.15 22:32:13.433,1.11866,1.11873,3.00,10.57
2016.08.15 22:32:13.585,1.11866,1.11873,3.00,10.87
2016.08.15 22:32:13.637,1.11866,1.11873,3.00,7.12
2016.08.15 22:32:13.803,1.11866,1.11873,3.00,10.87
2016.08.15 22:32:14.458,1.11866,1.11873,3.00,7.12
2016.08.15 22:32:14.509,1.11866,1.11873,3.00,10.87
2016.08.15 22:32:15.342,1.11866,1.11873,3.00,11.62
2016.08.15 22:32:18.225,1.11866,1.11873,1.50,11.62
2016.08.15 22:32:18.710,1.11866,1.11873,1.50,7.12
2016.08.15 22:32:18.812,1.11866,1.11873,1.50,11.62
2016.08.15 22:32:19.022,1.11866,1.11873,1.50,7.12
2016.08.15 22:32:19.299,1.11866,1.11873,1.50,11.62
2016.08.15 22:32:19.412,1.11866,1.11873,1.50,7.12
2016.08.15 22:32:19.522,1.11866,1.11873,1.50,11.62
2016.08.15 22:32:20.526,1.11866,1.11873,1.50,7.87
2016.08.15 22:32:21.172,1.11866,1.11873,1.50,12.37
2016.08.15 22:32:21.223,1.11866,1.11873,1.50,7.87
2016.08.15 22:32:21.492,1.11866,1.11872,1.50,1.50
2016.08.15 22:32:27.391,1.11866,1.11873,1.50,13.12
2016.08.15 22:32:31.424,1.11866,1.11872,1.50,2.25
2016.08.15 22:32:36.356,1.11867,1.11873,1.00,8.62
2016.08.15 22:32:36.407,1.11866,1.11873,1.50,9.37
2016.08.15 22:32:36.666,1.11866,1.11873,1.50,5.62
2016.08.15 22:32:36.768,1.11866,1.11873,1.50,9.37
2016.08.15 22:32:38.368,1.11866,1.11873,2.25,5.62
2016.08.15 22:32:38.470,1.11866,1.11873,2.25,9.37
2016.08.15 22:32:38.774,1.11867,1.11873,1.00,9.37
2016.08.15 22:32:38.876,1.11867,1.11873,1.50,9.37
2016.08.15 22:32:39.119,1.11867,1.11873,1.00,9.37
2016.08.15 22:32:39.219,1.11866,1.11873,1.50,8.62
2016.08.15 22:32:39.981,1.11867,1.11873,1.00,7.87
2016.08.15 22:32:40.032,1.11867,1.11873,1.00,7.50
2016.08.15 22:32:40.083,1.11867,1.11873,1.00,8.25
2016.08.15 22:32:40.572,1.11866,1.11873,3.00,8.25
2016.08.15 22:32:40.623,1.11866,1.11873,2.25,9.37
2016.08.15 22:32:40.674,1.11866,1.11872,2.25,1.50
2016.08.15 22:32:40.878,1.11866,1.11873,3.00,11.62
2016.08.15 22:32:40.980,1.11866,1.11872,2.25,1.50
2016.08.15 22:32:42.220,1.11866,1.11873,3.00,11.62
2016.08.15 22:32:42.322,1.11866,1.11872,2.25,1.50
2016.08.15 22:32:42.964,1.11866,1.11872,1.00,1.50
2016.08.15 22:32:43.218,1.11866,1.11873,1.00,10.50
2016.08.15 22:32:43.270,1.11866,1.11873,1.12,4.87
2016.08.15 22:32:43.526,1.11866,1.11873,1.87,9.37
2016.08.15 22:32:44.251,1.11866,1.11873,3.37,9.37
2016.08.15 22:32:44.353,1.11866,1.11873,2.62,8.62
2016.08.15 22:32:44.404,1.11866,1.11873,2.62,4.87
2016.08.15 22:32:44.455,1.11866,1.11873,1.87,4.87
2016.08.15 22:32:44.583,1.11866,1.11873,1.87,8.62
2016.08.15 22:32:45.788,1.11866,1.11873,1.87,4.87
2016.08.15 22:32:45.891,1.11866,1.11873,1.87,8.62
