2007.12.12 14:00:01.228,1.47126,1.47136,4.80,10.30
2007.12.12 14:00:01.617,1.47116,1.47121,6.40,10.20
2007.12.12 14:00:01.669,1.47101,1.47111,1.00,2.40
2007.12.12 14:00:01.697,1.4709,1.471,7.20,7.30
2007.12.12 14:00:01.750,1.47081,1.47091,3.00,9.00
2007.12.12 14:00:01.844,1.47079,1.47083,7.20,19.60
2007.12.12 14:00:04.391,1.47071,1.47086,11.40,4.80
2007.12.12 14:00:04.849,1.47069,1.47085,7.30,4.20
2007.12.12 14:00:04.953,1.47069,1.47085,10.80,2.40
2007.12.12 14:00:05.055,1.47074,1.47084,2.40,2.40
2007.12.12 14:00:05.160,1.47079,1.47083,7.40,2.40
2007.12.12 14:00:06.525,1.47078,1.47088,6.60,5.70
2007.12.12 14:00:06.913,1.47082,1.47086,2.40,11.40
2007.12.12 14:00:08.268,1.47084,1.47088,1.80,2.40
2007.12.12 14:00:08.981,1.47077,1.47093,5.40,4.80
2007.12.12 14:00:09.591,1.47076,1.4709,6.60,10.20
2007.12.12 14:00:09.900,1.47074,1.47078,15.60,6.00
2007.12.12 14:00:10.500,1.4706,1.47076,3.60,4.80
2007.12.12 14:00:12.046,1.47052,1.47062,10.20,6.60
2007.12.12 14:00:16.953,1.4704,1.4705,2.40,8.80
2007.12.12 14:00:17.161,1.47038,1.47043,2.40,2.40
2007.12.12 14:00:17.369,1.47043,1.47048,22.80,7.20
2007.12.12 14:00:17.489,1.47052,1.47056,3.60,3.00
2007.12.12 14:00:17.575,1.47056,1.47066,6.60,4.80
2007.12.12 14:00:17.784,1.47064,1.47074,10.60,1.20
2007.12.12 14:00:18.081,1.47066,1.47082,2.40,1.80
2007.12.12 14:00:19.933,1.47073,1.47083,3.00,1.80
2007.12.12 14:00:25.113,1.47072,1.47088,7.80,4.80
2007.12.12 14:00:30.817,1.47078,1.47084,6.30,2.40
2007.12.12 14:00:32.392,1.47077,1.47087,2.20,1.00
2007.12.12 14:00:34.394,1.47078,1.47082,2.40,4.80
2007.12.12 14:00:34.899,1.47074,1.47084,9.00,1.80
2007.12.12 14:00:35.338,1.47075,1.47085,9.00,2.40
2007.12.12 14:00:40.792,1.47076,1.47086,15.00,11.40
2007.12.12 14:00:41.125,1.47079,1.47085,10.20,4.80
2007.12.12 14:00:41.292,1.47078,1.47088,5.40,1.20
2007.12.12 14:00:50.180,1.47082,1.47086,11.40,9.60
2007.12.12 14:00:50.556,1.47082,1.47087,5.40,16.80
2007.12.12 14:00:50.779,1.47081,1.47091,14.50,1.20
2007.12.12 14:00:51.004,1.47081,1.47091,6.00,1.00
2007.12.12 14:00:51.228,1.4708,1.4709,6.60,2.40
2007.12.12 14:00:51.452,1.4708,1.4709,2.50,13.80
2007.12.12 14:00:51.677,1.47084,1.47089,8.40,2.40
2007.12.12 14:00:51.897,1.4708,1.47095,12.00,4.80
2007.12.12 14:00:52.121,1.47082,1.47097,1.00,3.90
2007.12.12 14:00:52.347,1.47086,1.47096,8.70,2.40
2007.12.12 14:00:56.261,1.4709,1.471,3.00,1.00
2007.12.12 14:00:57.172,1.47093,1.47103,10.20,4.80
2007.12.12 14:01:01.298,1.47099,1.47109,6.00,13.20
2007.12.12 14:01:01.460,1.47105,1.47115,2.40,1.80
2007.12.12 14:01:01.554,1.47113,1.47123,2.40,11.40
2007.12.12 14:01:02.178,1.47118,1.47128,2.40,8.80
2007.12.12 14:01:02.414,1.47123,1.47133,6.60,5.40
2007.12.12 14:01:02.790,1.47124,1.47139,6.00,2.40
2007.12.12 14:01:04.414,1.47128,1.47143,6.60,21.00
2007.12.12 14:01:04.534,1.47134,1.4714,3.00,17.10
2007.12.12 14:01:04.654,1.47136,1.47141,9.60,4.20
2007.12.12 14:01:04.881,1.47133,1.47148,11.40,4.20
2007.12.12 14:01:05.014,1.47137,1.47147,4.80,8.40
2007.12.12 14:01:05.598,1.47139,1.47149,10.00,1.00
2007.12.12 14:01:05.718,1.47138,1.47148,1.00,12.40
2007.12.12 14:01:05.838,1.47134,1.47149,2.40,6.00
2007.12.12 14:01:13.598,1.47133,1.47148,5.40,11.20
2007.12.12 14:01:13.809,1.47132,1.47147,9.00,4.80
2007.12.12 14:01:15.334,1.47132,1.47147,3.60,6.00
2007.12.12 14:01:15.489,1.47138,1.47144,4.20,5.10
2007.12.12 14:01:15.962,1.47139,1.47149,7.20,4.80
2007.12.12 14:01:16.110,1.47143,1.47153,12.60,9.00
2007.12.12 14:01:16.413,1.47149,1.47159,3.00,5.30
2007.12.12 14:01:16.561,1.47155,1.4717,9.00,26.40
2007.12.12 14:01:16.708,1.47172,1.47176,9.00,4.80
2007.12.12 14:01:18.461,1.47183,1.47193,13.60,2.40
2007.12.12 14:01:18.706,1.47202,1.47207,10.80,3.00
2007.12.12 14:01:18.744,1.47217,1.47221,16.90,2.40
2007.12.12 14:01:18.974,1.47219,1.47233,2.40,11.30
2007.12.12 14:01:19.011,1.47211,1.47227,3.60,10.30
2007.12.12 14:01:19.058,1.47202,1.47217,2.40,6.00
2007.12.12 14:01:19.097,1.47192,1.47207,9.60,5.00
2007.12.12 14:01:19.397,1.47182,1.47197,12.60,8.40
2007.12.12 14:01:20.528,1.47174,1.47184,5.40,5.40
2007.12.12 14:01:21.477,1.47164,1.47174,1.20,2.40
2007.12.12 14:01:21.801,1.47155,1.47165,6.00,4.20
2007.12.12 14:01:22.129,1.47147,1.47157,6.00,13.20
2007.12.12 14:01:22.456,1.47138,1.47153,7.20,7.40
2007.12.12 14:01:22.518,1.4713,1.47146,24.10,13.80
2007.12.12 14:01:22.632,1.47132,1.47137,9.00,3.00
2007.12.12 14:01:22.694,1.47122,1.47138,8.40,3.10
2007.12.12 14:01:22.810,1.47122,1.47132,12.00,2.70
2007.12.12 14:01:22.870,1.47122,1.47132,1.80,3.00
2007.12.12 14:01:22.986,1.47123,1.47129,6.00,8.40
2007.12.12 14:01:23.046,1.47122,1.47127,9.60,10.20
2007.12.12 14:01:23.159,1.4712,1.4713,2.40,6.60
2007.12.12 14:01:23.276,1.47122,1.47132,1.80,6.00
2007.12.12 14:01:23.376,1.47121,1.47136,24.00,3.00
2007.12.12 14:01:23.507,1.47127,1.47132,5.80,6.40
2007.12.12 14:01:29.741,1.47128,1.47132,4.80,4.80
2007.12.12 14:01:32.412,1.47127,1.47132,18.30,10.20
2007.12.12 14:01:33.154,1.47123,1.47133,6.00,2.40
2007.12.12 14:01:33.493,1.47123,1.47133,14.70,7.20
2007.12.12 14:01:33.834,1.47123,1.47133,2.40,1.00
2007.12.12 14:01:34.611,1.47126,1.47131,2.40,4.80
2007.12.12 14:01:34.755,1.47127,1.47133,10.60,14.20
2007.12.12 14:01:34.838,1.47129,1.47134,3.00,4.20
2007.12.12 14:01:35.060,1.47129,1.47134,3.00,1.00
2007.12.12 14:01:35.286,1.47121,1.47141,10.20,12.00
2007.12.12 14:01:35.388,1.4712,1.4714,10.80,3.00
2007.12.12 14:01:35.898,1.47124,1.47134,4.80,7.20
2007.12.12 14:01:36.002,1.47125,1.4713,7.20,12.60
2007.12.12 14:01:36.105,1.47122,1.47132,2.40,3.30
2007.12.12 14:01:36.397,1.47121,1.47131,9.60,3.00
2007.12.12 14:01:40.200,1.47116,1.47132,3.00,8.80
2007.12.12 14:01:40.790,1.47118,1.47128,6.00,72.60
2007.12.12 14:01:40.884,1.47115,1.47125,2.40,1.20
2007.12.12 14:01:41.306,1.47114,1.47124,10.20,1.00
2007.12.12 14:01:41.630,1.47109,1.47119,31.00,6.00
2007.12.12 14:01:41.961,1.47107,1.47112,3.00,15.30
2007.12.12 14:01:42.322,1.47101,1.47106,6.60,5.40
2007.12.12 14:01:42.416,1.47091,1.47101,4.20,2.40
2007.12.12 14:01:42.500,1.47082,1.47092,4.80,6.60
2007.12.12 14:01:42.577,1.47072,1.47082,1.80,7.80
2007.12.12 14:01:42.678,1.47062,1.47072,10.20,4.80
2007.12.12 14:01:42.824,1.47052,1.47062,2.40,2.70
2007.12.12 14:01:45.338,1.47037,1.47052,1.20,4.80
2007.12.12 14:01:45.676,1.47037,1.47047,22.80,3.00
2007.12.12 14:01:46.794,1.47046,1.47056,16.90,2.40
2007.12.12 14:01:46.942,1.47059,1.47063,18.60,2.40
2007.12.12 14:01:47.090,1.47069,1.47074,18.60,6.00
2007.12.12 14:01:47.238,1.47076,1.47086,2.40,3.00
2007.12.12 14:01:47.386,1.47087,1.47097,1.00,13.00
2007.12.12 14:01:47.534,1.471,1.47105,2.40,1.20
2007.12.12 14:01:47.814,1.4711,1.47115,6.00,4.20
2007.12.12 14:01:47.910,1.47119,1.47125,1.80,4.80
2007.12.12 14:01:49.310,1.47126,1.47136,4.00,7.20
2007.12.12 14:01:49.511,1.47134,1.47144,6.00,4.80
2007.12.12 14:01:49.770,1.47141,1.47151,2.40,1.00
2007.12.12 14:01:50.026,1.47148,1.47158,1.20,3.00
2007.12.12 14:01:50.282,1.47153,1.47163,7.30,4.20
2007.12.12 14:01:50.537,1.4716,1.47165,6.60,11.70
2007.12.12 14:01:50.781,1.47163,1.47168,24.00,1.00
2007.12.12 14:01:52.076,1.47161,1.47171,2.40,1.80
2007.12.12 14:01:52.403,1.47162,1.47172,9.00,3.00
2007.12.12 14:01:52.904,1.47163,1.47168,18.60,4.80
2007.12.12 14:01:53.598,1.47159,1.47169,3.00,2.40
2007.12.12 14:01:53.774,1.47157,1.47167,26.80,2.40
2007.12.12 14:01:55.074,1.4716,1.47166,18.00,1.20
2007.12.12 14:01:55.758,1.4716,1.4717,9.00,1.00
2007.12.12 14:01:56.341,1.47161,1.47176,15.00,9.10
2007.12.12 14:01:56.653,1.47166,1.47181,1.20,12.00
2007.12.12 14:01:56.910,1.47177,1.47187,15.60,6.60
2007.12.12 14:01:57.153,1.47188,1.47198,4.80,16.30
2007.12.12 14:01:57.397,1.47199,1.47209,4.80,8.40
2007.12.12 14:01:57.642,1.47211,1.47221,4.80,12.00
2007.12.12 14:01:57.885,1.47217,1.47227,7.20,1.20
2007.12.12 14:02:01.091,1.47178,1.47188,28.60,7.20
2007.12.12 14:02:01.299,1.47181,1.47191,10.20,7.20
2007.12.12 14:02:01.506,1.47188,1.47193,6.60,2.40
2007.12.12 14:02:04.170,1.47192,1.47197,11.40,13.80
2007.12.12 14:02:04.707,1.47196,1.47201,10.80,7.90
2007.12.12 14:02:04.905,1.47196,1.47201,6.60,8.40
2007.12.12 14:02:05.005,1.47197,1.47202,6.60,6.60
2007.12.12 14:02:07.091,1.47196,1.47206,21.90,2.40
2007.12.12 14:02:07.609,1.47196,1.47206,11.40,6.60
2007.12.12 14:02:08.593,1.47195,1.47205,2.40,9.10
2007.12.12 14:02:09.196,1.47194,1.47204,3.60,5.40
2007.12.12 14:02:09.501,1.47195,1.472,1.00,12.40
2007.12.12 14:02:10.380,1.47191,1.47201,14.40,2.40
2007.12.12 14:02:10.768,1.47191,1.47201,22.90,3.90
2007.12.12 14:02:11.320,1.47196,1.472,4.20,6.00
2007.12.12 14:02:11.867,1.47197,1.47201,19.40,5.40
2007.12.12 14:02:12.216,1.47197,1.47203,14.60,5.40
2007.12.12 14:02:12.565,1.47199,1.47204,8.40,4.80
2007.12.12 14:02:12.740,1.47198,1.47208,5.40,15.00
2007.12.12 14:02:12.916,1.47202,1.47207,4.20,8.40
2007.12.12 14:02:14.145,1.47201,1.47211,2.40,1.00
2007.12.12 14:02:20.167,1.47205,1.47215,5.40,12.00
2007.12.12 14:02:20.392,1.47209,1.47219,9.00,2.40
2007.12.12 14:02:20.620,1.47214,1.47224,12.00,3.00
2007.12.12 14:02:20.991,1.47221,1.47231,0.75,4.80
2007.12.12 14:02:21.180,1.47233,1.47237,4.80,7.20
2007.12.12 14:02:21.369,1.47239,1.47249,5.40,7.00
2007.12.12 14:02:21.573,1.47252,1.47256,1.50,3.60
2007.12.12 14:02:21.977,1.4726,1.4727,4.80,13.20
2007.12.12 14:02:22.059,1.47273,1.47283,7.80,11.70
2007.12.12 14:02:22.197,1.47287,1.47297,6.60,2.40
2007.12.12 14:02:22.416,1.47302,1.47306,2.40,11.20
2007.12.12 14:02:22.633,1.47305,1.4731,8.40,2.40
2007.12.12 14:02:22.909,1.47298,1.47302,1.20,2.40
2007.12.12 14:02:23.167,1.47285,1.47295,1.00,8.40
2007.12.12 14:02:23.426,1.47275,1.47285,8.40,2.40
2007.12.12 14:02:25.873,1.47262,1.47277,6.30,4.80
2007.12.12 14:02:26.181,1.47255,1.47265,2.40,14.40
2007.12.12 14:02:26.425,1.47246,1.47256,6.60,4.80
2007.12.12 14:02:26.669,1.47238,1.47248,1.80,2.40
2007.12.12 14:02:27.153,1.4723,1.4724,8.40,34.20
2007.12.12 14:02:27.279,1.47222,1.47232,12.60,1.20
2007.12.12 14:02:27.533,1.47213,1.47223,1.00,2.40
2007.12.12 14:02:27.661,1.47201,1.47216,17.40,4.20
2007.12.12 14:02:27.913,1.4719,1.47205,6.00,1.00
2007.12.12 14:02:28.040,1.47182,1.47187,2.40,10.20
2007.12.12 14:02:28.169,1.47166,1.47176,4.80,4.30
2007.12.12 14:02:28.289,1.47147,1.47161,25.20,5.50
2007.12.12 14:02:28.636,1.47129,1.47145,1.00,10.20
2007.12.12 14:02:28.985,1.47114,1.47128,6.00,18.60
2007.12.12 14:02:29.323,1.47106,1.4712,1.00,7.20
2007.12.12 14:02:29.809,1.47111,1.47121,10.20,11.70
2007.12.12 14:02:29.973,1.4712,1.4713,6.00,6.00
2007.12.12 14:02:30.137,1.47128,1.47142,22.80,9.00
2007.12.12 14:02:30.301,1.4714,1.4715,4.80,2.40
2007.12.12 14:02:30.581,1.47144,1.47159,5.40,1.00
2007.12.12 14:02:31.640,1.47152,1.47167,13.20,2.40
2007.12.12 14:02:31.964,1.47159,1.47175,7.80,4.80
2007.12.12 14:02:32.289,1.47169,1.47179,15.00,7.80
2007.12.12 14:02:32.565,1.47176,1.47182,2.40,9.60
2007.12.12 14:02:33.440,1.47178,1.47188,6.60,4.80
2007.12.12 14:02:33.768,1.4718,1.47195,7.80,8.40
2007.12.12 14:02:34.097,1.47189,1.47193,12.00,3.00
2007.12.12 14:02:34.534,1.47191,1.47195,2.40,2.40
2007.12.12 14:02:34.665,1.47191,1.47197,26.50,8.40
2007.12.12 14:02:34.779,1.47193,1.47197,6.60,2.40
2007.12.12 14:02:35.018,1.47191,1.47201,2.40,9.00
2007.12.12 14:02:36.677,1.47194,1.47204,10.20,3.00
2007.12.12 14:02:36.833,1.47195,1.47205,5.40,7.30
2007.12.12 14:02:36.989,1.47199,1.47209,2.40,8.40
2007.12.12 14:02:43.940,1.47204,1.47214,3.60,7.90
2007.12.12 14:02:44.290,1.4721,1.47215,2.40,1.00
2007.12.12 14:02:44.694,1.4721,1.4722,5.40,4.20
2007.12.12 14:02:44.915,1.47211,1.47221,1.20,7.80
2007.12.12 14:02:45.033,1.47216,1.47221,2.40,15.10
2007.12.12 14:02:45.108,1.47218,1.47228,3.00,4.10
2007.12.12 14:02:45.137,1.47222,1.47232,26.40,4.80
2007.12.12 14:02:45.237,1.47223,1.47238,35.40,1.20
2007.12.12 14:02:45.324,1.47229,1.47239,3.60,9.70
2007.12.12 14:02:45.357,1.47235,1.4724,5.40,5.40
2007.12.12 14:02:45.555,1.4724,1.47245,9.40,2.40
2007.12.12 14:02:45.759,1.47242,1.47252,7.80,1.20
2007.12.12 14:02:45.814,1.47246,1.47256,6.00,5.40
2007.12.12 14:02:52.380,1.47252,1.47258,5.80,6.40
2007.12.12 14:02:54.918,1.47255,1.4726,5.40,7.20
2007.12.12 14:03:05.596,1.4726,1.4727,13.90,7.80
2007.12.12 14:03:06.693,1.47269,1.47279,4.80,9.60
2007.12.12 14:03:07.573,1.47278,1.47288,15.90,3.30
2007.12.12 14:03:07.890,1.47285,1.47295,15.60,9.10
2007.12.12 14:03:08.206,1.47295,1.473,11.40,3.00
2007.12.12 14:03:08.314,1.47299,1.47309,4.80,27.60
2007.12.12 14:03:08.423,1.47306,1.47311,10.20,4.80
2007.12.12 14:03:09.230,1.47305,1.47315,1.00,22.50
2007.12.12 14:03:09.445,1.47308,1.47313,6.00,11.50
2007.12.12 14:03:09.489,1.47306,1.47316,10.20,4.80
2007.12.12 14:03:09.573,1.47304,1.47314,5.40,9.90
2007.12.12 14:03:09.617,1.47302,1.47312,2.40,4.50
2007.12.12 14:03:11.194,1.47298,1.47313,5.40,4.80
2007.12.12 14:03:11.734,1.47298,1.47313,4.80,5.20
2007.12.12 14:03:12.013,1.47302,1.47307,9.00,10.50
2007.12.12 14:03:13.510,1.47298,1.47308,2.40,5.40
2007.12.12 14:03:13.793,1.47299,1.47304,7.60,6.00
2007.12.12 14:03:14.099,1.47293,1.47308,1.20,4.20
2007.12.12 14:03:14.418,1.47294,1.47309,8.40,8.40
2007.12.12 14:03:14.732,1.473,1.47305,10.80,10.90
2007.12.12 14:03:14.832,1.47299,1.47304,4.80,12.60
2007.12.12 14:03:15.032,1.47298,1.47303,6.00,6.00
2007.12.12 14:03:15.134,1.47297,1.47302,2.40,2.40
2007.12.12 14:03:15.236,1.47296,1.47301,6.00,15.00
2007.12.12 14:03:16.295,1.47291,1.47301,2.40,10.30
2007.12.12 14:03:16.699,1.47286,1.47296,6.00,6.10
2007.12.12 14:03:17.102,1.47281,1.47291,3.00,6.40
2007.12.12 14:03:17.442,1.47277,1.47287,1.00,2.40
2007.12.12 14:03:17.782,1.47275,1.4728,2.40,18.60
2007.12.12 14:03:18.262,1.47274,1.47278,14.40,4.20
2007.12.12 14:03:18.287,1.47269,1.47279,3.60,7.80
2007.12.12 14:03:20.571,1.47263,1.47279,7.80,4.80
2007.12.12 14:03:23.756,1.47259,1.47274,9.60,4.80
2007.12.12 14:03:24.409,1.47255,1.47269,6.00,2.40
2007.12.12 14:03:24.750,1.47248,1.47264,2.40,3.00
2007.12.12 14:03:25.103,1.47239,1.47255,2.40,20.60
2007.12.12 14:03:25.169,1.47232,1.47247,4.80,11.00
2007.12.12 14:03:25.302,1.47224,1.47239,7.30,4.20
2007.12.12 14:03:25.436,1.47226,1.47236,16.90,2.40
2007.12.12 14:03:25.601,1.47236,1.47246,7.20,7.80
2007.12.12 14:03:25.808,1.47246,1.47256,3.60,5.40
2007.12.12 14:03:29.495,1.47255,1.47265,3.60,3.40
2007.12.12 14:03:29.928,1.47262,1.47272,5.40,5.40
2007.12.12 14:03:30.254,1.47267,1.47281,3.00,1.80
2007.12.12 14:03:30.578,1.47274,1.47284,1.60,4.80
2007.12.12 14:03:30.903,1.47278,1.47288,3.00,1.90
2007.12.12 14:03:31.574,1.47278,1.47293,2.40,9.30
2007.12.12 14:03:31.695,1.47282,1.47292,7.20,2.40
2007.12.12 14:03:31.930,1.47285,1.47295,3.00,17.10
2007.12.12 14:03:32.323,1.47286,1.47296,1.00,8.80
2007.12.12 14:03:32.598,1.47288,1.47298,3.00,12.90
2007.12.12 14:03:32.874,1.47289,1.47299,2.40,11.70
2007.12.12 14:03:33.375,1.47288,1.47302,13.60,2.40
2007.12.12 14:03:34.051,1.47291,1.47301,4.80,12.60
2007.12.12 14:03:35.124,1.47296,1.47306,4.80,2.40
2007.12.12 14:03:35.209,1.47301,1.47311,24.00,13.80
2007.12.12 14:03:35.279,1.47302,1.47317,5.70,1.00
2007.12.12 14:03:35.456,1.47303,1.47318,10.80,1.00
2007.12.12 14:03:35.745,1.47307,1.47317,3.00,2.70
2007.12.12 14:03:36.134,1.47306,1.47321,10.20,12.00
2007.12.12 14:03:36.607,1.47313,1.47318,6.10,2.50
2007.12.12 14:03:39.129,1.47309,1.47324,6.00,15.00
2007.12.12 14:03:40.015,1.47314,1.47324,2.40,6.00
2007.12.12 14:03:40.378,1.47318,1.47323,7.90,10.20
2007.12.12 14:03:40.562,1.47319,1.47324,4.90,5.40
2007.12.12 14:03:40.746,1.4732,1.4733,9.00,2.40
2007.12.12 14:03:40.930,1.47322,1.47337,4.80,29.50
2007.12.12 14:03:41.170,1.47326,1.47341,2.40,6.90
2007.12.12 14:03:41.409,1.47336,1.47346,17.40,6.60
2007.12.12 14:03:41.658,1.47344,1.47354,8.40,1.80
2007.12.12 14:03:41.899,1.47351,1.47367,12.60,9.70
2007.12.12 14:03:42.597,1.4736,1.47375,15.00,4.80
2007.12.12 14:03:42.835,1.47361,1.47377,4.80,7.20
2007.12.12 14:03:42.921,1.47356,1.47362,9.60,1.00
2007.12.12 14:03:43.090,1.4734,1.47355,5.40,7.80
2007.12.12 14:03:43.599,1.47329,1.47344,10.80,11.80
2007.12.12 14:03:44.490,1.47323,1.47333,13.20,3.00
2007.12.12 14:03:44.879,1.47315,1.47325,11.40,15.00
2007.12.12 14:03:45.075,1.47308,1.47318,8.40,6.00
2007.12.12 14:03:45.944,1.47303,1.47313,7.20,23.20
2007.12.12 14:03:46.186,1.47298,1.47308,2.40,11.10
2007.12.12 14:03:46.426,1.47295,1.47309,1.20,34.40
2007.12.12 14:03:46.666,1.47294,1.47308,10.80,2.40
2007.12.12 14:03:46.906,1.47292,1.47307,7.20,2.40
2007.12.12 14:03:47.227,1.47291,1.47305,6.00,4.20
2007.12.12 14:03:47.547,1.47289,1.47305,6.00,5.40
2007.12.12 14:03:47.866,1.47288,1.47304,7.20,7.00
2007.12.12 14:03:48.186,1.47289,1.47305,29.00,1.00
2007.12.12 14:03:48.404,1.47293,1.47303,15.40,8.40
2007.12.12 14:03:49.150,1.47292,1.47306,5.40,10.90
2007.12.12 14:03:49.914,1.47294,1.47304,3.00,6.00
2007.12.12 14:03:50.222,1.47295,1.47305,10.80,9.40
2007.12.12 14:03:50.318,1.47299,1.47303,12.60,10.60
2007.12.12 14:03:51.982,1.47296,1.47306,11.40,3.10
2007.12.12 14:03:52.208,1.47294,1.47304,1.20,9.10
2007.12.12 14:03:52.548,1.4729,1.47305,7.80,8.40
2007.12.12 14:03:52.887,1.47289,1.47304,1.80,7.60
2007.12.12 14:03:52.993,1.47291,1.47296,2.40,11.40
2007.12.12 14:03:53.230,1.47281,1.47296,14.40,24.60
2007.12.12 14:03:53.562,1.47276,1.47291,1.00,10.20
2007.12.12 14:03:53.729,1.47271,1.47286,8.40,34.20
2007.12.12 14:03:53.900,1.47267,1.47282,4.80,2.40
2007.12.12 14:03:54.070,1.47268,1.47278,2.40,1.00
2007.12.12 14:03:54.554,1.47264,1.47279,21.00,6.60
2007.12.12 14:03:54.798,1.47263,1.47278,1.00,4.80
2007.12.12 14:03:55.040,1.47266,1.47276,4.80,2.40
2007.12.12 14:03:55.318,1.47269,1.47279,14.40,12.90
2007.12.12 14:03:55.595,1.4727,1.4728,13.80,4.80
2007.12.12 14:03:56.142,1.47276,1.47286,11.40,1.80
2007.12.12 14:03:56.418,1.47279,1.47294,2.40,1.00
2007.12.12 14:03:56.506,1.47288,1.47303,3.60,9.00
2007.12.12 14:03:56.676,1.47298,1.47313,3.00,8.40
2007.12.12 14:03:56.770,1.47309,1.47324,2.40,7.90
2007.12.12 14:03:56.955,1.47323,1.47338,5.40,8.20
2007.12.12 14:03:57.210,1.47335,1.4735,16.20,14.40
2007.12.12 14:03:57.814,1.47348,1.47354,6.00,9.10
2007.12.12 14:04:03.101,1.47369,1.47379,5.40,3.00
2007.12.12 14:04:07.585,1.47374,1.47384,9.00,4.80
2007.12.12 14:04:07.997,1.47382,1.47392,9.00,1.00
2007.12.12 14:04:08.205,1.4739,1.47395,4.80,2.40
2007.12.12 14:04:08.953,1.47389,1.47404,16.80,9.00
2007.12.12 14:04:09.138,1.47394,1.47409,4.80,14.20
2007.12.12 14:04:09.481,1.47401,1.47411,11.40,1.00
2007.12.12 14:04:11.447,1.47402,1.47412,2.40,1.10
2007.12.12 14:04:11.731,1.47403,1.47413,7.20,11.70
2007.12.12 14:04:12.018,1.47404,1.47414,7.20,4.80
2007.12.12 14:04:12.317,1.47406,1.47416,6.00,5.40
2007.12.12 14:04:12.726,1.47405,1.4742,3.00,7.80
2007.12.12 14:04:13.472,1.47406,1.47421,15.00,7.20
2007.12.12 14:04:13.814,1.47409,1.47419,4.80,4.80
2007.12.12 14:04:14.154,1.47405,1.4742,12.00,4.20
2007.12.12 14:04:14.494,1.47404,1.47419,17.40,3.00
2007.12.12 14:04:14.882,1.47403,1.47418,8.40,8.40
2007.12.12 14:04:15.077,1.47404,1.47414,5.40,7.80
2007.12.12 14:04:15.273,1.47402,1.47412,4.80,3.00
2007.12.12 14:04:15.469,1.47395,1.4741,5.40,1.80
2007.12.12 14:04:15.665,1.47397,1.47407,2.40,4.80
2007.12.12 14:04:15.969,1.47393,1.47408,5.40,6.60
2007.12.12 14:04:16.073,1.47396,1.47406,12.00,1.00
2007.12.12 14:04:16.178,1.47395,1.47411,2.40,1.20
2007.12.12 14:04:16.282,1.47401,1.47416,6.00,1.00
2007.12.12 14:04:17.572,1.47407,1.47422,10.20,4.80
2007.12.12 14:04:18.033,1.47416,1.47431,6.00,8.70
2007.12.12 14:04:18.221,1.47427,1.47442,3.00,2.70
2007.12.12 14:04:18.318,1.47444,1.47454,10.80,6.60
2007.12.12 14:04:18.597,1.4746,1.4747,9.00,4.80
2007.12.12 14:04:18.693,1.47475,1.47485,12.60,1.80
2007.12.12 14:04:18.788,1.4748,1.4749,4.80,8.40
2007.12.12 14:04:19.065,1.47476,1.47482,1.20,7.20
2007.12.12 14:04:19.340,1.47462,1.47476,4.80,26.80
2007.12.12 14:04:19.616,1.47455,1.4746,4.80,4.80
2007.12.12 14:04:19.958,1.47442,1.47452,4.80,11.40
2007.12.12 14:04:20.049,1.4743,1.47446,4.80,15.70
2007.12.12 14:04:20.142,1.47425,1.47435,16.20,14.40
2007.12.12 14:04:20.855,1.47418,1.47428,4.80,4.80
2007.12.12 14:04:20.976,1.4741,1.47425,8.40,4.80
2007.12.12 14:04:22.001,1.47405,1.4742,2.40,1.20
2007.12.12 14:04:23.755,1.47401,1.47417,2.40,3.60
2007.12.12 14:04:24.702,1.47397,1.47412,7.20,1.80
2007.12.12 14:04:24.790,1.47393,1.47409,4.20,9.00
2007.12.12 14:04:27.552,1.47392,1.47407,22.20,3.00
2007.12.12 14:04:30.630,1.4739,1.47405,6.90,7.20
2007.12.12 14:04:31.213,1.47389,1.47404,2.40,1.00
2007.12.12 14:04:31.315,1.47387,1.47402,6.60,7.20
2007.12.12 14:04:31.489,1.47387,1.47402,8.40,12.60
2007.12.12 14:04:31.576,1.47391,1.47401,2.40,6.00
2007.12.12 14:04:32.615,1.4739,1.474,3.60,12.00
2007.12.12 14:04:32.841,1.47387,1.47397,2.40,12.70
2007.12.12 14:04:33.065,1.47386,1.47396,6.00,2.40
2007.12.12 14:04:33.265,1.47385,1.47395,7.80,4.80
2007.12.12 14:04:33.660,1.47384,1.47394,1.00,12.70
2007.12.12 14:04:34.264,1.4738,1.47395,6.00,6.00
2007.12.12 14:04:34.904,1.47379,1.47394,8.40,10.20
2007.12.12 14:04:35.225,1.47383,1.47388,8.40,10.20
2007.12.12 14:04:35.561,1.47382,1.47387,6.00,4.80
2007.12.12 14:04:36.791,1.47378,1.47388,5.40,6.00
2007.12.12 14:04:37.963,1.47374,1.47389,13.80,1.00
2007.12.12 14:04:38.101,1.47375,1.4739,3.00,2.40
2007.12.12 14:04:38.235,1.47376,1.47391,4.80,1.20
2007.12.12 14:04:40.689,1.47378,1.47393,2.40,4.80
2007.12.12 14:04:40.848,1.4738,1.47394,5.40,7.80
2007.12.12 14:04:41.008,1.47385,1.47395,4.80,4.80
2007.12.12 14:04:41.170,1.4739,1.474,2.40,2.10
2007.12.12 14:04:42.204,1.47391,1.47406,1.80,15.60
2007.12.12 14:04:42.757,1.47396,1.47411,33.00,2.40
2007.12.12 14:04:42.897,1.47401,1.47416,18.60,10.20
2007.12.12 14:04:43.035,1.47401,1.47416,6.00,2.40
2007.12.12 14:04:43.589,1.47402,1.47417,2.40,2.40
2007.12.12 14:04:44.276,1.47402,1.47412,13.20,8.40
2007.12.12 14:04:45.285,1.474,1.4741,2.40,6.00
2007.12.12 14:04:45.445,1.47394,1.47404,6.00,7.80
2007.12.12 14:04:45.605,1.47384,1.47394,8.40,5.40
2007.12.12 14:04:45.764,1.47376,1.47382,6.00,4.20
2007.12.12 14:04:46.104,1.4736,1.4737,7.80,3.00
2007.12.12 14:04:46.780,1.47343,1.47359,6.00,17.40
2007.12.12 14:04:47.119,1.47331,1.47335,1.20,11.40
2007.12.12 14:04:47.460,1.47317,1.47323,20.60,2.40
2007.12.12 14:04:47.813,1.47313,1.47317,4.80,5.40
2007.12.12 14:04:47.917,1.47319,1.47329,4.80,16.60
2007.12.12 14:04:48.230,1.4733,1.4734,1.20,12.00
2007.12.12 14:04:48.463,1.47346,1.47351,6.30,10.80
2007.12.12 14:04:48.542,1.47358,1.47363,9.00,2.10
2007.12.12 14:04:48.629,1.47367,1.47372,20.40,9.00
2007.12.12 14:04:48.800,1.47376,1.47381,5.40,1.00
2007.12.12 14:04:50.281,1.4738,1.4739,4.20,7.20
2007.12.12 14:04:50.591,1.47385,1.47395,6.40,10.20
2007.12.12 14:04:50.627,1.47392,1.47397,2.40,7.80
2007.12.12 14:04:50.677,1.47393,1.47398,5.40,5.40
2007.12.12 14:04:50.702,1.47394,1.47399,9.00,9.40
2007.12.12 14:04:50.848,1.47395,1.474,1.20,4.80
2007.12.12 14:04:52.612,1.47393,1.47403,16.80,17.80
2007.12.12 14:04:52.894,1.47394,1.47399,8.40,7.90
2007.12.12 14:04:54.020,1.47393,1.47398,13.80,3.00
2007.12.12 14:04:54.270,1.47392,1.47397,2.40,7.20
2007.12.12 14:04:55.049,1.47388,1.47398,9.00,3.00
2007.12.12 14:04:55.105,1.4739,1.47395,1.80,2.40
2007.12.12 14:04:55.501,1.4739,1.47395,2.40,18.90
2007.12.12 14:04:55.709,1.47389,1.47394,1.20,2.70
2007.12.12 14:04:57.124,1.47386,1.47396,5.40,2.40
2007.12.12 14:04:57.480,1.47389,1.47394,3.00,6.00
2007.12.12 14:04:57.659,1.4739,1.47395,6.60,3.60
2007.12.12 14:04:57.839,1.47386,1.47396,2.40,9.00
2007.12.12 14:04:58.540,1.47383,1.47397,3.00,1.80
2007.12.12 14:05:00.370,1.47414,1.47418,6.60,4.80
2007.12.12 14:05:00.928,1.47403,1.47418,9.60,15.40
2007.12.12 14:05:01.045,1.47397,1.47412,7.80,1.80
2007.12.12 14:05:01.459,1.47393,1.47408,10.80,1.90
2007.12.12 14:05:01.551,1.47388,1.47403,1.20,2.40
2007.12.12 14:05:01.695,1.47387,1.47397,2.40,6.00
2007.12.12 14:05:04.977,1.47385,1.47395,9.00,2.40
2007.12.12 14:05:05.323,1.47387,1.47392,10.80,15.60
2007.12.12 14:05:05.582,1.47383,1.47393,2.40,4.80
2007.12.12 14:05:07.093,1.47384,1.47389,6.00,13.30
2007.12.12 14:05:07.164,1.47383,1.47388,6.60,8.40
2007.12.12 14:05:07.435,1.47382,1.47387,4.80,11.10
2007.12.12 14:05:07.638,1.47381,1.47386,6.00,13.50
2007.12.12 14:05:08.825,1.47375,1.4739,9.00,26.40
2007.12.12 14:05:09.033,1.47377,1.47387,31.80,4.80
2007.12.12 14:05:09.423,1.47377,1.47387,6.00,2.40
2007.12.12 14:05:09.555,1.4738,1.47386,1.20,4.80
2007.12.12 14:05:09.757,1.47376,1.47391,9.60,3.00
2007.12.12 14:05:10.094,1.4738,1.47385,2.40,7.80
2007.12.12 14:05:10.871,1.47379,1.47384,10.80,1.00
2007.12.12 14:05:11.011,1.4738,1.47385,4.80,9.60
2007.12.12 14:05:11.152,1.47382,1.47387,2.40,7.00
2007.12.12 14:05:11.434,1.47381,1.47391,4.80,10.80
2007.12.12 14:05:11.573,1.47385,1.4739,6.60,1.00
2007.12.12 14:05:11.913,1.47385,1.47395,6.00,1.20
2007.12.12 14:05:12.255,1.47389,1.47395,5.80,2.40
2007.12.12 14:05:12.758,1.47394,1.47398,3.00,1.90
2007.12.12 14:05:12.927,1.47396,1.474,1.80,4.80
2007.12.12 14:05:13.095,1.47396,1.474,6.60,10.20
2007.12.12 14:05:13.263,1.47396,1.47402,4.80,4.80
2007.12.12 14:05:13.426,1.47395,1.47405,22.80,1.00
2007.12.12 14:05:14.267,1.47391,1.47406,5.40,10.80
2007.12.12 14:05:14.606,1.47394,1.47404,7.80,4.80
2007.12.12 14:05:14.810,1.47396,1.47406,2.40,6.00
2007.12.12 14:05:15.013,1.47399,1.47409,5.40,7.20
2007.12.12 14:05:15.219,1.47407,1.47412,21.00,5.40
2007.12.12 14:05:15.423,1.47415,1.4742,3.60,10.30
2007.12.12 14:05:15.627,1.47424,1.47428,2.40,3.30
2007.12.12 14:05:15.711,1.47434,1.47439,12.00,4.80
2007.12.12 14:05:15.794,1.47444,1.47448,2.40,2.10
2007.12.12 14:05:18.851,1.47445,1.47455,21.60,6.00
2007.12.12 14:05:20.070,1.4744,1.4745,12.60,2.40
2007.12.12 14:05:20.158,1.47431,1.47441,2.40,2.50
2007.12.12 14:05:20.459,1.4742,1.47435,4.80,4.80
2007.12.12 14:05:20.759,1.47412,1.47427,7.80,4.90
2007.12.12 14:05:21.058,1.47408,1.47418,2.40,13.30
2007.12.12 14:05:21.134,1.47403,1.47413,3.00,1.20
2007.12.12 14:05:21.211,1.47398,1.47412,12.60,1.20
2007.12.12 14:05:21.429,1.47395,1.4741,4.80,3.00
2007.12.12 14:05:21.506,1.47397,1.47407,4.30,4.80
2007.12.12 14:05:21.845,1.47395,1.47405,4.80,11.40
2007.12.12 14:05:21.994,1.47396,1.47406,7.20,9.30
2007.12.12 14:05:22.178,1.47395,1.47405,1.20,4.80
2007.12.12 14:05:24.271,1.47393,1.47403,7.60,6.00
2007.12.12 14:05:24.611,1.47392,1.47402,12.00,5.80
2007.12.12 14:05:24.950,1.4739,1.474,4.80,9.00
2007.12.12 14:05:25.252,1.47389,1.47399,3.60,12.00
2007.12.12 14:05:25.554,1.47386,1.47396,7.80,4.80
2007.12.12 14:05:25.871,1.47384,1.47394,2.40,3.40
2007.12.12 14:05:26.173,1.47383,1.47393,2.40,1.00
2007.12.12 14:05:26.294,1.47382,1.47392,1.20,6.00
2007.12.12 14:05:26.414,1.4738,1.4739,12.60,4.80
2007.12.12 14:05:26.535,1.47376,1.47391,22.80,1.20
2007.12.12 14:05:26.675,1.4738,1.47385,16.40,2.40
2007.12.12 14:05:26.795,1.47379,1.47384,5.40,18.30
2007.12.12 14:05:26.914,1.47377,1.47387,2.40,4.60
2007.12.12 14:05:27.228,1.47379,1.47389,10.20,13.20
2007.12.12 14:05:27.601,1.47375,1.47391,7.80,9.60
2007.12.12 14:05:27.875,1.47373,1.47388,7.80,3.00
2007.12.12 14:05:28.331,1.47372,1.47387,16.20,4.20
2007.12.12 14:05:28.475,1.47371,1.47386,7.80,6.00
2007.12.12 14:05:28.618,1.47369,1.47384,10.20,1.00
2007.12.12 14:05:28.762,1.47365,1.4738,4.80,1.20
2007.12.12 14:05:28.905,1.47365,1.47375,5.40,12.00
2007.12.12 14:05:29.050,1.47361,1.47376,2.40,6.60
2007.12.12 14:05:30.947,1.47363,1.47373,2.40,15.10
2007.12.12 14:05:32.739,1.47362,1.47372,1.20,2.80
2007.12.12 14:05:33.672,1.47362,1.47377,7.80,8.40
2007.12.12 14:05:33.922,1.47366,1.47376,2.40,2.10
2007.12.12 14:05:34.504,1.47367,1.47377,1.20,2.40
2007.12.12 14:05:35.450,1.47374,1.47378,2.40,4.80
2007.12.12 14:05:36.471,1.47373,1.47383,4.80,10.90
2007.12.12 14:05:37.249,1.47374,1.47384,3.60,2.40
2007.12.12 14:05:37.855,1.47376,1.47386,6.00,2.40
2007.12.12 14:05:37.991,1.47379,1.47385,9.00,1.20
2007.12.12 14:05:38.125,1.47378,1.47388,15.60,6.60
2007.12.12 14:05:38.263,1.47379,1.47389,4.80,7.20
2007.12.12 14:05:38.399,1.47375,1.4739,16.20,2.40
2007.12.12 14:05:38.534,1.47373,1.47389,4.20,7.80
2007.12.12 14:05:38.871,1.47373,1.47387,9.00,7.20
2007.12.12 14:05:39.207,1.47371,1.47387,2.40,8.40
2007.12.12 14:05:39.542,1.47373,1.47383,4.80,12.60
2007.12.12 14:05:39.823,1.47372,1.47382,1.00,6.00
2007.12.12 14:05:40.355,1.4737,1.4738,1.80,8.40
2007.12.12 14:05:40.625,1.47369,1.47379,4.80,4.80
2007.12.12 14:05:40.802,1.4737,1.47374,6.60,7.20
2007.12.12 14:05:40.978,1.47369,1.47373,6.60,4.80
2007.12.12 14:05:41.330,1.47364,1.47368,4.80,12.30
2007.12.12 14:05:41.505,1.47353,1.47367,3.30,4.80
2007.12.12 14:05:41.682,1.47348,1.47358,3.00,2.40
2007.12.12 14:05:41.950,1.47337,1.47352,2.40,11.20
2007.12.12 14:05:42.218,1.47331,1.47337,10.80,4.80
2007.12.12 14:05:42.486,1.47323,1.47328,8.40,10.80
2007.12.12 14:05:42.947,1.47321,1.47327,5.40,22.80
2007.12.12 14:05:43.143,1.47329,1.47339,11.40,11.60
2007.12.12 14:05:43.339,1.47345,1.4735,2.40,1.00
2007.12.12 14:05:44.589,1.47354,1.47364,6.00,2.40
2007.12.12 14:05:44.931,1.47364,1.47374,7.80,12.40
2007.12.12 14:05:45.086,1.47372,1.47382,7.80,2.40
2007.12.12 14:05:45.243,1.47376,1.47386,4.80,9.00
2007.12.12 14:05:45.398,1.47383,1.47388,6.00,2.40
2007.12.12 14:05:46.126,1.47383,1.47389,2.40,18.20
2007.12.12 14:05:47.720,1.47382,1.47392,3.00,4.80
2007.12.12 14:05:48.068,1.47386,1.47391,2.40,3.00
2007.12.12 14:05:48.128,1.47386,1.47391,1.20,7.20
2007.12.12 14:05:48.238,1.47387,1.47392,7.80,18.60
2007.12.12 14:05:48.503,1.47386,1.47396,1.80,4.80
2007.12.12 14:05:48.609,1.47385,1.47395,13.20,1.00
2007.12.12 14:05:48.719,1.47386,1.47391,7.80,6.00
2007.12.12 14:05:48.774,1.47382,1.47392,4.80,4.80
2007.12.12 14:05:49.607,1.47381,1.47391,2.40,7.80
2007.12.12 14:05:49.919,1.4738,1.4739,18.60,6.00
2007.12.12 14:05:50.399,1.47378,1.47388,18.00,6.00
2007.12.12 14:05:50.595,1.47377,1.47387,2.44,1.00
2007.12.12 14:05:50.892,1.47376,1.47386,7.80,4.90
2007.12.12 14:05:51.089,1.47374,1.47384,1.80,8.40
2007.12.12 14:05:51.189,1.47374,1.47384,6.00,2.40
2007.12.12 14:05:51.959,1.47373,1.47388,4.80,6.60
2007.12.12 14:05:52.335,1.47373,1.47388,7.80,7.20
2007.12.12 14:05:52.778,1.47373,1.47383,1.00,3.00
2007.12.12 14:05:53.004,1.47374,1.47379,5.40,2.10
2007.12.12 14:05:54.112,1.47366,1.47381,2.40,10.30
2007.12.12 14:05:54.301,1.47361,1.47376,6.60,4.80
2007.12.12 14:05:54.827,1.47359,1.47369,6.60,4.20
2007.12.12 14:05:55.166,1.47353,1.47363,4.80,4.80
2007.12.12 14:05:59.425,1.47347,1.47361,11.40,2.40
2007.12.12 14:06:02.653,1.4734,1.47356,2.40,2.40
2007.12.12 14:06:07.824,1.47342,1.47346,3.00,1.00
2007.12.12 14:06:07.940,1.47337,1.47342,2.40,6.60
2007.12.12 14:06:08.048,1.47333,1.47338,6.60,2.40
2007.12.12 14:06:08.156,1.47326,1.47341,10.90,4.20
2007.12.12 14:06:08.371,1.47325,1.4734,11.40,6.00
2007.12.12 14:06:08.671,1.47325,1.4734,18.60,4.20
2007.12.12 14:06:08.863,1.47327,1.47337,6.00,2.40
2007.12.12 14:06:09.051,1.47326,1.47341,7.20,1.00
2007.12.12 14:06:09.239,1.47327,1.47342,7.20,3.00
2007.12.12 14:06:10.192,1.4733,1.47345,2.40,11.40
2007.12.12 14:06:10.604,1.47332,1.47347,6.00,15.00
2007.12.12 14:06:10.917,1.47333,1.47348,2.40,6.60
2007.12.12 14:06:11.051,1.47335,1.47345,13.20,14.40
2007.12.12 14:06:11.115,1.47334,1.47344,6.00,1.00
2007.12.12 14:06:11.240,1.47332,1.47347,5.40,15.00
2007.12.12 14:06:11.305,1.47334,1.47349,2.40,10.10
2007.12.12 14:06:11.371,1.4734,1.4735,2.40,15.60
2007.12.12 14:06:13.224,1.47345,1.47355,6.00,3.00
2007.12.12 14:06:13.570,1.47351,1.47361,2.40,6.10
2007.12.12 14:06:14.935,1.4736,1.4737,4.80,11.40
2007.12.12 14:06:14.986,1.47366,1.47376,3.40,13.20
2007.12.12 14:06:17.892,1.47365,1.47381,8.40,2.40
2007.12.12 14:06:18.088,1.47365,1.47375,22.90,10.20
2007.12.12 14:06:18.284,1.47359,1.47369,7.20,4.20
2007.12.12 14:06:18.368,1.47353,1.47367,24.40,19.80
2007.12.12 14:06:19.294,1.4735,1.4736,9.60,8.40
2007.12.12 14:06:19.654,1.47344,1.47354,3.00,6.00
2007.12.12 14:06:19.962,1.47334,1.47354,24.10,13.80
2007.12.12 14:06:24.067,1.47332,1.47346,5.40,1.20
2007.12.12 14:06:24.449,1.4733,1.47345,4.80,9.00
2007.12.12 14:06:24.526,1.47328,1.47344,12.00,10.80
2007.12.12 14:06:24.775,1.47332,1.47342,1.00,4.80
2007.12.12 14:06:25.267,1.47332,1.47347,2.50,1.80
2007.12.12 14:06:25.516,1.47335,1.4735,3.60,3.00
2007.12.12 14:06:25.919,1.47339,1.47354,6.60,12.60
2007.12.12 14:06:26.335,1.47342,1.47357,7.20,1.20
2007.12.12 14:06:26.551,1.47346,1.47356,7.80,2.40
2007.12.12 14:06:26.703,1.47341,1.47361,2.40,18.20
2007.12.12 14:06:26.867,1.47344,1.47359,4.80,2.40
2007.12.12 14:06:27.185,1.47345,1.47355,36.00,11.40
2007.12.12 14:06:27.504,1.47338,1.47353,2.40,1.80
2007.12.12 14:06:27.874,1.47333,1.47347,16.20,2.40
2007.12.12 14:06:28.624,1.47323,1.47339,5.40,3.60
2007.12.12 14:06:28.819,1.47317,1.47322,4.80,1.00
2007.12.12 14:06:28.858,1.47305,1.47311,10.20,11.50
2007.12.12 14:06:28.899,1.47299,1.47305,5.40,8.40
2007.12.12 14:06:28.953,1.47305,1.47309,24.60,8.40
2007.12.12 14:06:31.742,1.47306,1.47322,1.20,9.30
2007.12.12 14:06:35.384,1.47318,1.47323,6.00,1.90
2007.12.12 14:06:35.651,1.4732,1.4733,4.80,2.40
2007.12.12 14:06:35.788,1.47323,1.47333,10.20,6.60
2007.12.12 14:06:35.924,1.47322,1.47337,2.40,2.70
2007.12.12 14:06:38.624,1.47323,1.47338,2.40,11.30
2007.12.12 14:06:39.226,1.47324,1.47338,7.20,4.80
2007.12.12 14:06:45.215,1.47323,1.47338,4.80,1.00
2007.12.12 14:06:45.795,1.47323,1.47339,1.20,7.60
2007.12.12 14:06:46.136,1.47325,1.4734,4.80,4.80
2007.12.12 14:06:50.466,1.47326,1.47341,11.40,2.40
2007.12.12 14:06:55.454,1.47331,1.47341,14.50,10.20
2007.12.12 14:06:55.608,1.47336,1.47341,4.80,7.20
2007.12.12 14:06:55.895,1.47338,1.47343,15.00,7.20
2007.12.12 14:06:55.990,1.47335,1.47345,6.60,12.10
2007.12.12 14:06:58.381,1.47333,1.47343,3.60,4.80
2007.12.12 14:06:58.644,1.47329,1.47339,4.80,7.20
2007.12.12 14:06:58.912,1.47324,1.4734,7.80,12.00
2007.12.12 14:07:02.612,1.4732,1.4733,2.40,3.00
2007.12.12 14:07:07.792,1.47314,1.47324,11.40,15.00
2007.12.12 14:07:08.070,1.47306,1.47316,1.20,2.40
2007.12.12 14:07:10.918,1.47297,1.47307,13.80,4.80
2007.12.12 14:07:11.072,1.47284,1.47299,6.00,2.40
2007.12.12 14:07:11.407,1.47276,1.47286,7.20,1.80
2007.12.12 14:07:14.758,1.47262,1.47272,6.60,8.40
2007.12.12 14:07:14.926,1.47248,1.47258,12.20,2.40
2007.12.12 14:07:15.096,1.4723,1.4724,2.40,4.00
2007.12.12 14:07:15.266,1.47213,1.47228,1.00,2.40
2007.12.12 14:07:15.696,1.47207,1.47223,1.20,11.50
2007.12.12 14:07:15.962,1.47213,1.47229,12.60,6.00
2007.12.12 14:07:16.225,1.47225,1.4724,7.20,3.00
2007.12.12 14:07:16.490,1.47239,1.47249,2.40,6.00
2007.12.12 14:07:16.752,1.47251,1.47257,11.40,33.10
2007.12.12 14:07:19.373,1.4726,1.4727,7.80,12.60
2007.12.12 14:07:19.481,1.47273,1.47277,3.00,8.40
2007.12.12 14:07:19.924,1.47281,1.47286,11.40,1.80
2007.12.12 14:07:20.936,1.47288,1.47298,10.80,4.80
2007.12.12 14:07:29.647,1.47298,1.47308,21.40,6.00
2007.12.12 14:07:29.812,1.47308,1.47318,22.00,3.00
2007.12.12 14:07:30.238,1.47318,1.47328,4.80,4.30
2007.12.12 14:07:30.365,1.47332,1.47336,36.00,11.40
2007.12.12 14:07:30.699,1.47342,1.47346,1.80,3.00
2007.12.12 14:07:30.758,1.47345,1.47349,8.40,2.40
2007.12.12 14:07:31.063,1.47333,1.47339,12.60,2.40
2007.12.12 14:07:31.390,1.47321,1.47325,2.40,4.80
2007.12.12 14:07:46.618,1.47306,1.47316,8.40,6.00
2007.12.12 14:07:47.750,1.47293,1.47303,2.40,2.40
2007.12.12 14:07:51.147,1.47282,1.47292,8.40,6.90
2007.12.12 14:07:51.373,1.47268,1.47283,24.60,4.80
2007.12.12 14:07:51.818,1.47255,1.47275,13.00,2.40
2007.12.12 14:07:52.288,1.47247,1.47262,2.40,4.20
2007.12.12 14:07:52.513,1.47237,1.47252,7.20,4.80
2007.12.12 14:07:52.693,1.47227,1.47242,6.00,3.00
2007.12.12 14:07:52.874,1.4722,1.47234,19.20,4.80
2007.12.12 14:08:01.021,1.47212,1.47216,6.60,4.80
2007.12.12 14:08:10.434,1.47215,1.47225,2.40,3.30
2007.12.12 14:08:12.581,1.47218,1.47233,25.20,15.40
2007.12.12 14:08:13.736,1.47223,1.47238,6.00,4.80
2007.12.12 14:08:14.017,1.47228,1.47243,14.40,8.40
2007.12.12 14:08:14.297,1.47235,1.47245,2.40,6.00
2007.12.12 14:08:14.577,1.47239,1.47249,2.40,10.60
2007.12.12 14:08:14.761,1.4724,1.47255,18.60,6.00
2007.12.12 14:08:14.945,1.47247,1.47257,3.60,3.00
2007.12.12 14:08:15.313,1.47252,1.47262,7.80,6.00
2007.12.12 14:08:15.497,1.47256,1.47266,1.20,13.60
2007.12.12 14:08:15.773,1.4726,1.4727,14.40,1.80
2007.12.12 14:08:16.050,1.47262,1.47277,3.60,2.40
2007.12.12 14:08:16.849,1.47264,1.47279,2.40,11.40
2007.12.12 14:08:17.107,1.47264,1.47279,5.40,7.80
2007.12.12 14:08:17.373,1.47265,1.4728,5.40,8.40
2007.12.12 14:08:17.629,1.47264,1.47278,2.40,10.20
2007.12.12 14:08:17.968,1.47264,1.47274,4.80,11.20
2007.12.12 14:08:18.310,1.47259,1.47274,2.40,16.00
2007.12.12 14:08:18.658,1.47254,1.4727,8.40,7.80
2007.12.12 14:08:18.948,1.4725,1.47266,1.20,2.40
2007.12.12 14:08:19.239,1.47244,1.4726,2.40,10.20
2007.12.12 14:08:19.541,1.47242,1.47247,9.60,1.00
2007.12.12 14:08:19.974,1.47234,1.47238,6.00,2.40
2007.12.12 14:08:20.037,1.47223,1.47228,1.80,8.80
2007.12.12 14:08:20.113,1.47211,1.47217,1.20,8.20
2007.12.12 14:08:20.287,1.47198,1.47212,15.00,2.40
2007.12.12 14:08:20.351,1.47198,1.47208,3.60,10.30
2007.12.12 14:08:20.414,1.47208,1.47212,2.40,3.00
2007.12.12 14:08:20.472,1.47217,1.47221,13.80,3.00
2007.12.12 14:08:20.532,1.47227,1.47231,11.40,1.20
2007.12.12 14:08:20.595,1.47236,1.47241,1.60,4.80
2007.12.12 14:08:20.658,1.47239,1.47254,5.40,4.80
2007.12.12 14:08:20.908,1.47246,1.47256,5.40,15.30
2007.12.12 14:08:21.681,1.47251,1.47261,13.60,2.40
2007.12.12 14:08:22.906,1.47255,1.47265,22.20,4.80
2007.12.12 14:08:23.081,1.47256,1.47266,12.00,3.00
2007.12.12 14:08:23.421,1.47258,1.47268,11.40,33.10
2007.12.12 14:08:23.761,1.4726,1.4727,14.70,7.20
2007.12.12 14:08:24.101,1.47264,1.47269,9.00,3.00
2007.12.12 14:08:24.205,1.47263,1.47273,9.00,2.80
2007.12.12 14:08:24.413,1.47262,1.47277,4.80,1.20
2007.12.12 14:08:24.517,1.47266,1.47276,2.40,6.00
2007.12.12 14:08:24.620,1.47267,1.47277,12.00,7.20
2007.12.12 14:08:30.475,1.47271,1.47276,7.80,9.70
2007.12.12 14:08:33.408,1.47268,1.47278,10.80,5.40
2007.12.12 14:08:33.749,1.47265,1.4728,7.20,12.60
2007.12.12 14:08:34.089,1.47266,1.47281,2.40,8.20
2007.12.12 14:08:34.542,1.47268,1.47283,10.20,2.40
2007.12.12 14:08:34.769,1.4727,1.47285,18.60,6.00
2007.12.12 14:08:35.226,1.47277,1.47287,2.40,10.00
2007.12.12 14:08:35.341,1.47283,1.47293,6.30,7.90
2007.12.12 14:08:35.552,1.47292,1.47302,2.40,8.40
2007.12.12 14:08:36.601,1.47302,1.47312,7.80,2.40
2007.12.12 14:08:36.857,1.47311,1.47321,8.40,1.00
2007.12.12 14:08:37.113,1.47315,1.47319,6.60,8.40
2007.12.12 14:08:37.210,1.47303,1.47313,2.40,10.20
2007.12.12 14:08:37.369,1.47291,1.47301,22.90,10.20
2007.12.12 14:08:37.905,1.4728,1.4729,3.60,4.80
2007.12.12 14:08:38.083,1.47274,1.47278,2.40,8.40
2007.12.12 14:08:38.262,1.47266,1.47272,2.40,4.80
2007.12.12 14:08:38.961,1.47258,1.47268,1.00,4.80
2007.12.12 14:08:39.221,1.47254,1.47264,3.00,11.30
2007.12.12 14:08:39.481,1.47251,1.47261,1.20,2.40
2007.12.12 14:08:39.722,1.47247,1.47262,20.40,1.00
2007.12.12 14:08:43.448,1.47246,1.47261,1.00,2.50
2007.12.12 14:08:43.953,1.47247,1.47257,3.00,3.00
2007.12.12 14:08:44.277,1.47245,1.47255,6.60,3.00
2007.12.12 14:08:44.441,1.47244,1.47254,17.40,4.80
2007.12.12 14:08:44.768,1.47244,1.47254,7.20,4.80
2007.12.12 14:08:44.931,1.47245,1.47249,5.70,7.20
2007.12.12 14:08:45.002,1.47243,1.47248,16.80,4.80
2007.12.12 14:08:45.081,1.47241,1.47246,10.20,8.20
2007.12.12 14:08:45.812,1.47237,1.47247,12.90,5.40
2007.12.12 14:08:46.057,1.47238,1.47243,14.40,8.40
2007.12.12 14:08:46.286,1.47234,1.47244,10.20,1.00
2007.12.12 14:08:46.463,1.47234,1.47244,7.80,1.00
2007.12.12 14:08:52.113,1.47235,1.47245,4.80,7.80
2007.12.12 14:08:52.251,1.47239,1.47244,7.30,6.00
2007.12.12 14:08:53.406,1.47235,1.47245,5.40,10.90
2007.12.12 14:08:54.001,1.47235,1.47245,4.80,14.50
2007.12.12 14:08:54.301,1.47237,1.47247,4.80,2.40
2007.12.12 14:08:54.600,1.4724,1.47245,9.60,4.20
2007.12.12 14:08:54.917,1.47239,1.47244,1.20,4.80
2007.12.12 14:08:55.021,1.47233,1.47248,24.30,3.30
2007.12.12 14:08:55.125,1.47234,1.47244,7.20,9.60
2007.12.12 14:08:55.229,1.47231,1.47246,7.80,12.00
2007.12.12 14:08:55.333,1.4723,1.47245,6.00,22.00
2007.12.12 14:08:55.437,1.4723,1.47245,26.80,2.40
2007.12.12 14:08:55.541,1.47234,1.47244,4.80,14.40
2007.12.12 14:08:55.644,1.47235,1.47245,8.40,2.40
2007.12.12 14:09:04.451,1.47256,1.47266,9.60,22.00
2007.12.12 14:09:07.042,1.47259,1.47269,3.00,2.40
2007.12.12 14:09:07.609,1.47261,1.47271,17.40,1.00
2007.12.12 14:09:08.681,1.47263,1.47278,18.30,16.30
2007.12.12 14:09:09.453,1.4727,1.4728,8.40,2.40
2007.12.12 14:09:09.796,1.47273,1.47283,19.30,7.20
2007.12.12 14:09:09.913,1.47275,1.47285,4.80,10.80
2007.12.12 14:09:10.029,1.47277,1.47287,6.60,9.40
2007.12.12 14:09:10.146,1.4728,1.47285,3.00,12.90
2007.12.12 14:09:10.685,1.47277,1.47287,2.40,10.20
2007.12.12 14:09:10.945,1.47275,1.47285,5.40,1.20
2007.12.12 14:09:11.238,1.47274,1.47284,7.20,1.80
2007.12.12 14:09:11.388,1.47275,1.4728,7.20,7.20
2007.12.12 14:09:12.889,1.47271,1.47281,4.80,7.20
2007.12.12 14:09:12.997,1.47267,1.47282,3.00,9.90
2007.12.12 14:09:13.323,1.47267,1.47282,6.00,2.40
2007.12.12 14:09:13.561,1.47268,1.47278,4.20,2.40
2007.12.12 14:09:13.897,1.47268,1.47278,6.00,4.80
2007.12.12 14:09:14.045,1.47272,1.47277,3.00,3.00
2007.12.12 14:09:16.678,1.47271,1.47281,5.40,15.00
2007.12.12 14:09:19.661,1.47269,1.47279,8.40,1.90
2007.12.12 14:09:19.849,1.47268,1.47278,12.60,4.80
2007.12.12 14:09:20.038,1.47266,1.47276,10.80,4.80
2007.12.12 14:09:20.921,1.47262,1.47272,9.60,9.00
2007.12.12 14:09:21.025,1.4726,1.47265,27.00,4.80
2007.12.12 14:09:21.129,1.47251,1.47256,3.60,13.60
2007.12.12 14:09:21.598,1.4724,1.4725,20.40,15.60
2007.12.12 14:09:23.210,1.47227,1.47241,3.00,3.00
2007.12.12 14:09:27.277,1.47216,1.47226,2.40,6.00
2007.12.12 14:09:27.887,1.47201,1.47215,4.80,18.10
2007.12.12 14:09:27.947,1.47198,1.47208,7.20,4.80
2007.12.12 14:09:28.288,1.47205,1.47215,8.40,8.40
2007.12.12 14:09:28.629,1.47216,1.47226,4.80,8.40
2007.12.12 14:09:30.120,1.47226,1.47236,7.20,8.80
2007.12.12 14:09:30.948,1.47235,1.47245,4.80,3.60
2007.12.12 14:09:31.044,1.47242,1.47252,6.00,6.00
2007.12.12 14:09:31.412,1.47249,1.47259,13.80,4.80
2007.12.12 14:09:31.596,1.47252,1.47262,2.40,17.70
2007.12.12 14:09:31.964,1.47256,1.47266,2.40,6.90
2007.12.12 14:09:32.301,1.47255,1.4727,14.40,1.00
2007.12.12 14:09:32.640,1.47256,1.47271,6.00,9.60
2007.12.12 14:09:32.765,1.4726,1.4727,4.80,3.60
2007.12.12 14:09:33.277,1.47258,1.47268,19.20,5.40
2007.12.12 14:09:33.576,1.47258,1.47268,2.40,18.20
2007.12.12 14:09:33.877,1.47262,1.47267,3.00,2.40
2007.12.12 14:09:34.177,1.47261,1.47271,6.00,4.90
2007.12.12 14:09:34.633,1.47262,1.47272,7.20,1.80
2007.12.12 14:09:35.122,1.47265,1.47275,1.20,12.70
2007.12.12 14:09:35.993,1.47266,1.47276,2.40,6.00
2007.12.12 14:09:36.377,1.47269,1.47279,8.40,1.90
2007.12.12 14:09:36.615,1.47273,1.47283,12.00,9.30
2007.12.12 14:09:36.853,1.47275,1.47285,1.00,3.00
2007.12.12 14:09:37.089,1.47274,1.47289,4.80,6.60
2007.12.12 14:09:37.349,1.47278,1.47288,2.40,13.90
2007.12.12 14:09:37.609,1.47277,1.47292,9.00,7.80
2007.12.12 14:09:37.869,1.47278,1.47293,3.00,15.00
2007.12.12 14:09:38.127,1.47279,1.47294,6.00,2.40
2007.12.12 14:09:38.346,1.4728,1.47295,8.40,5.10
2007.12.12 14:09:38.405,1.47282,1.47297,6.00,4.20
2007.12.12 14:09:38.683,1.47286,1.47296,10.20,4.80
2007.12.12 14:09:38.961,1.47285,1.473,12.60,4.80
2007.12.12 14:09:39.527,1.4729,1.473,11.10,4.80
2007.12.12 14:09:39.824,1.47289,1.47304,12.60,1.80
2007.12.12 14:09:40.113,1.4729,1.47305,3.60,4.80
2007.12.12 14:09:40.403,1.47294,1.47304,2.40,5.20
2007.12.12 14:09:40.616,1.47301,1.47306,4.80,2.40
2007.12.12 14:09:40.825,1.47305,1.4731,7.20,4.80
2007.12.12 14:09:41.033,1.47312,1.47317,8.40,2.40
2007.12.12 14:09:41.240,1.4732,1.47325,4.80,3.30
2007.12.12 14:09:41.449,1.47329,1.47339,7.20,2.40
2007.12.12 14:09:42.551,1.47339,1.47349,9.60,1.00
2007.12.12 14:09:44.129,1.47349,1.47359,10.20,9.10
2007.12.12 14:09:44.311,1.47355,1.47359,4.80,5.40
2007.12.12 14:09:44.493,1.47343,1.47348,15.00,4.80
2007.12.12 14:09:44.874,1.47327,1.47337,12.00,3.00
2007.12.12 14:09:45.079,1.47317,1.47322,2.40,7.20
2007.12.12 14:09:45.481,1.47302,1.47312,3.00,9.00
2007.12.12 14:09:45.680,1.47294,1.47299,13.80,3.60
2007.12.12 14:09:45.829,1.47284,1.47289,12.60,2.40
2007.12.12 14:09:45.976,1.47277,1.47282,2.40,3.00
2007.12.12 14:09:46.280,1.47271,1.47276,2.40,6.00
2007.12.12 14:09:46.429,1.47267,1.47272,2.40,2.40
2007.12.12 14:09:46.577,1.47263,1.47268,12.60,1.00
2007.12.12 14:09:46.797,1.47261,1.47267,8.40,2.20
2007.12.12 14:09:47.016,1.4726,1.47266,4.80,6.90
2007.12.12 14:09:48.904,1.47256,1.47266,4.80,8.80
2007.12.12 14:09:49.112,1.47256,1.47266,4.80,8.80
2007.12.12 14:09:49.549,1.47253,1.47268,10.90,4.20
2007.12.12 14:09:49.957,1.47256,1.47266,3.00,9.50
2007.12.12 14:09:50.358,1.47255,1.4727,7.90,1.00
2007.12.12 14:09:50.771,1.47256,1.47271,4.80,5.40
2007.12.12 14:09:51.324,1.47259,1.47269,5.10,4.80
2007.12.12 14:09:51.604,1.4726,1.4727,3.00,2.40
2007.12.12 14:09:51.884,1.47261,1.47266,14.40,2.40
2007.12.12 14:09:52.121,1.47259,1.47265,2.40,1.00
2007.12.12 14:09:52.349,1.47258,1.47263,2.40,6.00
2007.12.12 14:09:52.579,1.47257,1.47261,9.60,9.00
2007.12.12 14:09:52.921,1.47255,1.4726,8.40,7.20
2007.12.12 14:09:53.261,1.47254,1.47258,24.00,9.00
2007.12.12 14:09:53.601,1.4725,1.4726,5.40,7.20
2007.12.12 14:09:54.201,1.47249,1.47259,4.80,3.30
2007.12.12 14:09:54.461,1.47251,1.47261,6.00,1.80
2007.12.12 14:09:54.721,1.47252,1.47262,9.60,3.00
2007.12.12 14:09:54.981,1.47255,1.47261,1.00,3.60
2007.12.12 14:09:55.145,1.47259,1.47264,10.20,4.80
2007.12.12 14:09:55.208,1.47258,1.47272,2.40,3.00
2007.12.12 14:09:55.301,1.47267,1.47272,8.40,1.80
2007.12.12 14:09:55.457,1.47267,1.47282,2.40,1.80
2007.12.12 14:09:55.613,1.47277,1.47282,4.80,5.40
2007.12.12 14:09:55.769,1.47281,1.47286,39.00,7.80
2007.12.12 14:09:55.925,1.47279,1.47289,1.00,3.00
2007.12.12 14:09:56.261,1.47283,1.47288,4.80,1.20
2007.12.12 14:09:56.615,1.47282,1.47292,1.20,1.00
2007.12.12 14:09:56.952,1.47284,1.47294,6.00,8.40
2007.12.12 14:09:57.353,1.47282,1.47292,20.40,6.10
2007.12.12 14:09:57.553,1.47279,1.47289,1.80,4.80
2007.12.12 14:09:57.753,1.47278,1.47288,16.80,30.00
2007.12.12 14:09:57.953,1.47274,1.47284,7.20,19.80
2007.12.12 14:09:58.293,1.4727,1.4728,4.80,5.40
2007.12.12 14:09:58.633,1.47267,1.47277,1.00,2.40
2007.12.12 14:10:02.909,1.47247,1.47263,6.00,4.20
2007.12.12 14:10:03.109,1.47243,1.47253,3.60,1.20
2007.12.12 14:10:03.309,1.47236,1.47246,2.40,11.50
2007.12.12 14:10:04.451,1.47229,1.47239,1.20,7.60
2007.12.12 14:10:05.670,1.47223,1.47233,3.00,6.00
2007.12.12 14:10:05.881,1.47218,1.47228,1.20,15.10
2007.12.12 14:10:06.065,1.47213,1.47228,6.00,7.80
2007.12.12 14:10:06.377,1.47214,1.47224,11.40,2.40
2007.12.12 14:10:06.665,1.47212,1.47222,2.40,1.00
2007.12.12 14:10:06.953,1.4721,1.47225,6.00,8.40
2007.12.12 14:10:07.161,1.47216,1.47221,3.40,13.20
2007.12.12 14:10:07.369,1.47215,1.47225,4.80,1.20
2007.12.12 14:10:07.993,1.47217,1.47227,18.60,1.20
2007.12.12 14:10:08.335,1.47218,1.47228,10.80,3.00
2007.12.12 14:10:08.677,1.47218,1.47228,6.00,2.40
2007.12.12 14:10:09.205,1.47217,1.47227,12.60,4.80
2007.12.12 14:10:09.392,1.47215,1.47225,2.10,8.40
2007.12.12 14:10:09.576,1.47215,1.4722,7.80,6.00
2007.12.12 14:10:09.755,1.4721,1.47215,4.20,8.80
2007.12.12 14:10:10.170,1.47201,1.47211,6.00,8.40
2007.12.12 14:10:10.589,1.47192,1.47202,16.20,2.40
2007.12.12 14:10:10.797,1.47179,1.47194,12.60,5.40
2007.12.12 14:10:11.005,1.47169,1.47179,9.00,3.00
2007.12.12 14:10:11.221,1.47152,1.47167,33.00,4.20
2007.12.12 14:10:11.941,1.4714,1.47156,4.80,6.60
2007.12.12 14:10:12.581,1.47136,1.47151,6.00,6.60
2007.12.12 14:10:13.181,1.47143,1.47158,4.80,2.40
2007.12.12 14:10:13.409,1.47154,1.4717,7.20,8.80
2007.12.12 14:10:13.523,1.47166,1.4718,2.50,13.80
2007.12.12 14:10:13.865,1.47177,1.47187,2.40,3.00
2007.12.12 14:10:14.592,1.47186,1.47196,2.40,10.30
2007.12.12 14:10:14.861,1.47194,1.47204,2.40,2.70
2007.12.12 14:10:15.067,1.47201,1.47211,3.00,1.00
2007.12.12 14:10:15.118,1.47207,1.47213,6.00,7.20
2007.12.12 14:10:15.171,1.47211,1.47217,9.00,13.50
2007.12.12 14:10:15.220,1.47216,1.4722,13.80,1.00
2007.12.12 14:10:15.268,1.47218,1.47228,8.40,4.80
2007.12.12 14:10:15.375,1.47223,1.47233,4.80,19.00
2007.12.12 14:10:16.339,1.47225,1.47235,6.00,8.40
2007.12.12 14:10:16.560,1.47227,1.47237,7.20,9.00
2007.12.12 14:10:16.771,1.47231,1.47236,9.00,1.20
2007.12.12 14:10:16.981,1.47231,1.47236,2.40,9.30
2007.12.12 14:10:17.321,1.4723,1.4724,4.80,1.20
2007.12.12 14:10:18.653,1.47228,1.47238,2.40,2.70
2007.12.12 14:10:18.789,1.47226,1.47236,4.80,5.30
2007.12.12 14:10:18.857,1.47224,1.47234,4.80,28.00
2007.12.12 14:10:19.089,1.47223,1.47233,14.00,6.00
2007.12.12 14:10:19.159,1.47221,1.47226,2.40,12.00
2007.12.12 14:10:21.991,1.47214,1.47224,3.60,2.40
2007.12.12 14:10:22.225,1.4721,1.4722,1.80,3.00
2007.12.12 14:10:22.353,1.47206,1.47216,5.40,9.60
2007.12.12 14:10:22.606,1.47205,1.47215,12.00,3.00
2007.12.12 14:10:27.316,1.47204,1.47214,5.40,10.20
2007.12.12 14:10:27.657,1.47202,1.47212,4.80,11.70
2007.12.12 14:10:29.641,1.47201,1.47211,10.80,1.20
2007.12.12 14:10:29.820,1.472,1.4721,4.80,12.00
2007.12.12 14:10:30.001,1.47198,1.47208,1.80,15.60
2007.12.12 14:10:30.182,1.47201,1.47206,2.40,6.00
2007.12.12 14:10:37.684,1.47197,1.47207,24.00,2.40
2007.12.12 14:10:38.005,1.47195,1.47205,9.60,6.60
2007.12.12 14:10:38.537,1.47192,1.47206,8.40,12.60
2007.12.12 14:10:38.953,1.47192,1.47202,1.80,13.90
2007.12.12 14:10:39.275,1.47195,1.472,2.40,8.50
2007.12.12 14:10:39.471,1.47197,1.47202,5.40,2.40
2007.12.12 14:10:39.670,1.47196,1.47206,4.80,3.00
2007.12.12 14:10:41.377,1.47198,1.47208,2.40,7.20
2007.12.12 14:10:41.705,1.472,1.4721,1.20,2.80
2007.12.12 14:10:42.032,1.47201,1.47217,8.40,3.00
2007.12.12 14:10:42.362,1.47208,1.47214,3.60,10.30
2007.12.12 14:10:42.718,1.47205,1.47221,3.00,6.40
2007.12.12 14:10:43.060,1.47207,1.47222,4.80,5.50
2007.12.12 14:10:43.737,1.47208,1.47224,4.80,1.00
2007.12.12 14:10:43.840,1.47212,1.47228,3.00,10.80
2007.12.12 14:10:43.945,1.47216,1.47232,4.40,1.00
2007.12.12 14:10:44.051,1.47223,1.47238,28.60,7.20
2007.12.12 14:10:44.168,1.47231,1.47245,4.20,8.10
2007.12.12 14:10:44.376,1.47243,1.47253,35.40,2.40
2007.12.12 14:10:45.401,1.47254,1.47264,6.60,2.40
2007.12.12 14:10:45.773,1.47265,1.4728,3.60,18.10
2007.12.12 14:10:45.842,1.47276,1.47292,18.00,3.00
2007.12.12 14:10:46.065,1.47279,1.47294,4.80,18.10
2007.12.12 14:10:46.506,1.47274,1.47284,3.00,3.00
2007.12.12 14:10:49.869,1.47261,1.47276,16.80,10.80
2007.12.12 14:10:50.317,1.47253,1.47263,6.00,8.60
2007.12.12 14:10:50.382,1.47242,1.47256,1.00,4.80
2007.12.12 14:10:50.451,1.47231,1.47251,44.80,2.40
2007.12.12 14:10:50.515,1.47227,1.47247,3.00,6.00
2007.12.12 14:10:50.740,1.47225,1.4724,8.20,2.70
2007.12.12 14:10:51.844,1.47222,1.47237,3.00,2.40
2007.12.12 14:10:52.220,1.4722,1.47235,5.40,11.40
2007.12.12 14:10:52.409,1.47218,1.47233,9.60,1.20
2007.12.12 14:10:52.595,1.47217,1.47227,2.40,1.00
2007.12.12 14:10:53.684,1.47212,1.47222,21.90,14.80
2007.12.12 14:10:53.942,1.47207,1.47217,6.60,1.20
2007.12.12 14:10:54.222,1.47202,1.47212,2.40,2.70
2007.12.12 14:10:54.973,1.472,1.47205,6.60,15.30
2007.12.12 14:10:55.444,1.47196,1.47201,1.00,1.20
2007.12.12 14:10:55.916,1.47194,1.47199,4.80,11.40
2007.12.12 14:10:56.121,1.4719,1.472,16.40,2.40
2007.12.12 14:10:56.537,1.47189,1.47199,2.40,4.80
2007.12.12 14:10:56.740,1.4719,1.47195,7.80,1.00
2007.12.12 14:10:56.947,1.4719,1.47195,4.80,6.10
2007.12.12 14:10:57.359,1.47192,1.47197,2.40,6.00
2007.12.12 14:10:57.768,1.47191,1.47201,3.00,4.30
2007.12.12 14:10:58.017,1.4719,1.47205,3.00,1.00
2007.12.12 14:10:58.260,1.47194,1.47204,8.40,7.20
2007.12.12 14:10:58.517,1.47195,1.47205,18.00,10.50
2007.12.12 14:11:02.232,1.47187,1.47197,3.60,3.00
2007.12.12 14:11:02.460,1.47191,1.47201,5.40,2.80
2007.12.12 14:11:03.084,1.47196,1.47206,4.80,2.40
2007.12.12 14:11:03.292,1.47196,1.47211,2.40,12.90
2007.12.12 14:11:03.499,1.47199,1.47209,9.60,2.40
2007.12.12 14:11:03.839,1.47198,1.47213,4.50,12.40
2007.12.12 14:11:04.207,1.47203,1.47208,2.40,9.30
2007.12.12 14:11:07.228,1.472,1.4721,3.60,4.80
2007.12.12 14:11:07.588,1.47196,1.47211,4.80,4.10
2007.12.12 14:11:07.828,1.47195,1.4721,8.40,1.90
2007.12.12 14:11:08.408,1.47196,1.47206,6.40,5.40
2007.12.12 14:11:08.747,1.47194,1.47204,4.80,11.70
2007.12.12 14:11:09.088,1.47193,1.47203,2.40,7.20
2007.12.12 14:11:09.600,1.47191,1.47201,2.40,3.30
2007.12.12 14:11:09.841,1.47196,1.472,17.00,4.80
2007.12.12 14:11:10.208,1.47194,1.47204,6.00,5.40
2007.12.12 14:11:10.304,1.47194,1.47209,3.60,12.00
2007.12.12 14:11:10.400,1.47195,1.4721,8.40,6.00
2007.12.12 14:11:10.592,1.472,1.4721,3.00,12.10
2007.12.12 14:11:10.688,1.47204,1.47209,8.40,6.60
2007.12.12 14:11:10.784,1.47205,1.4721,8.80,8.80
2007.12.12 14:11:10.878,1.47206,1.47211,3.00,6.00
2007.12.12 14:11:11.302,1.47205,1.47215,2.40,8.40
2007.12.12 14:11:11.985,1.47202,1.47217,1.20,6.00
2007.12.12 14:11:12.308,1.47201,1.47216,7.80,8.80
2007.12.12 14:11:12.608,1.47203,1.47213,13.20,1.00
2007.12.12 14:11:12.908,1.47199,1.47214,4.80,5.50
2007.12.12 14:11:13.463,1.472,1.4721,5.40,13.20
2007.12.12 14:11:13.723,1.47201,1.47206,4.80,12.60
2007.12.12 14:11:13.980,1.472,1.47204,7.20,9.90
2007.12.12 14:11:14.236,1.47198,1.47203,4.80,14.50
2007.12.12 14:11:14.516,1.47197,1.47203,9.60,2.40
2007.12.12 14:11:15.067,1.47199,1.47203,6.00,1.00
2007.12.12 14:11:15.628,1.472,1.47205,7.20,5.40
2007.12.12 14:11:15.764,1.47201,1.47206,6.00,2.40
2007.12.12 14:11:15.900,1.472,1.47204,4.80,6.00
2007.12.12 14:11:21.815,1.47193,1.47203,5.40,4.50
2007.12.12 14:11:22.295,1.47189,1.47199,2.40,2.40
2007.12.12 14:11:22.844,1.47181,1.47191,7.60,6.00
2007.12.12 14:11:23.460,1.47175,1.47179,5.40,4.80
2007.12.12 14:11:23.747,1.47162,1.47172,2.40,30.00
2007.12.12 14:11:24.036,1.47148,1.47163,12.00,2.40
2007.12.12 14:11:24.324,1.47147,1.47157,2.40,17.40
2007.12.12 14:11:24.615,1.47154,1.47164,8.40,1.00
2007.12.12 14:11:24.871,1.47164,1.47174,4.80,4.80
2007.12.12 14:11:25.359,1.47173,1.47183,2.40,3.00
2007.12.12 14:11:25.603,1.47181,1.47191,2.40,15.60
2007.12.12 14:11:25.815,1.47188,1.47198,2.40,10.80
2007.12.12 14:11:26.024,1.47195,1.472,6.60,4.80
2007.12.12 14:11:26.648,1.47195,1.47209,5.40,1.80
2007.12.12 14:11:27.144,1.472,1.4721,2.40,2.40
2007.12.12 14:11:27.639,1.47199,1.47213,10.80,3.00
2007.12.12 14:11:27.982,1.47202,1.47212,13.20,3.00
2007.12.12 14:11:28.323,1.47204,1.47214,7.20,1.00
2007.12.12 14:11:28.663,1.47204,1.47214,3.00,8.40
2007.12.12 14:11:28.951,1.47206,1.47216,4.80,32.40
2007.12.12 14:11:29.242,1.4721,1.47214,10.00,6.00
2007.12.12 14:11:29.975,1.47207,1.47217,7.20,1.00
2007.12.12 14:11:30.759,1.47205,1.47215,4.80,7.20
2007.12.12 14:11:31.023,1.47207,1.47212,7.50,5.40
2007.12.12 14:11:31.298,1.47203,1.47213,15.00,4.80
2007.12.12 14:11:31.563,1.47201,1.47211,4.80,6.88
2007.12.12 14:11:31.828,1.47201,1.47211,14.40,17.60
2007.12.12 14:11:31.984,1.47201,1.47211,17.60,1.20
2007.12.12 14:11:32.140,1.472,1.4721,7.20,5.40
2007.12.12 14:11:32.607,1.47199,1.47209,3.20,5.40
2007.12.12 14:11:33.243,1.47197,1.47207,2.40,2.40
2007.12.12 14:11:33.567,1.47195,1.47205,1.00,8.00
2007.12.12 14:11:33.893,1.47194,1.47204,16.80,3.00
2007.12.12 14:11:34.498,1.47193,1.47203,11.40,1.00
2007.12.12 14:11:35.097,1.47194,1.47198,12.60,4.80
2007.12.12 14:11:36.753,1.47189,1.47204,6.00,7.20
2007.12.12 14:11:36.842,1.47196,1.472,12.60,2.40
2007.12.12 14:11:36.963,1.47195,1.47205,2.40,4.80
2007.12.12 14:11:39.983,1.47198,1.47208,3.00,9.00
2007.12.12 14:11:40.188,1.47203,1.47213,10.20,3.10
2007.12.12 14:11:40.392,1.47208,1.47218,10.80,10.90
2007.12.12 14:11:40.595,1.47215,1.4722,9.00,5.40
2007.12.12 14:11:40.799,1.47217,1.47222,5.40,4.80
2007.12.12 14:11:41.004,1.47218,1.47223,2.40,9.00
2007.12.12 14:11:41.440,1.47217,1.47227,7.80,9.00
2007.12.12 14:11:41.619,1.47218,1.47228,17.40,2.40
2007.12.12 14:11:41.799,1.47217,1.47227,3.60,3.00
2007.12.12 14:11:41.980,1.47213,1.47228,24.60,3.00
2007.12.12 14:11:43.046,1.47212,1.47227,6.00,4.50
2007.12.12 14:11:43.883,1.47213,1.47223,8.40,5.40
2007.12.12 14:11:44.199,1.47212,1.47222,6.60,8.40
2007.12.12 14:11:44.516,1.47208,1.47223,14.50,3.60
2007.12.12 14:11:45.044,1.47208,1.47222,6.60,2.40
2007.12.12 14:11:45.572,1.47209,1.47224,2.40,7.80
2007.12.12 14:11:45.707,1.47213,1.47223,9.00,16.80
2007.12.12 14:11:45.846,1.47215,1.47225,1.20,5.40
2007.12.12 14:11:46.399,1.47217,1.47227,5.40,7.80
2007.12.12 14:11:46.536,1.47223,1.47228,7.20,12.60
2007.12.12 14:11:46.674,1.47228,1.47232,8.40,1.80
2007.12.12 14:11:46.888,1.4723,1.4724,12.10,4.80
2007.12.12 14:11:47.111,1.47238,1.47242,4.80,2.40
2007.12.12 14:11:47.980,1.4724,1.47255,5.40,2.40
2007.12.12 14:11:48.320,1.47247,1.47263,3.60,12.00
2007.12.12 14:11:48.855,1.47258,1.47264,2.40,1.00
2007.12.12 14:11:49.051,1.47256,1.47262,1.80,3.60
2007.12.12 14:11:49.247,1.47242,1.47257,23.40,4.80
2007.12.12 14:11:49.443,1.47232,1.47247,12.30,7.00
2007.12.12 14:11:49.639,1.47224,1.47234,4.20,1.00
2007.12.12 14:11:49.978,1.47215,1.47225,2.40,1.00
2007.12.12 14:11:50.319,1.47207,1.47222,6.00,2.40
2007.12.12 14:11:50.815,1.47202,1.47217,2.40,6.60
2007.12.12 14:11:50.971,1.47201,1.47216,6.60,7.20
2007.12.12 14:11:51.127,1.47203,1.47213,34.60,2.40
2007.12.12 14:11:51.284,1.47201,1.47211,22.20,2.40
2007.12.12 14:11:51.439,1.47204,1.47209,4.80,1.20
2007.12.12 14:11:51.595,1.47205,1.47211,5.40,6.00
2007.12.12 14:11:51.751,1.47204,1.47209,2.40,7.20
2007.12.12 14:11:52.436,1.47197,1.47212,6.00,2.40
2007.12.12 14:11:52.664,1.47201,1.47206,2.40,3.00
2007.12.12 14:11:52.945,1.47199,1.47204,4.80,11.50
2007.12.12 14:11:53.232,1.47198,1.47203,5.40,6.00
2007.12.12 14:11:53.515,1.47192,1.47207,15.10,2.40
2007.12.12 14:11:53.831,1.47188,1.47208,12.60,2.40
2007.12.12 14:11:54.147,1.47189,1.47204,10.80,18.00
2007.12.12 14:11:54.463,1.47193,1.47198,8.40,4.20
2007.12.12 14:11:54.588,1.47187,1.47197,9.00,3.60
2007.12.12 14:11:54.780,1.47184,1.47194,5.40,2.40
2007.12.12 14:11:54.949,1.47183,1.47193,6.00,2.40
2007.12.12 14:11:55.130,1.47181,1.47191,3.00,11.40
2007.12.12 14:11:55.303,1.47183,1.47188,2.40,7.00
2007.12.12 14:11:55.471,1.47182,1.47187,10.20,4.80
2007.12.12 14:11:55.640,1.4718,1.47185,4.80,7.20
2007.12.12 14:11:55.983,1.4718,1.47185,6.60,9.00
2007.12.12 14:11:56.324,1.47179,1.47189,10.20,4.80
2007.12.12 14:11:56.664,1.47178,1.47193,6.00,6.00
2007.12.12 14:11:56.863,1.47176,1.47191,3.00,7.00
2007.12.12 14:11:57.063,1.47177,1.47187,6.60,16.80
2007.12.12 14:11:57.263,1.47176,1.47186,9.60,4.80
2007.12.12 14:11:57.463,1.47175,1.47185,3.00,6.00
2007.12.12 14:11:57.662,1.47173,1.47178,9.00,4.80
2007.12.12 14:11:57.863,1.47167,1.47172,1.00,8.80
2007.12.12 14:11:58.203,1.47162,1.47167,2.40,4.20
2007.12.12 14:11:58.546,1.4715,1.47165,6.60,2.40
2007.12.12 14:11:58.888,1.47151,1.47157,1.00,8.40
2007.12.12 14:12:01.530,1.47147,1.47157,6.00,6.00
2007.12.12 14:12:02.341,1.47139,1.47144,4.80,11.40
2007.12.12 14:12:02.469,1.47128,1.47133,7.20,3.00
2007.12.12 14:12:02.865,1.47119,1.47124,2.40,7.60
2007.12.12 14:12:02.993,1.47111,1.47116,2.40,2.40
2007.12.12 14:12:03.990,1.47101,1.47111,18.60,1.20
2007.12.12 14:12:04.197,1.471,1.47105,2.40,7.90
2007.12.12 14:12:04.401,1.47095,1.47105,5.40,13.80
2007.12.12 14:12:04.924,1.47096,1.47102,10.60,4.80
2007.12.12 14:12:05.037,1.47091,1.47106,27.90,6.00
2007.12.12 14:12:05.353,1.47092,1.47102,6.60,4.80
2007.12.12 14:12:05.670,1.47091,1.47106,4.80,8.40
2007.12.12 14:12:05.886,1.47092,1.47107,42.00,1.00
2007.12.12 14:12:06.056,1.47097,1.47107,11.40,2.40
2007.12.12 14:12:06.108,1.47099,1.47109,15.00,7.20
2007.12.12 14:12:06.325,1.471,1.4711,12.60,2.40
2007.12.12 14:12:07.028,1.47104,1.47109,24.00,3.00
2007.12.12 14:12:07.519,1.47106,1.47116,6.60,6.00
2007.12.12 14:12:07.631,1.47109,1.47119,15.00,7.80
2007.12.12 14:12:07.742,1.4711,1.4712,7.80,6.00
2007.12.12 14:12:07.924,1.47112,1.47122,7.20,7.80
2007.12.12 14:12:08.868,1.47114,1.47124,6.00,3.30
2007.12.12 14:12:09.684,1.47112,1.47127,8.40,1.00
2007.12.12 14:12:10.293,1.47114,1.47128,10.20,4.80
2007.12.12 14:12:10.515,1.47117,1.47127,4.80,3.60
2007.12.12 14:12:10.604,1.47115,1.47125,1.80,11.10
2007.12.12 14:12:10.911,1.47114,1.47124,3.40,13.20
2007.12.12 14:12:12.701,1.47106,1.47121,7.80,8.80
2007.12.12 14:12:12.858,1.47098,1.47113,12.00,4.80
2007.12.12 14:12:13.013,1.4709,1.47104,4.80,3.00
2007.12.12 14:12:13.317,1.47078,1.47092,2.40,1.20
2007.12.12 14:12:13.621,1.47062,1.47078,20.60,2.40
2007.12.12 14:12:13.925,1.47049,1.47059,4.80,22.00
2007.12.12 14:12:14.214,1.47035,1.47045,14.80,2.40
2007.12.12 14:12:14.357,1.47028,1.47038,2.40,2.70
2007.12.12 14:12:14.501,1.4703,1.47044,2.40,1.20
2007.12.12 14:12:14.646,1.47037,1.47052,3.60,22.80
2007.12.12 14:12:14.789,1.4705,1.4706,19.20,15.40
2007.12.12 14:12:15.084,1.47058,1.47068,1.80,3.90
2007.12.12 14:12:15.380,1.47063,1.47078,2.40,2.40
2007.12.12 14:12:15.681,1.47071,1.47086,14.40,6.00
2007.12.12 14:12:15.977,1.47081,1.47091,7.80,1.00
2007.12.12 14:12:16.274,1.47089,1.47099,6.00,2.40
2007.12.12 14:12:17.104,1.471,1.47104,4.20,1.00
2007.12.12 14:12:17.340,1.47105,1.4711,7.30,4.20
2007.12.12 14:12:17.812,1.47107,1.47117,10.20,2.40
2007.12.12 14:12:18.046,1.47111,1.47121,7.20,5.40
2007.12.12 14:12:18.285,1.47116,1.47126,1.00,2.40
2007.12.12 14:12:18.589,1.47115,1.4713,4.80,3.70
2007.12.12 14:12:18.883,1.47114,1.47134,24.00,1.00
2007.12.12 14:12:19.181,1.47117,1.47132,13.20,4.80
2007.12.12 14:12:19.477,1.47121,1.47131,2.40,2.70
2007.12.12 14:12:19.775,1.47123,1.47128,2.40,11.20
2007.12.12 14:12:20.075,1.47122,1.47127,3.60,2.40
2007.12.12 14:12:20.381,1.47117,1.47127,4.80,11.70
2007.12.12 14:12:20.717,1.47115,1.47125,5.40,2.40
2007.12.12 14:12:21.053,1.47111,1.47126,8.70,1.00
2007.12.12 14:12:21.393,1.4711,1.47125,7.20,6.30
2007.12.12 14:12:21.620,1.4711,1.4712,1.80,2.40
2007.12.12 14:12:21.847,1.4711,1.47115,7.80,23.40
2007.12.12 14:12:22.077,1.47104,1.47119,1.00,2.40
2007.12.12 14:12:22.302,1.47105,1.47115,6.00,2.50
2007.12.12 14:12:22.734,1.47103,1.47113,9.00,15.10
2007.12.12 14:12:22.877,1.47101,1.47111,2.40,1.20
2007.12.12 14:12:23.022,1.47099,1.47109,4.20,9.00
2007.12.12 14:12:23.312,1.471,1.47105,10.20,3.60
2007.12.12 14:12:23.649,1.47097,1.47107,12.60,3.00
2007.12.12 14:12:23.720,1.47096,1.47106,4.80,9.00
2007.12.12 14:12:24.037,1.47098,1.47102,11.40,13.60
2007.12.12 14:12:24.322,1.47094,1.47104,6.00,3.10
2007.12.12 14:12:26.698,1.47096,1.47106,7.80,5.40
2007.12.12 14:12:26.853,1.47097,1.47107,14.40,1.90
2007.12.12 14:12:27.009,1.471,1.4711,10.20,1.80
2007.12.12 14:12:27.325,1.47105,1.47115,9.00,2.40
2007.12.12 14:12:27.481,1.47107,1.47122,6.00,6.00
2007.12.12 14:12:28.066,1.47114,1.47124,4.80,11.10
2007.12.12 14:12:28.309,1.47119,1.47129,8.40,1.00
2007.12.12 14:12:28.449,1.47124,1.47134,4.80,10.60
2007.12.12 14:12:28.637,1.47132,1.47136,21.00,2.40
2007.12.12 14:12:28.821,1.47134,1.47144,10.20,6.90
2007.12.12 14:12:29.005,1.47139,1.47149,4.80,18.10
2007.12.12 14:12:29.932,1.47146,1.47156,7.20,4.80
2007.12.12 14:12:30.841,1.47157,1.47162,14.40,2.40
2007.12.12 14:12:34.145,1.47162,1.47172,10.60,1.20
2007.12.12 14:12:34.381,1.47171,1.47186,8.40,6.00
2007.12.12 14:12:34.621,1.47179,1.47194,2.40,2.40
2007.12.12 14:12:34.945,1.47182,1.47192,3.60,4.80
2007.12.12 14:12:35.837,1.47172,1.47182,6.60,8.40
2007.12.12 14:12:36.081,1.47161,1.47171,8.40,1.00
2007.12.12 14:12:36.581,1.47145,1.47159,10.80,10.80
2007.12.12 14:12:37.283,1.4714,1.47146,27.00,2.40
2007.12.12 14:12:39.281,1.47127,1.47137,1.80,4.80
2007.12.12 14:12:40.597,1.4712,1.4713,18.60,6.00
2007.12.12 14:12:41.441,1.47112,1.47122,21.00,2.40
2007.12.12 14:12:41.933,1.47107,1.47117,3.00,1.00
2007.12.12 14:12:42.097,1.47105,1.47109,7.80,15.60
2007.12.12 14:12:42.377,1.47101,1.47106,5.40,7.20
2007.12.12 14:12:42.657,1.47097,1.47107,5.40,5.40
2007.12.12 14:12:43.217,1.47099,1.47104,2.40,10.20
2007.12.12 14:12:43.461,1.47095,1.47105,1.00,6.00
2007.12.12 14:12:43.706,1.47099,1.47104,2.40,6.00
2007.12.12 14:12:43.957,1.471,1.47105,4.80,7.20
2007.12.12 14:12:44.923,1.471,1.4711,24.60,4.80
2007.12.12 14:12:45.129,1.47103,1.47113,3.60,7.90
2007.12.12 14:12:45.361,1.47107,1.47117,4.80,2.40
2007.12.12 14:12:46.174,1.47111,1.47117,10.00,6.00
2007.12.12 14:12:46.425,1.4711,1.4712,8.40,6.00
2007.12.12 14:12:49.049,1.47111,1.47121,6.00,4.80
2007.12.12 14:12:49.313,1.47112,1.47122,7.80,6.80
2007.12.12 14:12:49.382,1.47113,1.47123,13.80,4.80
2007.12.12 14:12:49.653,1.47115,1.47125,6.60,9.30
2007.12.12 14:12:49.925,1.47114,1.47129,1.00,2.40
2007.12.12 14:12:50.198,1.47115,1.4713,5.40,2.40
2007.12.12 14:12:50.469,1.47114,1.47129,10.80,4.80
2007.12.12 14:12:51.253,1.47117,1.47122,24.60,4.20
2007.12.12 14:12:51.516,1.47116,1.47121,2.40,15.00
2007.12.12 14:12:51.909,1.47115,1.4712,3.00,6.00
2007.12.12 14:12:52.151,1.47111,1.47121,6.00,6.00
2007.12.12 14:12:53.408,1.4711,1.4712,8.40,2.70
2007.12.12 14:12:53.525,1.47113,1.47123,6.00,19.00
2007.12.12 14:12:53.797,1.47118,1.47123,20.20,2.40
2007.12.12 14:12:54.072,1.4712,1.4713,6.60,11.50
2007.12.12 14:12:54.624,1.47128,1.47138,5.40,3.60
2007.12.12 14:12:55.585,1.47139,1.47144,12.60,4.20
2007.12.12 14:12:55.804,1.47147,1.47152,22.00,3.00
2007.12.12 14:12:56.038,1.47151,1.47157,1.00,11.50
2007.12.12 14:13:04.009,1.4716,1.47176,21.00,4.80
2007.12.12 14:13:05.108,1.47163,1.47167,8.40,3.60
2007.12.12 14:13:05.306,1.47156,1.47171,4.80,2.40
2007.12.12 14:13:05.506,1.47156,1.47171,2.40,4.20
2007.12.12 14:13:07.298,1.47157,1.47167,1.00,16.80
2007.12.12 14:13:07.635,1.47158,1.47163,9.00,1.00
2007.12.12 14:13:08.008,1.47156,1.47166,10.20,5.50
2007.12.12 14:13:08.307,1.47157,1.47167,15.00,1.80
2007.12.12 14:13:08.691,1.47155,1.47165,7.20,2.40
2007.12.12 14:13:10.200,1.47153,1.47163,14.60,1.20
2007.12.12 14:13:10.547,1.47152,1.47162,5.40,6.00
2007.12.12 14:13:10.899,1.4715,1.4716,10.20,4.80
2007.12.12 14:13:11.238,1.47151,1.47156,7.80,11.70
2007.12.12 14:13:11.483,1.47146,1.47151,5.40,12.00
2007.12.12 14:13:12.180,1.47139,1.47149,10.80,2.40
2007.12.12 14:13:14.153,1.47136,1.47146,5.40,10.90
2007.12.12 14:13:15.128,1.47133,1.47143,4.80,14.20
2007.12.12 14:13:15.631,1.4713,1.47144,17.40,21.00
2007.12.12 14:13:16.255,1.47129,1.47139,7.80,8.40
2007.12.12 14:13:16.511,1.47128,1.47138,6.00,5.10
2007.12.12 14:13:16.767,1.47124,1.47139,2.40,11.20
2007.12.12 14:13:17.023,1.4712,1.4714,13.20,14.40
2007.12.12 14:13:17.243,1.47119,1.47139,2.40,2.70
2007.12.12 14:13:17.464,1.47117,1.47137,7.80,5.40
2007.12.12 14:13:17.569,1.47122,1.47132,9.00,3.00
2007.12.12 14:13:17.683,1.47118,1.47138,5.40,8.40
2007.12.12 14:13:17.907,1.47121,1.47136,7.80,1.80
2007.12.12 14:13:18.155,1.47122,1.47137,4.80,10.20
2007.12.12 14:13:21.133,1.47123,1.47138,2.40,11.20
2007.12.12 14:13:22.158,1.47126,1.47136,9.60,6.00
2007.12.12 14:13:22.337,1.47127,1.47133,10.80,4.20
2007.12.12 14:13:22.497,1.47126,1.47131,4.90,5.40
2007.12.12 14:13:22.722,1.47124,1.47128,4.80,6.00
2007.12.12 14:13:23.811,1.47119,1.47129,2.40,1.00
2007.12.12 14:13:23.944,1.47114,1.47124,2.40,1.00
2007.12.12 14:13:24.090,1.47109,1.47119,20.40,4.80
2007.12.12 14:13:24.226,1.47107,1.47112,32.10,8.40
2007.12.12 14:13:24.363,1.471,1.47104,4.80,7.20
2007.12.12 14:13:25.320,1.47089,1.47099,1.00,10.00
2007.12.12 14:13:28.995,1.47081,1.47091,4.80,28.00
2007.12.12 14:13:29.267,1.47072,1.47087,4.80,3.00
2007.12.12 14:13:29.539,1.47071,1.47086,2.40,6.60
2007.12.12 14:13:29.811,1.47077,1.47092,3.60,14.80
2007.12.12 14:13:29.979,1.47086,1.47101,6.00,4.70
2007.12.12 14:13:30.063,1.47097,1.47107,3.00,12.10
2007.12.12 14:13:30.315,1.47106,1.47112,4.80,4.80
2007.12.12 14:13:30.401,1.47111,1.47121,7.80,6.00
2007.12.12 14:13:30.569,1.47113,1.47128,14.40,5.40
2007.12.12 14:13:30.654,1.4712,1.4713,7.20,5.70
2007.12.12 14:13:30.738,1.47123,1.47133,8.40,7.90
2007.12.12 14:13:30.827,1.47124,1.47134,6.00,49.20
2007.12.12 14:13:35.135,1.47126,1.47136,8.40,6.00
2007.12.12 14:13:35.479,1.4713,1.47134,1.00,7.20
2007.12.12 14:13:35.651,1.47129,1.47139,8.40,4.80
2007.12.12 14:13:35.823,1.47129,1.47139,7.80,5.40
2007.12.12 14:13:36.195,1.47128,1.47143,2.40,12.10
2007.12.12 14:13:36.395,1.47132,1.47142,6.00,2.40
2007.12.12 14:13:36.598,1.47134,1.47144,6.00,9.60
2007.12.12 14:13:36.802,1.47135,1.47145,4.20,2.40
2007.12.12 14:13:37.019,1.47136,1.47146,2.40,1.00
2007.12.12 14:13:37.244,1.4714,1.47145,28.20,1.50
2007.12.12 14:13:37.469,1.47139,1.47149,7.20,1.00
2007.12.12 14:13:39.415,1.4714,1.4715,1.80,2.40
2007.12.12 14:13:39.765,1.47144,1.47149,5.40,7.80
2007.12.12 14:13:39.823,1.47143,1.47153,9.60,9.30
2007.12.12 14:13:39.907,1.47143,1.47153,10.00,1.00
2007.12.12 14:13:40.208,1.47143,1.47153,7.20,20.80
2007.12.12 14:13:40.510,1.47148,1.47153,3.60,2.40
2007.12.12 14:13:40.773,1.47144,1.47159,8.50,1.00
2007.12.12 14:13:41.893,1.47148,1.47158,4.80,20.50
2007.12.12 14:13:42.522,1.4715,1.4716,10.80,3.00
2007.12.12 14:13:43.195,1.47155,1.47165,5.40,7.80
2007.12.12 14:13:43.531,1.47161,1.47171,2.40,11.30
2007.12.12 14:13:43.691,1.47164,1.47179,12.00,4.80
2007.12.12 14:13:43.796,1.47172,1.47187,3.00,1.00
2007.12.12 14:13:43.898,1.47181,1.47196,20.60,2.40
2007.12.12 14:13:43.999,1.47191,1.47206,12.00,2.40
2007.12.12 14:13:44.074,1.47203,1.47213,3.60,9.00
2007.12.12 14:13:44.108,1.47204,1.47214,7.20,9.60
2007.12.12 14:13:44.174,1.47197,1.47207,35.40,7.30
2007.12.12 14:13:44.272,1.47188,1.47198,1.20,2.40
2007.12.12 14:13:45.591,1.47178,1.47188,1.00,2.40
2007.12.12 14:13:46.005,1.47171,1.47181,5.40,8.40
2007.12.12 14:13:46.207,1.47166,1.47171,9.60,2.40
2007.12.12 14:13:46.413,1.47161,1.47165,1.20,3.00
2007.12.12 14:13:47.184,1.47153,1.47163,2.40,8.40
2007.12.12 14:13:47.474,1.47146,1.47161,6.00,2.80
2007.12.12 14:13:47.723,1.47145,1.47159,2.40,2.40
2007.12.12 14:13:47.959,1.47144,1.47159,29.20,4.80
2007.12.12 14:13:48.195,1.47142,1.47158,5.40,8.40
2007.12.12 14:13:49.015,1.47141,1.47161,3.00,8.40
2007.12.12 14:13:49.307,1.47143,1.47163,2.70,1.00
2007.12.12 14:13:49.747,1.47147,1.47162,21.00,1.80
2007.12.12 14:13:49.894,1.4715,1.4716,3.60,2.40
2007.12.12 14:13:50.041,1.47152,1.47162,10.80,6.00
2007.12.12 14:13:50.195,1.47151,1.47166,22.90,10.20
2007.12.12 14:13:50.486,1.47152,1.47168,6.00,4.80
2007.12.12 14:13:50.739,1.47149,1.47169,10.80,7.80
2007.12.12 14:13:51.243,1.47146,1.47166,10.20,13.80
2007.12.12 14:13:51.747,1.47147,1.47162,2.40,2.40
2007.12.12 14:13:52.067,1.47144,1.47158,3.00,11.40
2007.12.12 14:13:52.383,1.47141,1.47156,3.00,8.40
2007.12.12 14:13:52.699,1.47141,1.47156,7.20,4.80
2007.12.12 14:13:52.995,1.47142,1.47152,3.00,14.50
2007.12.12 14:13:53.295,1.47143,1.47148,15.70,4.80
2007.12.12 14:13:53.591,1.47139,1.47149,1.00,2.40
2007.12.12 14:13:53.783,1.47138,1.47148,1.00,2.40
2007.12.12 14:13:54.551,1.47134,1.47149,6.00,6.00
2007.12.12 14:13:54.743,1.4713,1.4715,6.00,1.20
2007.12.12 14:13:54.963,1.4713,1.47145,7.90,3.60
2007.12.12 14:13:55.183,1.47127,1.47142,3.00,10.20
2007.12.12 14:13:55.406,1.47125,1.4714,3.30,12.30
2007.12.12 14:13:55.639,1.47125,1.4714,6.60,2.40
2007.12.12 14:13:56.107,1.47124,1.47139,3.60,3.00
2007.12.12 14:13:56.334,1.47123,1.47138,3.00,4.80
2007.12.12 14:13:56.559,1.47125,1.4714,5.60,4.80
2007.12.12 14:13:56.879,1.47129,1.47139,8.80,15.60
2007.12.12 14:13:57.195,1.4713,1.4714,8.40,1.80
2007.12.12 14:13:57.511,1.47137,1.47142,3.60,3.00
2007.12.12 14:13:57.827,1.47139,1.47149,1.00,5.20
2007.12.12 14:13:58.083,1.47139,1.47149,3.00,9.90
2007.12.12 14:13:58.339,1.47143,1.47148,2.40,3.30
2007.12.12 14:13:58.595,1.47139,1.47154,4.80,1.20
2007.12.12 14:13:59.615,1.47143,1.47153,3.00,17.10
2007.12.12 14:13:59.867,1.47145,1.47155,3.00,1.90
2007.12.12 14:14:01.781,1.47143,1.47153,9.20,2.40
2007.12.12 14:14:02.156,1.47142,1.47152,8.40,6.70
2007.12.12 14:14:02.278,1.47139,1.47154,9.00,4.80
2007.12.12 14:14:02.401,1.4714,1.4715,22.80,2.40
2007.12.12 14:14:02.644,1.47139,1.47149,14.80,10.20
2007.12.12 14:14:02.994,1.47137,1.47147,1.20,1.00
2007.12.12 14:14:03.947,1.47139,1.47143,5.40,3.00
2007.12.12 14:14:04.106,1.47132,1.47147,21.40,2.40
2007.12.12 14:14:04.843,1.47133,1.47143,1.00,8.80
2007.12.12 14:14:05.621,1.47132,1.47147,7.80,11.70
2007.12.12 14:14:05.960,1.47132,1.47147,7.80,6.00
2007.12.12 14:14:06.634,1.47136,1.47146,6.00,2.40
2007.12.12 14:14:07.394,1.47135,1.4715,1.00,4.80
2007.12.12 14:14:07.550,1.47139,1.47149,1.80,2.40
2007.12.12 14:14:07.701,1.4714,1.4715,9.60,6.00
2007.12.12 14:14:08.386,1.47139,1.47149,9.60,2.40
2007.12.12 14:14:08.540,1.47137,1.47147,2.40,5.80
2007.12.12 14:14:08.726,1.47138,1.47143,2.40,1.00
2007.12.12 14:14:08.998,1.47133,1.47143,4.80,5.20
2007.12.12 14:14:09.274,1.47132,1.47142,6.00,6.10
2007.12.12 14:14:09.605,1.47127,1.47137,4.80,4.80
2007.12.12 14:14:09.820,1.47124,1.47134,2.40,9.40
2007.12.12 14:14:09.960,1.47122,1.47132,7.80,9.00
2007.12.12 14:14:10.110,1.47121,1.47131,2.40,10.20
2007.12.12 14:14:10.250,1.47122,1.47127,1.00,2.70
2007.12.12 14:14:10.532,1.47121,1.47126,2.40,8.40
2007.12.12 14:14:11.432,1.47114,1.47124,2.40,9.40
2007.12.12 14:14:11.524,1.47111,1.47115,1.00,6.00
2007.12.12 14:14:11.865,1.47101,1.47111,6.60,2.40
2007.12.12 14:14:12.081,1.47093,1.47103,3.60,3.30
2007.12.12 14:14:12.286,1.47085,1.47089,24.00,4.80
2007.12.12 14:14:12.486,1.47071,1.47081,4.80,15.70
2007.12.12 14:14:12.686,1.47059,1.47069,28.80,5.40
2007.12.12 14:14:12.890,1.47055,1.47065,6.00,4.80
2007.12.12 14:14:13.206,1.47063,1.47068,6.40,6.00
2007.12.12 14:14:13.266,1.4707,1.47076,2.40,6.00
2007.12.12 14:14:14.269,1.47078,1.47084,24.00,3.00
2007.12.12 14:14:15.008,1.47085,1.47089,3.60,4.80
2007.12.12 14:14:15.232,1.47092,1.47097,10.20,10.50
2007.12.12 14:14:16.730,1.47098,1.47104,17.40,3.00
2007.12.12 14:14:17.025,1.47103,1.47108,9.00,6.00
2007.12.12 14:14:17.262,1.47105,1.47115,9.60,1.00
2007.12.12 14:14:17.498,1.47109,1.47119,13.80,4.80
2007.12.12 14:14:17.736,1.47115,1.4712,8.40,2.40
2007.12.12 14:14:17.978,1.47116,1.47122,6.00,2.40
2007.12.12 14:14:18.298,1.47115,1.47125,13.80,11.40
2007.12.12 14:14:18.618,1.47116,1.47126,2.40,1.80
2007.12.12 14:14:18.938,1.47117,1.47127,13.20,11.40
2007.12.12 14:14:19.254,1.47121,1.47127,4.20,1.00
2007.12.12 14:14:19.401,1.47123,1.47127,2.40,3.00
2007.12.12 14:14:20.534,1.47125,1.4713,4.80,7.80
2007.12.12 14:14:21.090,1.47122,1.47136,14.40,4.80
2007.12.12 14:14:21.317,1.47128,1.47133,11.50,4.80
2007.12.12 14:14:21.394,1.47126,1.47136,24.60,2.40
2007.12.12 14:14:22.050,1.47125,1.4714,6.00,6.00
2007.12.12 14:14:22.474,1.47126,1.47141,19.80,24.00
2007.12.12 14:14:22.674,1.47128,1.47143,20.50,9.00
2007.12.12 14:14:22.774,1.47126,1.47141,2.40,3.00
2007.12.12 14:14:22.874,1.47125,1.4714,14.40,2.40
2007.12.12 14:14:23.074,1.47126,1.47141,10.20,4.80
2007.12.12 14:14:23.174,1.47128,1.47143,6.00,8.80
2007.12.12 14:14:23.376,1.47129,1.47144,4.80,4.80
2007.12.12 14:14:23.478,1.47131,1.47146,10.80,6.60
2007.12.12 14:14:23.804,1.47129,1.47144,4.80,9.00
2007.12.12 14:14:24.130,1.47128,1.47143,26.50,8.40
2007.12.12 14:14:24.454,1.47126,1.47141,4.80,2.40
2007.12.12 14:14:24.698,1.47125,1.4714,16.20,2.60
2007.12.12 14:14:24.941,1.47124,1.47139,19.80,1.00
2007.12.12 14:14:25.184,1.47123,1.47138,2.40,1.00
2007.12.12 14:14:26.918,1.47124,1.47134,15.00,7.80
2007.12.12 14:14:27.082,1.47121,1.47136,15.60,7.80
2007.12.12 14:14:27.400,1.47122,1.47132,5.40,2.40
2007.12.12 14:14:28.299,1.47119,1.47133,7.20,12.60
2007.12.12 14:14:29.225,1.4712,1.4713,6.00,6.00
2007.12.12 14:14:29.318,1.47116,1.47131,7.20,4.80
2007.12.12 14:14:29.654,1.47117,1.47127,9.00,7.80
2007.12.12 14:14:29.766,1.47116,1.47126,7.20,7.80
2007.12.12 14:14:29.882,1.47117,1.47122,12.00,7.50
2007.12.12 14:14:30.110,1.47116,1.47121,1.00,4.80
2007.12.12 14:14:30.222,1.47116,1.47121,2.40,3.30
2007.12.12 14:14:30.334,1.47115,1.47125,1.00,2.70
2007.12.12 14:14:30.450,1.47116,1.47126,16.20,2.40
2007.12.12 14:14:30.562,1.47115,1.4713,4.80,7.20
2007.12.12 14:14:30.678,1.47117,1.47132,8.40,5.50
2007.12.12 14:14:30.824,1.4712,1.47135,18.00,6.00
2007.12.12 14:14:30.982,1.47127,1.47132,4.80,5.40
2007.12.12 14:14:31.286,1.47129,1.47133,7.20,6.00
2007.12.12 14:14:31.590,1.47128,1.47138,4.80,7.80
2007.12.12 14:14:31.762,1.47131,1.47141,1.80,4.80
2007.12.12 14:14:31.934,1.47136,1.47146,7.20,4.80
2007.12.12 14:14:32.110,1.47141,1.47151,2.40,9.00
2007.12.12 14:14:32.283,1.47148,1.47158,6.00,10.50
2007.12.12 14:14:32.470,1.47157,1.47167,2.40,8.40
2007.12.12 14:14:32.642,1.47165,1.4718,19.20,21.60
2007.12.12 14:14:33.110,1.47176,1.47191,4.80,4.80
2007.12.12 14:14:33.267,1.47187,1.47202,7.80,11.40
2007.12.12 14:14:33.430,1.47193,1.47203,2.40,9.30
2007.12.12 14:14:33.599,1.47183,1.47193,5.40,8.10
2007.12.12 14:14:33.757,1.47173,1.47179,7.20,1.20
2007.12.12 14:14:33.937,1.47164,1.47169,6.00,72.60
2007.12.12 14:14:34.208,1.47149,1.47165,6.60,9.90
2007.12.12 14:14:34.290,1.47145,1.47155,6.60,4.80
2007.12.12 14:14:34.826,1.4714,1.4715,6.00,2.40
2007.12.12 14:14:35.018,1.47139,1.47149,9.60,22.00
2007.12.12 14:14:35.458,1.47137,1.47147,6.60,2.70
2007.12.12 14:14:35.552,1.47136,1.47146,6.00,11.60
2007.12.12 14:14:35.978,1.47138,1.47148,10.80,9.00
2007.12.12 14:14:36.441,1.47136,1.47146,2.40,15.00
2007.12.12 14:14:37.066,1.47135,1.47145,2.40,7.20
2007.12.12 14:14:37.148,1.47133,1.47148,2.40,2.40
2007.12.12 14:14:37.362,1.47137,1.47147,1.00,1.80
2007.12.12 14:14:37.462,1.47143,1.47147,2.40,6.00
2007.12.12 14:14:37.662,1.47141,1.47151,10.20,1.80
2007.12.12 14:14:37.862,1.4714,1.47155,10.20,12.00
2007.12.12 14:14:38.376,1.47144,1.47154,4.80,9.60
2007.12.12 14:14:38.638,1.47146,1.47156,4.80,1.20
2007.12.12 14:14:38.897,1.47146,1.47156,5.40,7.20
2007.12.12 14:14:39.237,1.4715,1.47155,2.40,2.40
2007.12.12 14:14:39.574,1.47145,1.47155,1.00,4.80
2007.12.12 14:14:39.912,1.47143,1.47153,7.20,10.20
2007.12.12 14:14:40.869,1.47142,1.47152,2.40,7.80
2007.12.12 14:14:41.136,1.47137,1.47147,10.20,3.10
2007.12.12 14:14:42.075,1.47132,1.47142,2.40,6.00
2007.12.12 14:14:42.582,1.47127,1.47143,4.80,16.30
2007.12.12 14:14:42.946,1.47127,1.47142,8.40,7.20
2007.12.12 14:14:43.282,1.47126,1.47141,10.20,6.60
2007.12.12 14:14:44.473,1.47125,1.4714,6.60,4.80
2007.12.12 14:14:44.732,1.47124,1.47139,4.80,2.40
2007.12.12 14:14:44.993,1.47125,1.4714,1.80,13.90
2007.12.12 14:14:45.154,1.47126,1.47141,4.90,2.40
2007.12.12 14:14:45.298,1.47126,1.47141,6.00,2.40
2007.12.12 14:14:45.442,1.47128,1.47143,7.80,4.90
2007.12.12 14:14:45.585,1.4713,1.4714,2.40,16.80
2007.12.12 14:14:45.730,1.47129,1.47139,4.30,4.80
2007.12.12 14:14:45.874,1.47126,1.47136,7.80,17.50
2007.12.12 14:14:46.017,1.47127,1.47132,18.60,5.40
2007.12.12 14:14:46.333,1.47126,1.47131,3.60,9.00
2007.12.12 14:14:46.649,1.4712,1.47135,13.20,3.00
2007.12.12 14:14:47.350,1.47116,1.47136,7.20,12.00
2007.12.12 14:14:47.546,1.47115,1.47135,9.00,14.10
2007.12.12 14:14:47.742,1.47119,1.47129,27.60,4.80
2007.12.12 14:14:47.938,1.47117,1.47132,3.00,7.20
2007.12.12 14:14:49.022,1.47118,1.47133,26.80,2.40
2007.12.12 14:14:49.361,1.4712,1.47135,6.60,16.80
2007.12.12 14:14:49.702,1.47119,1.47139,13.60,4.80
2007.12.12 14:14:50.051,1.47127,1.47137,6.60,4.80
2007.12.12 14:14:50.414,1.47123,1.47143,4.80,6.60
2007.12.12 14:14:50.594,1.47124,1.47144,12.60,1.00
2007.12.12 14:14:50.774,1.47126,1.47146,7.80,6.00
2007.12.12 14:14:50.953,1.47135,1.4714,2.40,1.00
2007.12.12 14:14:51.130,1.47131,1.47146,1.00,10.00
2007.12.12 14:14:51.453,1.47132,1.47142,6.00,2.40
2007.12.12 14:14:51.778,1.47132,1.47147,2.40,4.50
2007.12.12 14:14:52.102,1.47138,1.47143,3.00,11.20
2007.12.12 14:14:52.354,1.47139,1.47149,3.00,11.80
2007.12.12 14:14:52.482,1.47146,1.47151,7.20,12.60
2007.12.12 14:14:53.426,1.4715,1.47165,2.40,12.10
2007.12.12 14:14:54.354,1.47158,1.47174,2.40,20.80
2007.12.12 14:14:54.615,1.47172,1.47182,35.40,7.20
2007.12.12 14:14:56.631,1.47182,1.47192,4.80,2.40
2007.12.12 14:14:59.042,1.47188,1.47198,14.70,7.20
2007.12.12 14:15:02.763,1.47193,1.47197,6.00,1.20
2007.12.12 14:15:04.464,1.47185,1.47195,2.40,4.60
2007.12.12 14:15:04.700,1.47177,1.47192,7.80,4.80
2007.12.12 14:15:04.936,1.47172,1.47192,2.40,6.00
2007.12.12 14:15:05.172,1.47174,1.47189,2.40,4.30
2007.12.12 14:15:05.456,1.47179,1.47189,20.60,2.40
2007.12.12 14:15:05.734,1.47181,1.47196,2.40,28.40
2007.12.12 14:15:06.016,1.47184,1.47199,4.80,13.80
2007.12.12 14:15:06.300,1.47189,1.47204,6.00,6.00
2007.12.12 14:15:06.516,1.47194,1.47204,1.20,2.40
2007.12.12 14:15:06.732,1.47192,1.47207,1.20,24.70
2007.12.12 14:15:06.947,1.47193,1.47208,10.80,2.40
2007.12.12 14:15:07.163,1.47194,1.47204,5.40,10.20
2007.12.12 14:15:07.503,1.47195,1.472,32.40,7.50
2007.12.12 14:15:07.844,1.47191,1.47201,10.00,2.40
2007.12.12 14:15:08.180,1.4719,1.47205,2.40,2.40
2007.12.12 14:15:08.364,1.47193,1.47203,2.40,2.40
2007.12.12 14:15:08.548,1.47194,1.47204,5.40,6.60
2007.12.12 14:15:08.908,1.47192,1.47207,12.60,4.80
2007.12.12 14:15:09.092,1.47193,1.47203,4.80,3.40
2007.12.12 14:15:09.276,1.47189,1.47204,5.40,4.20
2007.12.12 14:15:09.492,1.47187,1.47202,7.80,1.20
2007.12.12 14:15:09.707,1.47186,1.47201,7.20,9.70
2007.12.12 14:15:09.924,1.47185,1.472,2.40,9.60
2007.12.12 14:15:10.139,1.47185,1.472,1.80,4.00
2007.12.12 14:15:10.354,1.47186,1.47196,2.40,6.60
2007.12.12 14:15:10.695,1.47187,1.47197,3.60,1.00
2007.12.12 14:15:11.452,1.47189,1.47199,4.80,6.10
2007.12.12 14:15:11.624,1.47187,1.47197,2.40,2.40
2007.12.12 14:15:11.794,1.47186,1.47196,11.40,1.80
2007.12.12 14:15:11.882,1.47188,1.47193,13.80,4.80
2007.12.12 14:15:11.982,1.47187,1.47192,15.60,1.20
2007.12.12 14:15:12.155,1.47188,1.47193,3.60,12.00
2007.12.12 14:15:12.239,1.47187,1.47197,1.00,8.40
2007.12.12 14:15:12.324,1.47187,1.47197,3.00,7.20
2007.12.12 14:15:12.393,1.47189,1.47199,6.00,6.00
2007.12.12 14:15:13.585,1.47184,1.47204,10.20,4.20
2007.12.12 14:15:13.792,1.47187,1.47197,4.20,9.20
2007.12.12 14:15:14.032,1.47181,1.47201,4.80,3.00
2007.12.12 14:15:14.252,1.47179,1.47199,8.40,2.40
2007.12.12 14:15:14.475,1.47174,1.47194,1.00,15.60
2007.12.12 14:15:15.151,1.47164,1.4719,9.70,2.40
2007.12.12 14:15:15.491,1.47159,1.47179,8.40,2.40
2007.12.12 14:15:15.736,1.47147,1.47167,15.00,6.90
2007.12.12 14:15:15.979,1.47136,1.47156,1.20,2.40
2007.12.12 14:15:16.222,1.47138,1.47153,10.60,4.80
2007.12.12 14:15:16.468,1.47153,1.47163,3.60,22.80
2007.12.12 14:15:16.593,1.47163,1.47178,11.40,2.40
2007.12.12 14:15:16.855,1.47174,1.47189,6.00,4.20
2007.12.12 14:15:16.979,1.47183,1.47193,6.00,2.40
2007.12.12 14:15:17.486,1.47187,1.47197,4.80,9.60
2007.12.12 14:15:18.171,1.47185,1.472,6.00,22.00
2007.12.12 14:15:18.654,1.47183,1.47199,4.80,16.80
2007.12.12 14:15:18.998,1.4718,1.47196,13.80,7.20
2007.12.12 14:15:20.371,1.4718,1.4719,2.40,2.40
2007.12.12 14:15:20.524,1.47175,1.4719,1.00,7.20
2007.12.12 14:15:20.784,1.47173,1.47188,17.40,4.80
2007.12.12 14:15:21.042,1.4717,1.47186,3.60,9.00
2007.12.12 14:15:21.301,1.47171,1.47181,1.80,2.40
2007.12.12 14:15:21.587,1.47166,1.47176,11.00,3.60
2007.12.12 14:15:21.926,1.47164,1.47174,8.40,7.20
2007.12.12 14:15:22.607,1.47165,1.4717,4.20,10.20
2007.12.12 14:15:22.764,1.47162,1.47172,22.80,2.40
2007.12.12 14:15:23.084,1.47162,1.47172,16.80,14.70
2007.12.12 14:15:23.236,1.47163,1.47173,4.20,12.70
2007.12.12 14:15:23.388,1.47162,1.47177,3.00,4.80
2007.12.12 14:15:23.548,1.47164,1.47174,7.80,9.60
2007.12.12 14:15:23.703,1.47166,1.47171,8.80,22.30
2007.12.12 14:15:24.380,1.47164,1.47174,20.50,2.40
2007.12.12 14:15:24.719,1.47166,1.47176,7.20,4.80
2007.12.12 14:15:24.916,1.4717,1.4718,8.40,12.60
2007.12.12 14:15:25.304,1.47167,1.47192,9.60,4.20
2007.12.12 14:15:25.500,1.47174,1.47199,15.00,4.20
2007.12.12 14:15:25.695,1.47182,1.47202,1.80,11.10
2007.12.12 14:15:26.035,1.47184,1.47209,1.00,7.80
2007.12.12 14:15:26.103,1.47188,1.47208,3.00,6.10
2007.12.12 14:15:26.376,1.47194,1.47204,8.40,3.30
2007.12.12 14:15:26.715,1.47187,1.47207,1.00,2.50
2007.12.12 14:15:27.056,1.47186,1.47206,7.80,4.00
2007.12.12 14:15:27.127,1.4719,1.47196,1.80,2.40
2007.12.12 14:15:27.395,1.47184,1.47199,2.40,3.00
2007.12.12 14:15:27.732,1.47186,1.47196,4.80,2.40
2007.12.12 14:15:27.880,1.47184,1.47199,1.00,16.40
2007.12.12 14:15:28.163,1.4719,1.47195,4.20,9.20
2007.12.12 14:15:28.308,1.47184,1.47204,3.00,8.50
2007.12.12 14:15:28.452,1.4719,1.47205,1.20,2.40
2007.12.12 14:15:28.595,1.47194,1.47209,2.40,20.40
2007.12.12 14:15:28.850,1.47199,1.47214,7.80,4.90
2007.12.12 14:15:29.106,1.47202,1.47212,1.80,2.40
2007.12.12 14:15:29.631,1.47199,1.47215,17.40,1.00
2007.12.12 14:15:30.092,1.47196,1.47216,19.30,7.20
2007.12.12 14:15:30.336,1.4719,1.4721,1.00,4.80
2007.12.12 14:15:30.580,1.47186,1.47206,9.60,15.40
2007.12.12 14:15:30.824,1.47179,1.47199,7.20,7.40
2007.12.12 14:15:31.040,1.47174,1.47189,4.80,12.60
2007.12.12 14:15:31.256,1.47168,1.47183,2.40,1.00
2007.12.12 14:15:31.682,1.47163,1.47178,8.40,6.00
2007.12.12 14:15:31.900,1.47158,1.47178,7.20,4.80
2007.12.12 14:15:32.240,1.47159,1.47174,4.80,7.80
2007.12.12 14:15:32.916,1.47159,1.47179,14.40,17.40
2007.12.12 14:15:33.044,1.47163,1.47178,2.40,4.80
2007.12.12 14:15:33.171,1.47167,1.47177,1.20,2.40
2007.12.12 14:15:33.544,1.47167,1.47182,3.60,14.60
2007.12.12 14:15:33.672,1.47166,1.47186,4.80,1.00
2007.12.12 14:15:33.800,1.47166,1.4719,10.20,4.80
2007.12.12 14:15:33.928,1.47171,1.47191,7.80,7.20
2007.12.12 14:15:34.176,1.47174,1.47194,14.50,2.40
2007.12.12 14:15:34.424,1.47181,1.47196,6.00,2.50
2007.12.12 14:15:34.671,1.47186,1.472,7.80,7.80
2007.12.12 14:15:35.244,1.47187,1.47202,6.60,7.20
2007.12.12 14:15:35.572,1.4719,1.47205,4.80,7.80
2007.12.12 14:15:35.900,1.47195,1.4721,6.60,2.40
2007.12.12 14:15:36.367,1.47203,1.47213,4.80,1.00
2007.12.12 14:15:36.603,1.47211,1.47221,4.80,4.80
2007.12.12 14:15:36.840,1.47217,1.47237,7.80,7.20
2007.12.12 14:15:37.076,1.47228,1.47243,2.40,2.40
2007.12.12 14:15:37.336,1.47232,1.47242,12.60,4.80
2007.12.12 14:15:37.596,1.47222,1.47232,16.80,1.20
2007.12.12 14:15:37.855,1.47206,1.47226,20.60,2.40
2007.12.12 14:15:38.116,1.47195,1.47215,7.20,1.00
2007.12.12 14:15:38.404,1.47191,1.47207,22.80,2.40
2007.12.12 14:15:38.692,1.47188,1.47203,9.00,3.20
2007.12.12 14:15:38.980,1.47184,1.47204,6.00,8.40
2007.12.12 14:15:39.228,1.47183,1.47203,10.20,1.00
2007.12.12 14:15:39.476,1.47181,1.47201,6.60,3.60
2007.12.12 14:15:39.724,1.47184,1.47198,4.80,7.80
2007.12.12 14:15:39.972,1.47182,1.47197,4.80,10.90
2007.12.12 14:15:41.812,1.47178,1.47198,5.40,4.80
2007.12.12 14:15:42.008,1.47179,1.47195,12.00,4.80
2007.12.12 14:15:42.354,1.47181,1.47191,2.40,8.40
2007.12.12 14:15:42.504,1.47185,1.4719,3.60,5.40
2007.12.12 14:15:42.952,1.47181,1.47196,21.60,8.40
2007.12.12 14:15:43.328,1.47183,1.47197,1.20,10.80
2007.12.12 14:15:44.584,1.47183,1.47198,10.20,6.00
2007.12.12 14:15:44.789,1.47182,1.47197,10.20,4.80
2007.12.12 14:15:45.011,1.47181,1.47196,2.40,8.40
2007.12.12 14:15:46.195,1.47182,1.47192,7.20,5.40
2007.12.12 14:15:46.436,1.47181,1.47191,6.60,5.70
2007.12.12 14:15:46.513,1.4718,1.47195,2.40,12.60
2007.12.12 14:15:46.604,1.4718,1.47195,1.00,10.50
2007.12.12 14:15:46.928,1.47181,1.47191,20.40,6.10
2007.12.12 14:15:47.070,1.47176,1.47191,4.80,1.20
2007.12.12 14:15:47.150,1.47175,1.4719,10.80,15.00
2007.12.12 14:15:47.458,1.47175,1.47185,7.80,4.80
2007.12.12 14:15:47.715,1.47172,1.47182,3.00,1.00
2007.12.12 14:15:47.968,1.47169,1.47184,2.40,3.00
2007.12.12 14:15:48.472,1.47168,1.47183,1.20,10.80
2007.12.12 14:15:48.967,1.47168,1.47183,2.40,4.80
2007.12.12 14:15:49.055,1.47169,1.47184,8.40,2.40
2007.12.12 14:15:49.301,1.47172,1.47182,1.00,6.00
2007.12.12 14:15:49.618,1.47174,1.47184,7.20,1.00
2007.12.12 14:15:49.935,1.47178,1.47183,20.10,2.40
2007.12.12 14:15:50.015,1.47178,1.47183,10.20,2.40
2007.12.12 14:15:51.704,1.47177,1.47187,6.00,2.50
2007.12.12 14:15:51.828,1.47179,1.47189,2.40,15.00
2007.12.12 14:15:51.952,1.4718,1.4719,10.20,3.00
2007.12.12 14:15:52.075,1.47182,1.47192,14.40,1.80
2007.12.12 14:15:54.103,1.47181,1.47196,4.90,2.40
2007.12.12 14:15:54.311,1.47183,1.47193,3.00,3.00
2007.12.12 14:15:54.652,1.47181,1.47191,6.00,1.60
2007.12.12 14:15:54.820,1.47181,1.47186,9.60,10.20
2007.12.12 14:15:55.134,1.47176,1.47186,10.20,1.00
2007.12.12 14:15:55.450,1.47174,1.47184,6.00,2.40
2007.12.12 14:15:55.989,1.4717,1.47185,2.40,3.30
2007.12.12 14:15:56.368,1.47169,1.47184,3.60,6.00
2007.12.12 14:15:56.705,1.47169,1.47184,8.40,4.20
2007.12.12 14:15:56.945,1.4717,1.47185,22.20,9.60
2007.12.12 14:15:57.173,1.47172,1.47187,3.00,17.40
2007.12.12 14:15:57.400,1.47177,1.47187,10.60,7.80
2007.12.12 14:15:58.374,1.47176,1.47196,1.00,12.40
2007.12.12 14:15:59.069,1.47183,1.47193,4.80,4.80
2007.12.12 14:15:59.335,1.47186,1.4719,3.00,2.40
2007.12.12 14:16:00.012,1.47173,1.47183,8.40,3.40
2007.12.12 14:16:00.335,1.47172,1.47182,4.20,9.00
2007.12.12 14:16:01.637,1.47173,1.47177,1.20,4.50
2007.12.12 14:16:02.012,1.47166,1.47181,5.40,4.80
2007.12.12 14:16:02.303,1.47164,1.47179,10.20,4.80
2007.12.12 14:16:02.451,1.47163,1.47173,2.40,12.10
2007.12.12 14:16:02.600,1.47164,1.47169,4.80,11.40
2007.12.12 14:16:02.864,1.4716,1.4717,2.40,1.20
2007.12.12 14:16:03.128,1.4716,1.4717,3.00,2.70
2007.12.12 14:16:04.972,1.47158,1.47168,4.80,2.40
2007.12.12 14:16:06.376,1.47159,1.47169,5.40,16.80
2007.12.12 14:16:07.036,1.4716,1.4717,1.20,3.30
2007.12.12 14:16:07.200,1.47162,1.47172,7.80,6.80
2007.12.12 14:16:07.363,1.47163,1.47173,2.40,6.90
2007.12.12 14:16:07.528,1.47164,1.47174,7.80,2.40
2007.12.12 14:16:07.692,1.47166,1.47176,13.20,7.80
2007.12.12 14:16:08.032,1.47165,1.4718,6.00,6.80
2007.12.12 14:16:08.371,1.47171,1.47176,12.00,9.90
2007.12.12 14:16:08.712,1.4717,1.4718,2.40,8.40
2007.12.12 14:16:08.835,1.47171,1.47181,2.40,1.80
2007.12.12 14:16:09.212,1.47173,1.47183,10.20,4.80
2007.12.12 14:16:09.456,1.47174,1.47184,6.00,4.80
2007.12.12 14:16:09.699,1.47175,1.47185,8.40,6.00
2007.12.12 14:16:10.039,1.47179,1.47184,1.80,14.00
2007.12.12 14:16:10.380,1.47178,1.47188,3.00,1.00
2007.12.12 14:16:10.720,1.4718,1.4719,7.80,4.80
2007.12.12 14:16:12.734,1.47182,1.47192,13.80,1.00
2007.12.12 14:16:13.072,1.47187,1.47197,2.40,7.00
2007.12.12 14:16:13.415,1.47195,1.47199,7.80,4.80
2007.12.12 14:16:13.571,1.47199,1.47209,1.00,6.00
2007.12.12 14:16:15.908,1.47206,1.47216,9.00,4.80
2007.12.12 14:16:16.247,1.47206,1.47216,9.00,1.00
2007.12.12 14:16:16.586,1.47197,1.47207,1.00,1.00
2007.12.12 14:16:17.646,1.47188,1.47198,9.60,5.80
2007.12.12 14:16:17.828,1.47179,1.47189,15.60,1.00
2007.12.12 14:16:18.023,1.47172,1.47182,8.40,6.00
2007.12.12 14:16:18.283,1.47168,1.47178,1.80,9.70
2007.12.12 14:16:18.543,1.47164,1.47174,11.40,4.80
2007.12.12 14:16:18.801,1.47165,1.4717,4.80,2.40
2007.12.12 14:16:19.896,1.47162,1.47172,12.60,4.80
2007.12.12 14:16:20.119,1.4716,1.4717,2.40,1.00
2007.12.12 14:16:22.859,1.47161,1.47166,15.30,1.00
2007.12.12 14:16:23.196,1.4716,1.47165,4.20,7.80
2007.12.12 14:16:23.404,1.47158,1.47168,7.20,15.10
2007.12.12 14:16:23.680,1.4716,1.4717,2.40,9.10
2007.12.12 14:16:23.736,1.47164,1.47169,8.40,6.00
2007.12.12 14:16:30.306,1.47163,1.47173,2.40,19.90
2007.12.12 14:16:30.435,1.47161,1.47177,4.80,1.00
2007.12.12 14:16:31.242,1.47166,1.47176,10.20,4.20
2007.12.12 14:16:32.045,1.47166,1.47176,11.40,2.40
2007.12.12 14:16:35.107,1.47165,1.4718,2.40,1.00
2007.12.12 14:16:35.411,1.47164,1.4718,1.00,8.80
2007.12.12 14:16:35.715,1.47163,1.47178,5.40,4.80
2007.12.12 14:16:36.020,1.47164,1.47169,27.00,7.80
2007.12.12 14:16:36.220,1.47157,1.47167,2.40,5.40
2007.12.12 14:16:38.192,1.47146,1.47161,4.80,15.70
2007.12.12 14:16:38.316,1.47135,1.47151,7.80,6.00
2007.12.12 14:16:38.559,1.47129,1.47139,4.80,12.60
2007.12.12 14:16:38.802,1.47127,1.47131,2.40,6.00
2007.12.12 14:16:41.976,1.47124,1.4714,10.80,1.00
2007.12.12 14:16:42.269,1.4713,1.47146,9.00,6.00
2007.12.12 14:16:42.592,1.47143,1.47147,12.60,3.10
2007.12.12 14:16:43.240,1.47144,1.47154,6.00,3.10
2007.12.12 14:16:43.667,1.47146,1.4716,5.40,11.40
2007.12.12 14:16:44.307,1.4715,1.47165,7.20,5.40
2007.12.12 14:16:44.515,1.47156,1.47161,14.40,9.40
2007.12.12 14:16:44.723,1.47156,1.47161,2.40,10.30
2007.12.12 14:16:44.931,1.47157,1.47162,4.80,13.90
2007.12.12 14:16:45.139,1.47158,1.47163,2.40,6.90
2007.12.12 14:16:47.256,1.47157,1.47167,1.00,2.40
2007.12.12 14:16:48.027,1.47157,1.47167,7.20,4.80
2007.12.12 14:16:48.208,1.47156,1.47166,18.30,12.00
2007.12.12 14:16:48.294,1.47155,1.47165,11.40,1.80
2007.12.12 14:16:48.387,1.47151,1.47166,2.40,2.40
2007.12.12 14:16:48.565,1.47151,1.47166,2.40,6.60
2007.12.12 14:16:48.676,1.47155,1.4716,14.40,2.40
2007.12.12 14:16:48.888,1.47154,1.47159,6.00,5.70
2007.12.12 14:16:49.190,1.47156,1.47161,13.80,1.00
2007.12.12 14:16:49.310,1.47156,1.47166,13.80,1.00
2007.12.12 14:16:49.726,1.47161,1.47171,18.60,4.80
2007.12.12 14:16:50.944,1.47169,1.47179,2.40,4.80
2007.12.12 14:16:55.538,1.47176,1.47186,2.40,11.20
2007.12.12 14:16:55.660,1.4718,1.4719,2.40,6.00
2007.12.12 14:17:03.920,1.47159,1.47175,9.00,3.00
2007.12.12 14:17:12.390,1.47157,1.47172,3.00,3.00
2007.12.12 14:17:12.919,1.47153,1.47168,2.40,9.00
2007.12.12 14:17:13.173,1.47149,1.47164,42.00,1.00
2007.12.12 14:17:13.939,1.47145,1.4716,5.40,2.40
2007.12.12 14:17:15.450,1.47144,1.47159,3.90,4.80
2007.12.12 14:17:15.869,1.47142,1.47157,2.40,7.50
2007.12.12 14:17:16.025,1.47141,1.47156,7.20,1.00
2007.12.12 14:17:16.181,1.4714,1.47155,6.00,18.10
2007.12.12 14:17:16.638,1.4714,1.4715,10.80,10.90
2007.12.12 14:17:16.802,1.47139,1.47149,15.00,3.00
2007.12.12 14:17:17.033,1.47137,1.47147,10.80,7.20
2007.12.12 14:17:17.266,1.47137,1.47142,7.80,18.60
2007.12.12 14:17:17.496,1.4713,1.4714,6.00,7.90
2007.12.12 14:17:17.725,1.47127,1.47133,6.60,4.80
2007.12.12 14:17:17.953,1.47121,1.47126,4.80,6.00
2007.12.12 14:17:22.450,1.47107,1.47122,9.00,4.80
2007.12.12 14:17:22.613,1.47097,1.47111,6.00,7.90
2007.12.12 14:17:22.797,1.47088,1.47102,21.60,8.40
2007.12.12 14:17:22.921,1.47087,1.47097,9.00,4.90
2007.12.12 14:17:23.009,1.47098,1.47104,22.90,3.90
2007.12.12 14:17:23.094,1.4711,1.47115,3.60,17.20
2007.12.12 14:17:23.237,1.47123,1.47127,5.00,7.20
2007.12.12 14:17:26.438,1.47128,1.47144,15.00,2.40
2007.12.12 14:17:26.603,1.47138,1.47154,3.60,3.40
2007.12.12 14:17:26.788,1.47148,1.47158,12.60,4.80
2007.12.12 14:17:26.958,1.47158,1.47163,1.20,2.40
2007.12.12 14:17:36.297,1.47156,1.47172,15.00,4.80
2007.12.12 14:17:36.441,1.47162,1.47172,10.80,8.00
2007.12.12 14:17:36.604,1.47166,1.47171,5.40,2.40
2007.12.12 14:17:36.767,1.47164,1.47169,7.20,3.00
2007.12.12 14:17:38.612,1.4716,1.4717,20.40,4.20
2007.12.12 14:17:40.202,1.47158,1.47168,2.40,16.80
2007.12.12 14:17:40.377,1.47156,1.47166,3.00,2.40
2007.12.12 14:17:40.645,1.47155,1.47165,6.60,6.00
2007.12.12 14:17:40.742,1.47153,1.47163,7.90,10.20
2007.12.12 14:17:40.837,1.47152,1.47162,18.00,4.80
2007.12.12 14:17:40.931,1.4715,1.4716,2.40,5.40
2007.12.12 14:17:41.029,1.47146,1.47161,24.00,1.00
2007.12.12 14:17:41.944,1.47145,1.4716,2.40,11.40
2007.12.12 14:17:42.243,1.47146,1.47156,3.60,2.40
2007.12.12 14:17:43.078,1.47145,1.47155,13.80,6.10
2007.12.12 14:17:43.121,1.47144,1.47154,7.80,11.40
2007.12.12 14:17:43.164,1.47147,1.47157,4.80,4.80
2007.12.12 14:17:43.265,1.47147,1.47162,10.80,8.00
2007.12.12 14:17:43.344,1.47155,1.47165,17.40,3.00
2007.12.12 14:17:43.392,1.47161,1.47177,8.40,9.40
2007.12.12 14:17:43.490,1.47173,1.47187,20.50,2.40
2007.12.12 14:17:45.617,1.47185,1.472,4.80,3.00
2007.12.12 14:17:46.198,1.47199,1.47209,5.40,6.00
2007.12.12 14:17:46.441,1.47205,1.47215,10.00,6.60
2007.12.12 14:17:46.633,1.47204,1.4721,4.80,1.00
2007.12.12 14:17:48.331,1.47198,1.47204,13.00,2.40
2007.12.12 14:17:48.619,1.47191,1.47196,19.20,21.60
2007.12.12 14:17:48.881,1.47185,1.4719,4.80,1.00
2007.12.12 14:17:48.948,1.47178,1.47188,6.00,4.20
2007.12.12 14:17:49.575,1.47173,1.47183,1.20,4.80
2007.12.12 14:17:51.635,1.47173,1.47178,4.20,6.00
2007.12.12 14:17:52.089,1.47172,1.47177,2.40,7.70
2007.12.12 14:17:53.092,1.4717,1.47175,5.40,3.00
2007.12.12 14:17:53.669,1.47164,1.47174,2.40,13.90
2007.12.12 14:17:53.933,1.47159,1.47169,6.60,2.40
2007.12.12 14:17:54.182,1.47151,1.47161,7.80,4.80
2007.12.12 14:17:54.465,1.47142,1.47152,1.00,4.80
2007.12.12 14:17:55.204,1.4713,1.4714,7.20,7.80
2007.12.12 14:17:55.687,1.47117,1.47127,4.80,8.80
2007.12.12 14:17:55.996,1.47102,1.47112,3.00,4.80
2007.12.12 14:17:57.214,1.47098,1.47102,6.00,9.00
2007.12.12 14:18:02.757,1.47093,1.47103,7.20,12.00
2007.12.12 14:18:03.273,1.47092,1.47097,2.40,3.00
2007.12.12 14:18:03.674,1.47088,1.47093,9.00,4.80
2007.12.12 14:18:03.942,1.47083,1.47088,24.00,2.40
2007.12.12 14:18:03.965,1.47082,1.47087,1.00,8.40
2007.12.12 14:18:04.087,1.4708,1.47085,6.60,8.40
2007.12.12 14:18:04.552,1.47079,1.47084,4.20,4.20
2007.12.12 14:18:06.062,1.47076,1.47086,1.00,4.80
2007.12.12 14:18:06.963,1.4708,1.47085,19.20,4.80
2007.12.12 14:18:07.386,1.47083,1.47088,3.00,9.00
2007.12.12 14:18:07.601,1.47084,1.47089,9.00,4.80
2007.12.12 14:18:07.828,1.47085,1.4709,7.80,12.60
2007.12.12 14:18:08.057,1.47084,1.47094,2.40,7.20
2007.12.12 14:18:08.285,1.47088,1.47093,5.40,6.00
2007.12.12 14:18:08.513,1.47087,1.47097,6.00,5.40
2007.12.12 14:18:09.677,1.4709,1.471,18.60,4.80
2007.12.12 14:18:09.755,1.47092,1.47107,9.60,4.80
2007.12.12 14:18:11.849,1.47099,1.47109,4.80,1.00
2007.12.12 14:18:14.398,1.47105,1.47115,8.40,4.80
2007.12.12 14:18:14.465,1.47108,1.47122,1.00,11.40
2007.12.12 14:18:15.577,1.47116,1.47126,4.80,4.80
2007.12.12 14:18:15.775,1.47117,1.47127,7.80,7.20
2007.12.12 14:18:15.976,1.47113,1.47118,2.40,17.50
2007.12.12 14:18:20.201,1.47105,1.47109,1.00,8.40
2007.12.12 14:18:25.149,1.47097,1.47101,12.00,4.80
2007.12.12 14:18:25.197,1.47087,1.47097,10.80,5.60
2007.12.12 14:18:28.895,1.47083,1.47093,2.40,12.60
2007.12.12 14:18:30.165,1.47078,1.47088,8.40,13.60
2007.12.12 14:18:31.280,1.47077,1.47082,21.90,2.40
2007.12.12 14:18:31.416,1.47077,1.47082,2.40,3.00
2007.12.12 14:18:32.054,1.47075,1.4708,4.80,6.50
2007.12.12 14:18:32.317,1.47073,1.47079,4.80,13.20
2007.12.12 14:18:32.572,1.47074,1.47078,1.00,6.00
2007.12.12 14:18:32.837,1.47073,1.47079,4.80,2.40
2007.12.12 14:18:33.686,1.47071,1.47081,5.40,8.40
2007.12.12 14:18:34.486,1.47072,1.47077,2.40,4.80
2007.12.12 14:18:34.722,1.47071,1.47081,1.00,11.70
2007.12.12 14:18:34.972,1.47074,1.4708,6.00,4.90
2007.12.12 14:18:35.441,1.47076,1.4708,2.40,17.70
2007.12.12 14:18:35.949,1.47077,1.47082,8.40,9.30
2007.12.12 14:18:36.089,1.47078,1.47083,4.80,2.40
2007.12.12 14:18:36.228,1.47079,1.47084,9.00,3.00
2007.12.12 14:18:36.368,1.47079,1.47083,4.80,2.40
2007.12.12 14:18:38.021,1.47075,1.47085,1.20,2.40
2007.12.12 14:18:38.390,1.47074,1.47084,1.00,3.60
2007.12.12 14:18:38.581,1.47068,1.47083,4.80,2.20
2007.12.12 14:18:38.769,1.47067,1.47072,2.40,8.40
2007.12.12 14:18:39.010,1.47059,1.47069,16.20,4.20
2007.12.12 14:18:39.484,1.47051,1.47061,8.40,1.60
2007.12.12 14:18:39.725,1.47041,1.47051,10.20,2.70
2007.12.12 14:18:39.903,1.47032,1.47037,30.00,2.40
2007.12.12 14:18:40.085,1.47022,1.47027,6.60,7.20
2007.12.12 14:18:40.265,1.47014,1.47024,6.60,11.50
2007.12.12 14:18:40.445,1.47017,1.47027,7.20,6.00
2007.12.12 14:18:40.817,1.47026,1.4703,2.40,4.00
2007.12.12 14:18:41.205,1.47033,1.47039,15.00,7.80
2007.12.12 14:18:41.401,1.47039,1.47043,2.40,8.40
2007.12.12 14:18:41.597,1.47043,1.47047,4.80,12.60
2007.12.12 14:18:44.188,1.47045,1.47055,2.40,17.50
2007.12.12 14:18:44.410,1.4705,1.47056,3.60,4.80
