2012.09.30 23:00:00.261,1.2834,1.28351,1.50,1.35
2012.09.30 23:00:00.382,1.2834,1.28351,1.50,2.10
2012.09.30 23:00:00.930,1.28338,1.28348,2.48,2.48
2012.09.30 23:00:01.444,1.28339,1.28349,1.50,1.73
2012.09.30 23:00:01.772,1.28338,1.28346,1.73,1.50
2012.09.30 23:00:01.902,1.28334,1.28344,1.50,3.23
2012.09.30 23:00:02.022,1.28333,1.28341,1.50,1.50
2012.09.30 23:00:02.261,1.28332,1.2834,1.73,1.50
2012.09.30 23:00:02.741,1.2833,1.28338,1.50,2.48
2012.09.30 23:00:04.104,1.28329,1.28337,1.50,1.73
2012.09.30 23:00:10.352,1.2833,1.28338,2.25,1.73
2012.09.30 23:00:16.460,1.2833,1.28338,1.50,1.73
2012.09.30 23:00:16.640,1.2833,1.28338,1.50,1.73
2012.09.30 23:00:37.800,1.28331,1.28338,1.50,1.73
2012.09.30 23:00:38.590,1.28331,1.2834,1.50,1.50
2012.09.30 23:00:38.891,1.28333,1.28342,1.50,1.50
2012.09.30 23:00:38.952,1.28333,1.28343,1.50,2.25
2012.09.30 23:00:39.501,1.28333,1.28343,1.50,1.50
2012.09.30 23:00:41.030,1.28334,1.28345,2.25,1.73
2012.09.30 23:00:41.211,1.28338,1.28346,1.50,1.73
2012.09.30 23:00:43.603,1.28338,1.28347,2.25,1.73
2012.09.30 23:00:45.511,1.28338,1.28347,2.25,1.50
2012.09.30 23:00:52.421,1.28338,1.28347,2.25,1.73
2012.09.30 23:00:52.601,1.28337,1.28344,1.50,1.50
2012.09.30 23:00:52.662,1.28335,1.28345,1.73,1.73
2012.09.30 23:00:52.722,1.28334,1.28345,1.50,1.73
2012.09.30 23:01:19.071,1.28337,1.28345,1.50,1.50
2012.09.30 23:01:19.132,1.28337,1.28345,1.50,1.73
2012.09.30 23:01:19.682,1.28337,1.28345,1.50,1.73
2012.09.30 23:01:20.040,1.28336,1.28345,1.50,1.73
2012.09.30 23:01:25.271,1.28334,1.28341,1.50,1.73
2012.09.30 23:01:25.332,1.28335,1.28341,1.50,1.73
2012.09.30 23:01:25.391,1.28331,1.28341,2.25,1.73
2012.09.30 23:01:25.932,1.28329,1.28337,2.85,1.50
2012.09.30 23:01:26.862,1.28328,1.28337,3.23,1.50
2012.09.30 23:01:28.090,1.28331,1.28337,1.50,1.50
2012.09.30 23:01:28.631,1.28331,1.2834,1.50,1.73
2012.09.30 23:01:29.732,1.28331,1.28338,1.50,1.73
2012.09.30 23:01:31.041,1.28331,1.28338,1.73,1.50
2012.09.30 23:01:38.345,1.28332,1.28342,1.50,1.37
2012.09.30 23:01:38.417,1.28332,1.28339,1.50,1.50
2012.09.30 23:01:38.842,1.28328,1.28336,1.73,1.50
2012.09.30 23:01:39.032,1.28328,1.28336,1.73,1.50
2012.09.30 23:01:39.211,1.28328,1.28338,2.25,1.50
2012.09.30 23:01:39.272,1.28328,1.28334,2.25,1.50
2012.09.30 23:01:39.812,1.28328,1.28335,1.73,1.50
2012.09.30 23:01:40.230,1.28326,1.28335,1.80,1.50
2012.09.30 23:01:40.771,1.28327,1.28334,1.50,1.73
2012.09.30 23:01:44.573,1.28327,1.28334,1.50,1.73
2012.09.30 23:01:46.793,1.28327,1.28335,1.50,2.48
2012.09.30 23:01:50.943,1.28326,1.28335,1.50,1.73
2012.09.30 23:01:55.591,1.28327,1.28336,1.50,2.48
2012.09.30 23:01:56.141,1.28327,1.28334,1.50,1.73
2012.09.30 23:01:56.501,1.28325,1.28333,1.13,1.73
2012.09.30 23:01:56.682,1.28326,1.28333,1.50,1.73
2012.09.30 23:01:56.803,1.28323,1.28331,1.73,1.50
2012.09.30 23:01:57.351,1.28323,1.28331,1.73,1.50
2012.09.30 23:02:06.832,1.28325,1.28333,1.50,1.73
2012.09.30 23:02:07.072,1.2833,1.28339,1.50,1.73
2012.09.30 23:02:11.561,1.2833,1.28339,1.65,1.73
2012.09.30 23:02:11.680,1.2833,1.2834,1.65,1.73
2012.09.30 23:02:12.360,1.28331,1.28339,1.50,1.73
2012.09.30 23:02:15.490,1.2833,1.28339,1.50,1.73
2012.09.30 23:02:16.031,1.2833,1.28338,1.50,1.73
2012.09.30 23:02:16.450,1.2833,1.28338,1.50,2.48
2012.09.30 23:02:17.011,1.2833,1.28338,1.50,2.48
2012.09.30 23:02:17.491,1.2833,1.28336,1.50,1.50
2012.09.30 23:02:23.443,1.28329,1.28336,1.73,1.50
2012.09.30 23:02:23.571,1.28329,1.28337,1.73,2.25
2012.09.30 23:02:24.952,1.28329,1.28338,1.73,1.73
2012.09.30 23:02:25.172,1.28329,1.28338,1.73,1.73
2012.09.30 23:02:27.920,1.2833,1.28338,1.50,1.73
2012.09.30 23:02:29.081,1.2833,1.28336,1.50,1.50
2012.09.30 23:02:29.631,1.28328,1.28336,1.50,2.48
2012.09.30 23:02:29.751,1.28327,1.28336,1.50,2.48
2012.09.30 23:02:34.211,1.28327,1.28336,1.50,2.48
2012.09.30 23:02:36.784,1.28327,1.28336,1.50,2.48
2012.09.30 23:02:40.402,1.28328,1.28337,2.48,1.50
2012.09.30 23:02:40.462,1.28328,1.28339,1.73,2.48
2012.09.30 23:02:40.583,1.28329,1.28337,1.73,1.50
2012.09.30 23:02:40.652,1.28329,1.28337,1.73,1.50
2012.09.30 23:02:42.812,1.2833,1.2834,1.50,1.73
2012.09.30 23:02:43.357,1.28331,1.28341,1.73,3.23
2012.09.30 23:02:44.884,1.28329,1.28339,1.73,1.50
2012.09.30 23:02:45.072,1.28329,1.28339,1.73,3.23
2012.09.30 23:02:45.195,1.28328,1.28336,2.25,2.12
2012.09.30 23:02:45.321,1.28324,1.28332,1.50,1.50
2012.09.30 23:02:45.441,1.28324,1.28332,1.50,1.50
2012.09.30 23:02:46.262,1.28326,1.28336,2.25,1.73
2012.09.30 23:02:46.443,1.28328,1.28337,1.73,2.25
2012.09.30 23:02:47.312,1.28329,1.28337,1.50,1.50
2012.09.30 23:02:47.450,1.28329,1.28337,1.50,1.50
2012.09.30 23:02:49.440,1.28329,1.28338,2.25,1.50
2012.09.30 23:02:54.052,1.28329,1.28338,1.50,2.25
2012.09.30 23:03:02.991,1.28329,1.28339,2.25,3.23
2012.09.30 23:03:13.871,1.28331,1.28339,1.50,2.48
2012.09.30 23:03:14.425,1.28329,1.28339,2.25,2.48
2012.09.30 23:03:45.700,1.28329,1.28339,1.50,3.23
2012.09.30 23:03:45.822,1.28328,1.28339,1.73,3.23
2012.09.30 23:03:45.941,1.28327,1.28336,3.23,1.50
2012.09.30 23:03:46.690,1.28328,1.28336,1.73,1.50
2012.09.30 23:03:48.061,1.28327,1.28335,2.48,1.50
2012.09.30 23:03:48.183,1.2833,1.28338,1.73,1.50
2012.09.30 23:03:48.371,1.2833,1.28337,1.73,1.50
2012.09.30 23:03:48.551,1.2833,1.28337,1.73,1.50
2012.09.30 23:03:49.064,1.28331,1.28339,1.73,2.25
2012.09.30 23:03:51.771,1.28331,1.28339,1.73,2.25
2012.09.30 23:03:52.391,1.28329,1.28339,1.73,1.50
2012.09.30 23:03:53.912,1.28329,1.2834,1.73,1.73
2012.09.30 23:03:54.033,1.28333,1.28342,1.50,1.73
2012.09.30 23:03:54.392,1.28338,1.28345,1.73,3.00
2012.09.30 23:03:54.631,1.28337,1.28344,1.50,2.25
2012.09.30 23:03:54.750,1.28337,1.28348,1.50,2.10
2012.09.30 23:03:54.883,1.28337,1.28348,1.50,2.10
2012.09.30 23:03:57.741,1.28339,1.28348,1.50,2.48
2012.09.30 23:03:58.282,1.2834,1.28348,1.73,1.50
2012.09.30 23:04:03.312,1.28339,1.28347,2.33,1.50
2012.09.30 23:04:03.925,1.28339,1.28348,2.33,2.25
2012.09.30 23:04:16.980,1.2834,1.28349,2.48,1.50
2012.09.30 23:04:20.032,1.2834,1.28349,2.48,1.50
2012.09.30 23:04:27.991,1.2834,1.28349,1.73,1.50
2012.09.30 23:04:30.503,1.2834,1.28351,1.73,2.12
2012.09.30 23:04:30.862,1.28343,1.28352,1.50,1.73
2012.09.30 23:04:31.162,1.28347,1.28354,1.20,4.13
2012.09.30 23:04:31.282,1.28342,1.28354,2.03,3.38
2012.09.30 23:04:31.461,1.28349,1.28357,1.50,3.00
2012.09.30 23:04:31.558,1.28343,1.28356,2.78,1.73
2012.09.30 23:04:31.751,1.28346,1.2836,5.48,3.60
2012.09.30 23:04:32.112,1.28349,1.28361,3.23,1.15
2012.09.30 23:04:32.784,1.28349,1.28362,1.73,1.37
2012.09.30 23:04:32.852,1.28349,1.28361,1.73,1.37
2012.09.30 23:04:32.974,1.28349,1.28362,1.73,1.37
2012.09.30 23:04:35.933,1.28353,1.28362,2.25,1.50
2012.09.30 23:04:36.002,1.28353,1.28362,2.25,1.73
2012.09.30 23:04:36.711,1.28353,1.28361,1.50,1.73
2012.09.30 23:04:40.953,1.28354,1.28362,1.50,1.73
2012.09.30 23:04:41.501,1.28353,1.28362,1.50,1.73
2012.09.30 23:04:42.212,1.28355,1.28364,1.50,1.50
2012.09.30 23:04:42.453,1.28357,1.28367,1.73,2.48
2012.09.30 23:04:42.521,1.28358,1.28367,1.50,2.48
2012.09.30 23:04:43.781,1.28358,1.28367,1.95,2.48
2012.09.30 23:04:44.340,1.28357,1.28367,2.48,1.73
2012.09.30 23:04:47.292,1.28355,1.28365,2.48,3.00
2012.09.30 23:04:47.813,1.28355,1.28364,1.50,1.73
2012.09.30 23:04:50.141,1.28351,1.28361,3.23,1.73
2012.09.30 23:04:50.210,1.28351,1.28361,3.23,1.73
2012.09.30 23:04:52.141,1.28351,1.2836,1.73,1.50
2012.09.30 23:04:52.681,1.2835,1.28358,1.50,1.50
2012.09.30 23:04:53.231,1.28348,1.28358,2.48,1.50
2012.09.30 23:04:56.273,1.28348,1.28358,2.48,1.50
2012.09.30 23:04:56.343,1.28348,1.28358,1.73,2.25
2012.09.30 23:04:56.595,1.28348,1.28358,2.48,2.25
2012.09.30 23:04:56.903,1.28348,1.28356,1.73,1.50
2012.09.30 23:04:57.151,1.28346,1.28355,1.50,1.73
2012.09.30 23:05:00.581,1.28345,1.28354,2.25,1.50
2012.09.30 23:05:01.361,1.28345,1.28354,1.50,1.50
2012.09.30 23:05:01.662,1.28341,1.28349,1.73,1.50
2012.09.30 23:05:02.201,1.28342,1.28351,1.73,1.50
2012.09.30 23:05:02.652,1.28344,1.28352,1.73,1.88
2012.09.30 23:05:03.131,1.28345,1.28354,1.73,1.35
2012.09.30 23:05:04.691,1.28345,1.28354,1.73,1.35
2012.09.30 23:05:06.551,1.28346,1.28354,1.50,1.35
2012.09.30 23:05:06.852,1.28348,1.28356,1.73,2.63
2012.09.30 23:05:06.972,1.28346,1.28356,1.50,3.60
2012.09.30 23:05:07.092,1.28345,1.28355,1.73,2.48
2012.09.30 23:05:09.291,1.28344,1.28355,2.48,1.73
2012.09.30 23:05:16.512,1.28344,1.28355,2.48,1.73
2012.09.30 23:05:19.311,1.28346,1.28355,1.50,1.73
2012.09.30 23:05:21.081,1.28345,1.28353,2.25,1.73
2012.09.30 23:05:51.203,1.28349,1.28356,2.25,2.63
2012.09.30 23:05:51.324,1.2835,1.28358,1.73,3.00
2012.09.30 23:05:51.452,1.28352,1.2836,1.50,2.25
2012.09.30 23:05:52.000,1.28353,1.28362,1.50,1.73
2012.09.30 23:06:02.023,1.2835,1.28358,2.48,1.50
2012.09.30 23:06:02.561,1.2835,1.28358,2.25,1.73
2012.09.30 23:06:07.661,1.2835,1.28358,2.25,1.73
2012.09.30 23:06:08.222,1.2835,1.28358,1.50,1.73
2012.09.30 23:06:28.904,1.28351,1.2836,1.50,1.73
2012.09.30 23:06:29.092,1.28352,1.28363,1.73,2.48
2012.09.30 23:06:29.971,1.28353,1.28363,1.50,1.73
2012.09.30 23:06:34.383,1.28355,1.28363,2.25,1.73
2012.09.30 23:06:35.913,1.28356,1.28366,3.00,2.48
2012.09.30 23:06:36.032,1.28358,1.28366,1.50,1.50
2012.09.30 23:06:36.094,1.28357,1.28366,1.50,2.48
2012.09.30 23:06:36.641,1.28358,1.28367,2.25,1.50
2012.09.30 23:06:36.761,1.28358,1.28367,2.25,1.73
2012.09.30 23:06:37.302,1.28358,1.28367,2.25,1.73
2012.09.30 23:06:42.832,1.28359,1.28368,1.50,1.50
2012.09.30 23:06:43.133,1.28363,1.28371,1.73,1.50
2012.09.30 23:06:43.319,1.2836,1.2837,2.10,1.73
2012.09.30 23:06:43.442,1.28359,1.2837,3.60,2.25
2012.09.30 23:06:44.101,1.2836,1.28371,3.00,3.23
2012.09.30 23:06:44.172,1.28361,1.2837,1.73,1.50
2012.09.30 23:06:47.626,1.28363,1.28371,1.50,1.73
2012.09.30 23:06:48.176,1.28363,1.28372,2.25,1.73
2012.09.30 23:06:48.885,1.28363,1.28372,2.25,1.73
2012.09.30 23:06:49.086,1.28363,1.28373,2.25,1.73
2012.09.30 23:06:49.212,1.28363,1.28374,1.73,1.50
2012.09.30 23:06:50.742,1.28364,1.28375,2.48,2.48
2012.09.30 23:06:50.862,1.28365,1.28375,1.50,1.73
2012.09.30 23:06:51.222,1.28367,1.28375,1.73,1.50
2012.09.30 23:06:51.762,1.28368,1.28377,1.50,1.73
2012.09.30 23:06:53.551,1.2837,1.28378,1.50,1.73
2012.09.30 23:06:53.853,1.2837,1.28378,2.25,1.50
2012.09.30 23:06:53.982,1.2837,1.28378,2.48,1.50
2012.09.30 23:06:54.044,1.2837,1.28379,2.48,1.50
2012.09.30 23:06:54.173,1.28371,1.28381,1.73,1.50
2012.09.30 23:06:56.421,1.28371,1.28381,1.73,1.50
2012.09.30 23:06:56.932,1.28371,1.28381,1.73,1.50
2012.09.30 23:07:00.203,1.28372,1.28383,1.50,1.73
2012.09.30 23:07:00.272,1.28375,1.28385,1.73,3.98
2012.09.30 23:07:00.573,1.28378,1.28386,1.50,1.73
2012.09.30 23:07:00.752,1.2838,1.28388,1.50,1.50
2012.09.30 23:07:03.341,1.2838,1.28387,1.73,1.50
2012.09.30 23:07:04.032,1.2838,1.28388,1.73,1.50
2012.09.30 23:07:04.865,1.2838,1.28388,2.48,1.50
2012.09.30 23:07:05.052,1.28381,1.2839,1.50,1.73
2012.09.30 23:07:05.591,1.28382,1.28391,1.73,1.73
2012.09.30 23:07:06.211,1.28381,1.28391,1.73,1.73
2012.09.30 23:07:06.511,1.2838,1.28389,1.73,2.48
2012.09.30 23:07:06.632,1.28381,1.28389,1.50,1.73
2012.09.30 23:07:07.181,1.28381,1.28392,2.25,2.48
2012.09.30 23:07:07.782,1.28381,1.28392,2.25,2.48
2012.09.30 23:07:10.003,1.28381,1.28389,1.50,1.73
2012.09.30 23:07:10.071,1.2838,1.28389,2.48,3.23
2012.09.30 23:07:10.372,1.28375,1.28385,1.73,4.35
2012.09.30 23:07:10.495,1.28375,1.28385,1.50,4.58
2012.09.30 23:07:11.032,1.28375,1.28385,1.50,4.58
2012.09.30 23:07:11.782,1.28375,1.28385,1.50,4.35
2012.09.30 23:07:12.356,1.2838,1.28388,1.73,1.50
2012.09.30 23:07:12.911,1.2838,1.28388,1.73,1.50
2012.09.30 23:07:13.213,1.28379,1.28388,1.73,2.78
2012.09.30 23:07:13.514,1.28376,1.28385,1.50,3.00
2012.09.30 23:07:14.083,1.28375,1.28385,1.50,3.08
2012.09.30 23:07:14.602,1.28377,1.28385,1.50,3.83
2012.09.30 23:07:17.565,1.28373,1.2838,2.25,1.73
2012.09.30 23:07:18.272,1.28373,1.2838,1.50,1.73
2012.09.30 23:07:18.349,1.2837,1.28379,1.50,3.00
2012.09.30 23:07:19.791,1.28367,1.28377,1.50,1.65
2012.09.30 23:07:20.151,1.28368,1.28375,1.50,1.65
2012.09.30 23:07:20.223,1.28366,1.28374,1.50,2.33
2012.09.30 23:07:20.533,1.28366,1.28374,1.50,1.58
2012.09.30 23:07:20.713,1.28366,1.28376,1.50,1.73
2012.09.30 23:07:20.892,1.28366,1.28377,1.50,2.48
2012.09.30 23:07:21.375,1.28367,1.28377,1.50,2.48
2012.09.30 23:07:25.472,1.28367,1.28377,1.50,2.48
2012.09.30 23:08:22.509,1.28362,1.28377,2.10,1.73
2012.09.30 23:08:23.920,1.28362,1.28378,2.10,1.73
2012.09.30 23:08:24.953,1.28362,1.28377,2.10,1.73
2012.09.30 23:08:39.450,1.28366,1.28377,1.50,1.73
2012.09.30 23:08:40.001,1.28366,1.28377,1.50,1.73
2012.09.30 23:09:21.771,1.28367,1.28377,1.50,2.48
2012.09.30 23:09:22.272,1.28363,1.28377,4.73,1.73
2012.09.30 23:09:28.681,1.28368,1.28377,1.50,2.48
2012.09.30 23:09:29.975,1.28366,1.28377,1.73,2.48
2012.09.30 23:09:30.103,1.28364,1.28373,1.88,1.50
2012.09.30 23:09:30.163,1.28364,1.2837,6.90,0.23
2012.09.30 23:09:30.711,1.28357,1.28365,6.15,1.50
2012.09.30 23:09:30.832,1.28357,1.28365,6.15,1.50
2012.09.30 23:09:31.632,1.28353,1.28365,1.50,1.50
2012.09.30 23:09:31.801,1.28353,1.28363,1.50,1.50
2012.09.30 23:09:33.724,1.28353,1.28361,1.50,1.50
2012.09.30 23:09:39.714,1.28351,1.28359,1.73,1.73
2012.09.30 23:09:40.162,1.28347,1.28352,1.50,1.50
2012.09.30 23:09:40.226,1.28345,1.28352,1.88,2.12
2012.09.30 23:09:40.983,1.28343,1.28353,3.00,2.33
2012.09.30 23:09:41.514,1.28343,1.28353,2.25,3.08
2012.09.30 23:09:44.889,1.28345,1.28353,1.50,3.08
2012.09.30 23:09:45.026,1.28344,1.28355,1.73,2.10
2012.09.30 23:09:45.093,1.28346,1.28358,1.50,2.10
2012.09.30 23:09:45.152,1.28346,1.28357,1.73,1.35
2012.09.30 23:09:45.272,1.28345,1.2836,1.50,2.48
2012.09.30 23:09:45.512,1.28343,1.28359,5.48,1.95
2012.09.30 23:09:45.842,1.28346,1.28357,1.73,1.20
2012.09.30 23:09:48.161,1.2835,1.28359,1.50,1.73
2012.09.30 23:09:48.281,1.28351,1.28361,1.50,1.58
2012.09.30 23:09:48.402,1.28351,1.28361,2.25,1.35
2012.09.30 23:09:48.941,1.28352,1.28362,1.50,1.73
2012.09.30 23:09:49.652,1.28352,1.28363,1.50,2.48
2012.09.30 23:09:50.881,1.28352,1.28361,1.50,1.50
2012.09.30 23:09:51.426,1.28352,1.28361,1.50,1.50
2012.09.30 23:09:58.164,1.28352,1.2836,1.50,1.50
2012.09.30 23:09:58.234,1.28348,1.28354,2.48,1.50
2012.09.30 23:09:58.542,1.28341,1.28348,3.00,2.48
2012.09.30 23:09:58.603,1.28339,1.28347,1.73,1.50
2012.09.30 23:09:59.142,1.28337,1.28346,1.73,1.50
2012.09.30 23:09:59.739,1.28336,1.28346,3.23,1.73
2012.09.30 23:10:00.982,1.28338,1.28346,1.50,1.73
2012.09.30 23:10:01.525,1.28338,1.28347,2.48,2.25
2012.09.30 23:10:03.052,1.28335,1.28344,2.25,1.73
2012.09.30 23:10:03.173,1.28335,1.28344,2.25,1.73
2012.09.30 23:10:07.213,1.28333,1.28344,1.73,3.23
2012.09.30 23:10:07.343,1.28332,1.2834,2.25,2.48
2012.09.30 23:10:07.862,1.28329,1.28339,2.48,2.48
2012.09.30 23:10:16.301,1.2833,1.2834,2.25,2.48
2012.09.30 23:10:18.832,1.28331,1.2834,1.73,2.48
2012.09.30 23:10:29.502,1.2833,1.28341,3.98,1.73
2012.09.30 23:10:30.034,1.2833,1.2834,3.23,1.73
2012.09.30 23:10:44.602,1.28332,1.2834,1.50,1.73
2012.09.30 23:10:47.562,1.28332,1.28338,2.25,1.50
2012.09.30 23:10:47.621,1.28332,1.2834,3.00,1.73
2012.09.30 23:10:55.503,1.28331,1.28339,1.50,1.73
2012.09.30 23:10:55.563,1.28335,1.28342,1.50,3.00
2012.09.30 23:10:55.623,1.28335,1.28342,1.50,3.00
2012.09.30 23:10:56.141,1.28335,1.28342,1.50,3.00
2012.09.30 23:10:57.171,1.28335,1.28342,1.50,2.25
2012.09.30 23:10:57.904,1.28335,1.28342,2.25,2.25
2012.09.30 23:10:59.237,1.28333,1.28342,1.50,2.48
2012.09.30 23:10:59.364,1.28332,1.28339,1.50,1.73
2012.09.30 23:10:59.474,1.28331,1.28337,1.50,1.50
2012.09.30 23:11:00.223,1.28328,1.28336,2.63,1.38
2012.09.30 23:11:00.293,1.28325,1.28335,1.50,2.13
2012.09.30 23:11:00.631,1.28322,1.28334,1.73,2.48
2012.09.30 23:11:01.533,1.28321,1.28331,2.48,2.25
2012.09.30 23:11:01.652,1.2832,1.28328,1.58,2.25
2012.09.30 23:11:02.193,1.28321,1.2833,1.73,2.48
2012.09.30 23:11:02.383,1.2832,1.28328,1.50,1.73
2012.09.30 23:11:02.684,1.28318,1.28324,1.50,1.73
2012.09.30 23:11:03.192,1.28319,1.28327,1.50,2.25
2012.09.30 23:11:03.736,1.28319,1.28327,1.50,1.50
2012.09.30 23:11:04.194,1.28316,1.28327,1.73,1.50
2012.09.30 23:11:05.392,1.28317,1.28328,1.50,3.00
2012.09.30 23:11:05.722,1.28313,1.28323,1.73,1.50
2012.09.30 23:11:06.225,1.28312,1.2832,1.73,1.50
2012.09.30 23:11:06.300,1.28316,1.28322,2.25,1.50
2012.09.30 23:11:06.845,1.28316,1.28324,2.25,1.73
2012.09.30 23:11:08.506,1.28316,1.28323,1.50,1.50
2012.09.30 23:11:09.442,1.28316,1.28326,1.50,1.73
2012.09.30 23:11:09.743,1.28313,1.28324,1.50,3.08
2012.09.30 23:11:10.292,1.28313,1.28323,1.50,1.50
2012.09.30 23:11:10.544,1.28313,1.28323,2.25,2.25
2012.09.30 23:11:10.602,1.28313,1.28323,2.25,3.00
2012.09.30 23:11:10.975,1.28312,1.28323,1.50,2.70
2012.09.30 23:11:11.304,1.28309,1.28323,1.50,1.50
2012.09.30 23:11:11.567,1.28304,1.28314,1.73,1.73
2012.09.30 23:11:12.102,1.28303,1.28312,2.25,2.48
2012.09.30 23:11:12.904,1.28303,1.2831,2.25,2.55
2012.09.30 23:11:12.975,1.28303,1.2831,1.50,10.65
2012.09.30 23:11:13.331,1.28302,1.28309,1.50,2.85
2012.09.30 23:11:13.625,1.28301,1.28305,1.50,1.50
2012.09.30 23:11:13.932,1.28298,1.28309,1.62,3.00
2012.09.30 23:11:14.234,1.28297,1.28307,2.10,1.50
2012.09.30 23:11:14.677,1.28296,1.28305,1.77,2.48
2012.09.30 23:11:15.223,1.28295,1.28304,2.37,1.50
2012.09.30 23:11:15.581,1.28295,1.28306,2.37,1.73
2012.09.30 23:11:16.473,1.28295,1.28305,2.37,1.73
2012.09.30 23:11:16.743,1.2829,1.28305,1.50,3.23
2012.09.30 23:11:16.804,1.28293,1.28302,1.50,1.50
2012.09.30 23:11:17.305,1.28291,1.28305,2.37,1.50
2012.09.30 23:11:17.685,1.28295,1.28305,1.39,2.25
2012.09.30 23:11:17.872,1.28296,1.28307,1.73,1.50
2012.09.30 23:11:18.784,1.28297,1.28305,2.14,1.73
2012.09.30 23:11:19.326,1.28298,1.28308,2.37,1.50
2012.09.30 23:11:19.884,1.28298,1.28308,2.37,1.73
2012.09.30 23:11:21.161,1.28298,1.28308,1.62,1.50
2012.09.30 23:11:23.072,1.28298,1.28308,2.37,1.50
2012.09.30 23:11:23.474,1.28299,1.2831,3.00,2.48
2012.09.30 23:11:23.545,1.28299,1.2831,3.00,2.48
2012.09.30 23:11:23.673,1.28299,1.2831,1.50,3.98
2012.09.30 23:11:23.854,1.28297,1.28306,2.25,1.50
2012.09.30 23:11:23.923,1.28292,1.28309,1.73,2.48
2012.09.30 23:11:24.102,1.2829,1.28302,1.50,3.38
2012.09.30 23:11:24.533,1.28289,1.28299,2.25,1.50
2012.09.30 23:11:25.186,1.2829,1.28298,1.50,1.50
2012.09.30 23:11:25.801,1.28291,1.283,1.50,1.28
2012.09.30 23:11:26.347,1.28289,1.283,1.73,1.43
2012.09.30 23:11:30.296,1.28296,1.28302,2.10,1.35
2012.09.30 23:11:30.363,1.28296,1.28303,2.85,2.18
2012.09.30 23:11:30.434,1.28297,1.28305,1.35,1.35
2012.09.30 23:11:30.952,1.28296,1.28305,1.73,1.58
2012.09.30 23:11:32.365,1.28296,1.28304,1.50,1.58
2012.09.30 23:11:34.884,1.28294,1.28302,1.73,2.10
2012.09.30 23:11:35.193,1.28291,1.28299,2.48,1.50
2012.09.30 23:11:36.554,1.28291,1.28298,1.73,2.70
2012.09.30 23:11:37.102,1.28289,1.28298,2.48,2.10
2012.09.30 23:11:37.404,1.28286,1.28293,2.25,1.58
2012.09.30 23:11:37.594,1.28289,1.28296,2.25,1.35
2012.09.30 23:11:38.151,1.28288,1.28296,2.48,2.03
2012.09.30 23:11:39.741,1.2829,1.28296,1.50,1.28
2012.09.30 23:11:43.873,1.2829,1.28296,1.50,1.50
2012.09.30 23:11:49.322,1.28288,1.28294,1.73,1.50
2012.09.30 23:11:49.706,1.28288,1.28295,2.48,1.50
2012.09.30 23:11:51.723,1.28289,1.28296,1.50,1.50
2012.09.30 23:11:51.844,1.28286,1.28293,1.50,1.50
2012.09.30 23:11:52.093,1.28282,1.28295,3.78,1.20
2012.09.30 23:11:52.165,1.28284,1.28292,1.50,1.35
2012.09.30 23:11:52.233,1.28283,1.28292,3.39,2.63
2012.09.30 23:11:52.639,1.2828,1.28293,1.73,3.08
2012.09.30 23:11:52.722,1.28282,1.28289,1.73,1.50
2012.09.30 23:11:52.868,1.2828,1.28289,1.50,1.50
2012.09.30 23:11:53.055,1.28279,1.28287,1.50,2.03
2012.09.30 23:11:53.466,1.28278,1.28286,2.25,1.28
2012.09.30 23:11:53.544,1.28275,1.28287,3.75,2.18
2012.09.30 23:11:53.930,1.28275,1.28284,1.50,1.28
2012.09.30 23:11:54.174,1.28273,1.28283,1.50,1.28
2012.09.30 23:11:54.244,1.28271,1.28281,2.25,2.03
2012.09.30 23:11:55.043,1.28269,1.28276,1.50,1.50
2012.09.30 23:11:55.295,1.2827,1.28278,1.50,2.03
2012.09.30 23:11:55.482,1.28271,1.28278,2.18,1.28
2012.09.30 23:11:55.953,1.28265,1.28272,1.43,1.50
2012.09.30 23:11:56.143,1.28261,1.28275,2.03,2.25
2012.09.30 23:11:57.207,1.28262,1.28271,1.80,1.80
2012.09.30 23:11:57.295,1.28259,1.28273,2.25,2.33
2012.09.30 23:11:57.483,1.28259,1.2827,2.25,1.58
2012.09.30 23:11:58.002,1.28252,1.28263,1.50,1.13
2012.09.30 23:11:58.543,1.28251,1.28262,1.50,1.13
2012.09.30 23:11:59.103,1.28251,1.28261,1.50,2.25
2012.09.30 23:11:59.925,1.2825,1.2826,2.25,1.50
2012.09.30 23:12:00.072,1.2825,1.28258,1.50,1.50
2012.09.30 23:12:00.286,1.28245,1.28254,1.50,1.50
2012.09.30 23:12:00.498,1.28239,1.28252,1.50,2.55
2012.09.30 23:12:00.895,1.28239,1.2825,1.73,2.03
2012.09.30 23:12:00.988,1.28243,1.28251,1.50,1.88
2012.09.30 23:12:01.533,1.28243,1.28253,1.50,2.85
2012.09.30 23:12:02.073,1.28239,1.28252,1.73,1.35
2012.09.30 23:12:02.495,1.28241,1.28252,1.73,2.10
2012.09.30 23:12:02.563,1.28242,1.28252,1.50,1.50
2012.09.30 23:12:02.624,1.28243,1.28255,1.65,3.00
2012.09.30 23:12:02.995,1.28241,1.28252,1.50,1.50
2012.09.30 23:12:03.321,1.28241,1.28254,2.40,1.50
2012.09.30 23:12:03.443,1.28241,1.28253,1.65,2.85
2012.09.30 23:12:03.683,1.2824,1.28252,1.73,1.73
2012.09.30 23:12:03.922,1.2824,1.28252,1.73,1.50
2012.09.30 23:12:04.463,1.28237,1.2825,1.58,2.10
2012.09.30 23:12:04.524,1.2824,1.28252,1.73,1.50
2012.09.30 23:12:05.075,1.28239,1.28249,2.48,1.50
2012.09.30 23:12:05.377,1.28239,1.28248,1.73,1.50
2012.09.30 23:12:05.862,1.28237,1.28249,2.33,1.50
2012.09.30 23:12:06.195,1.28236,1.28242,1.50,2.10
2012.09.30 23:12:06.265,1.28235,1.28242,1.50,2.33
2012.09.30 23:12:06.395,1.28232,1.28241,1.73,1.50
2012.09.30 23:12:06.727,1.28231,1.2824,2.03,3.60
2012.09.30 23:12:06.797,1.28231,1.2824,2.25,3.60
2012.09.30 23:12:06.923,1.28231,1.28237,2.25,1.50
2012.09.30 23:12:07.449,1.28226,1.28235,3.57,1.50
2012.09.30 23:12:07.585,1.28223,1.28239,1.73,2.10
2012.09.30 23:12:07.713,1.28224,1.28239,1.73,2.10
2012.09.30 23:12:09.154,1.28223,1.28234,1.73,7.50
2012.09.30 23:12:09.506,1.28223,1.28231,1.35,3.75
2012.09.30 23:12:10.359,1.28224,1.28231,1.73,3.75
2012.09.30 23:12:10.655,1.28224,1.28234,1.73,1.73
2012.09.30 23:12:10.994,1.28225,1.28236,1.65,1.73
2012.09.30 23:12:11.524,1.28225,1.28234,1.65,7.50
2012.09.30 23:12:11.904,1.2822,1.28231,1.50,4.50
2012.09.30 23:12:12.033,1.28223,1.28231,1.65,3.75
2012.09.30 23:12:12.212,1.28223,1.28238,1.73,1.35
2012.09.30 23:12:12.815,1.28223,1.28235,3.00,2.85
2012.09.30 23:12:13.144,1.28222,1.28232,1.50,1.35
2012.09.30 23:12:13.456,1.28221,1.28231,1.43,1.35
2012.09.30 23:12:13.926,1.2822,1.28228,1.43,1.35
2012.09.30 23:12:14.000,1.28219,1.28226,2.18,1.35
2012.09.30 23:12:14.075,1.28219,1.28224,1.43,2.10
2012.09.30 23:12:14.152,1.28218,1.28227,1.43,1.35
2012.09.30 23:12:14.217,1.28216,1.28225,3.19,1.50
2012.09.30 23:12:14.526,1.28216,1.28224,2.44,3.23
2012.09.30 23:12:14.734,1.28221,1.28229,1.32,1.50
2012.09.30 23:12:14.862,1.28216,1.28226,1.50,3.45
2012.09.30 23:12:14.922,1.28216,1.28226,1.50,3.45
2012.09.30 23:12:15.342,1.28211,1.28225,3.00,1.35
2012.09.30 23:12:15.691,1.28211,1.28221,1.13,1.35
2012.09.30 23:12:15.812,1.28209,1.28219,1.50,1.35
2012.09.30 23:12:16.322,1.28208,1.28219,3.75,1.35
2012.09.30 23:12:16.742,1.28208,1.28218,2.25,1.35
2012.09.30 23:12:17.291,1.28207,1.28218,3.38,1.35
2012.09.30 23:12:17.772,1.28207,1.28217,1.50,1.35
2012.09.30 23:12:18.132,1.282,1.28214,1.50,1.35
2012.09.30 23:12:18.490,1.28204,1.28214,2.25,1.35
2012.09.30 23:12:18.838,1.28198,1.2821,1.50,1.20
2012.09.30 23:12:18.910,1.28197,1.28209,2.93,2.85
2012.09.30 23:12:18.977,1.28197,1.28207,1.73,1.50
2012.09.30 23:12:19.045,1.28197,1.28205,1.73,1.13
2012.09.30 23:12:19.342,1.28196,1.28204,2.25,3.00
2012.09.30 23:12:19.407,1.28195,1.28202,2.25,2.10
2012.09.30 23:12:19.712,1.28193,1.28202,2.25,4.35
2012.09.30 23:12:20.037,1.28188,1.28195,1.50,4.35
2012.09.30 23:12:20.120,1.28178,1.28194,1.69,2.92
2012.09.30 23:12:21.053,1.28182,1.28195,1.69,3.23
2012.09.30 23:12:21.179,1.28177,1.28198,2.55,1.13
2012.09.30 23:12:21.644,1.28182,1.28191,1.50,1.50
2012.09.30 23:12:21.756,1.28179,1.28192,1.13,1.50
2012.09.30 23:12:22.329,1.28177,1.28192,2.82,3.00
2012.09.30 23:12:22.452,1.28178,1.28189,1.50,1.50
2012.09.30 23:12:22.765,1.28178,1.28188,1.88,1.13
2012.09.30 23:12:23.498,1.28176,1.28187,1.50,7.56
2012.09.30 23:12:23.610,1.28173,1.28187,1.32,1.50
2012.09.30 23:12:23.894,1.28172,1.28186,1.50,1.50
2012.09.30 23:12:23.968,1.28169,1.28186,1.50,4.73
2012.09.30 23:12:24.049,1.28169,1.28184,1.50,4.73
2012.09.30 23:12:25.175,1.2817,1.28181,1.50,1.50
2012.09.30 23:12:25.954,1.2817,1.28178,1.69,1.50
2012.09.30 23:12:26.240,1.28167,1.28179,1.32,2.25
2012.09.30 23:12:26.684,1.28167,1.28177,1.50,2.85
2012.09.30 23:12:27.235,1.28166,1.28176,1.50,1.50
2012.09.30 23:12:27.388,1.28164,1.28176,1.13,1.35
2012.09.30 23:12:27.462,1.28164,1.28173,1.50,1.35
2012.09.30 23:12:27.609,1.2816,1.28175,1.50,1.50
2012.09.30 23:12:27.735,1.28157,1.28176,2.18,2.25
2012.09.30 23:12:28.091,1.28159,1.28172,2.18,3.60
2012.09.30 23:12:28.289,1.28156,1.28173,2.93,4.88
2012.09.30 23:12:28.569,1.28155,1.28172,1.88,2.25
2012.09.30 23:12:29.031,1.28157,1.28168,1.50,1.50
2012.09.30 23:12:29.446,1.28156,1.28167,2.85,1.50
2012.09.30 23:12:29.983,1.28157,1.28164,3.00,1.50
2012.09.30 23:12:30.233,1.28153,1.28165,2.10,1.50
2012.09.30 23:12:30.785,1.28153,1.28163,1.50,2.25
2012.09.30 23:12:31.308,1.28152,1.28161,1.50,1.50
2012.09.30 23:12:31.745,1.2815,1.2816,3.60,1.50
2012.09.30 23:12:31.816,1.28149,1.28159,1.50,1.50
2012.09.30 23:12:32.193,1.28149,1.28158,1.35,1.50
2012.09.30 23:12:32.266,1.28147,1.28157,1.50,1.50
2012.09.30 23:12:32.334,1.28147,1.28155,1.50,1.50
2012.09.30 23:12:32.515,1.28146,1.28154,1.50,1.50
2012.09.30 23:12:32.822,1.28144,1.28153,1.50,1.50
2012.09.30 23:12:33.271,1.28142,1.28152,1.50,1.50
2012.09.30 23:12:33.351,1.28141,1.28151,1.50,1.50
2012.09.30 23:12:33.784,1.28139,1.28151,1.50,3.37
2012.09.30 23:12:34.095,1.28139,1.28149,1.35,1.13
2012.09.30 23:12:34.285,1.28137,1.28148,1.50,1.50
2012.09.30 23:12:34.414,1.2813,1.28147,2.25,3.60
2012.09.30 23:12:34.544,1.28132,1.28142,1.50,1.50
2012.09.30 23:12:35.176,1.28132,1.28139,1.50,2.25
2012.09.30 23:12:35.495,1.28127,1.28141,3.60,2.25
2012.09.30 23:12:35.567,1.28122,1.28132,2.25,1.50
2012.09.30 23:12:36.004,1.28124,1.28134,1.50,3.00
2012.09.30 23:12:36.064,1.28124,1.28134,2.25,1.50
2012.09.30 23:12:36.198,1.28126,1.28138,2.10,1.50
2012.09.30 23:12:36.533,1.28127,1.28139,3.00,1.50
2012.09.30 23:12:36.605,1.28128,1.28141,3.00,1.50
2012.09.30 23:12:36.733,1.28136,1.28146,1.50,1.50
2012.09.30 23:12:37.136,1.28139,1.28146,1.50,1.50
2012.09.30 23:12:37.206,1.2814,1.2815,2.44,1.50
2012.09.30 23:12:37.274,1.28143,1.28154,1.50,3.23
2012.09.30 23:12:37.343,1.28141,1.28151,2.97,1.50
2012.09.30 23:12:37.658,1.28145,1.28153,1.28,2.25
2012.09.30 23:12:37.784,1.28142,1.28152,1.28,1.50
2012.09.30 23:12:37.854,1.28143,1.28152,2.78,1.50
2012.09.30 23:12:38.527,1.28145,1.28155,2.25,2.25
2012.09.30 23:12:39.084,1.28145,1.2816,1.50,1.88
2012.09.30 23:12:39.744,1.28143,1.28155,1.65,1.13
2012.09.30 23:12:39.814,1.28143,1.28154,1.65,1.50
2012.09.30 23:12:39.943,1.28141,1.28153,3.30,1.13
2012.09.30 23:12:40.124,1.28141,1.28152,2.25,1.13
2012.09.30 23:12:40.182,1.28141,1.28151,1.50,1.88
2012.09.30 23:12:40.733,1.28144,1.28152,1.50,1.13
2012.09.30 23:12:41.484,1.28143,1.28151,1.50,1.13
2012.09.30 23:12:41.553,1.28141,1.2815,1.50,1.88
2012.09.30 23:12:41.855,1.28138,1.28148,4.50,2.63
2012.09.30 23:12:42.372,1.28136,1.28146,1.65,1.88
2012.09.30 23:12:42.774,1.28133,1.28143,1.80,1.13
2012.09.30 23:12:43.022,1.28135,1.28145,1.65,1.50
2012.09.30 23:12:43.142,1.28133,1.28144,1.80,1.50
2012.09.30 23:12:43.443,1.28135,1.28144,1.65,1.50
2012.09.30 23:12:44.475,1.28133,1.28144,1.50,3.38
2012.09.30 23:12:44.604,1.28133,1.2814,1.50,2.25
2012.09.30 23:12:44.795,1.28133,1.28138,1.50,1.50
2012.09.30 23:12:45.043,1.28128,1.28138,1.65,1.88
2012.09.30 23:12:45.643,1.28127,1.28137,1.65,1.50
2012.09.30 23:12:45.713,1.28127,1.28136,1.65,1.50
2012.09.30 23:12:46.233,1.28125,1.28134,2.40,1.50
2012.09.30 23:12:46.304,1.28125,1.28134,1.05,1.50
2012.09.30 23:12:46.553,1.28124,1.28131,1.50,1.50
2012.09.30 23:12:46.672,1.28125,1.28132,1.50,1.50
2012.09.30 23:12:47.380,1.28127,1.28132,1.50,1.50
2012.09.30 23:12:47.562,1.28126,1.28134,2.25,1.50
2012.09.30 23:12:48.055,1.28126,1.28134,2.25,1.50
2012.09.30 23:12:48.422,1.28126,1.28134,1.73,2.25
2012.09.30 23:12:48.602,1.28126,1.28134,1.73,2.25
2012.09.30 23:12:49.783,1.28125,1.28132,1.50,1.50
2012.09.30 23:12:49.963,1.28124,1.28132,1.50,2.25
2012.09.30 23:12:50.203,1.28122,1.28129,1.13,1.13
2012.09.30 23:12:50.263,1.28121,1.28128,3.23,1.13
2012.09.30 23:12:50.333,1.2812,1.28127,2.25,1.13
2012.09.30 23:12:50.487,1.28117,1.28128,2.70,1.35
2012.09.30 23:12:50.564,1.28117,1.28126,3.08,1.50
2012.09.30 23:12:51.224,1.28117,1.28124,1.50,1.13
2012.09.30 23:12:51.758,1.2811,1.28118,1.50,2.63
2012.09.30 23:12:52.283,1.28108,1.28116,1.73,1.50
2012.09.30 23:12:52.843,1.28109,1.28117,3.45,1.50
2012.09.30 23:12:53.084,1.28109,1.28117,2.70,1.50
2012.09.30 23:12:53.273,1.28106,1.28116,1.20,1.50
2012.09.30 23:12:53.334,1.28107,1.28117,1.95,1.50
2012.09.30 23:12:53.405,1.28105,1.28115,1.73,1.50
2012.09.30 23:12:53.475,1.28106,1.28115,1.50,1.50
2012.09.30 23:12:53.669,1.28106,1.28114,1.73,1.50
2012.09.30 23:12:53.736,1.28105,1.28114,1.20,1.50
2012.09.30 23:12:54.205,1.281,1.28112,4.73,2.25
2012.09.30 23:12:54.454,1.28104,1.28112,2.48,1.50
2012.09.30 23:12:54.972,1.28106,1.28114,1.50,1.88
2012.09.30 23:12:55.153,1.28107,1.28115,1.73,2.25
2012.09.30 23:12:55.394,1.28108,1.28115,1.50,1.50
2012.09.30 23:12:55.601,1.2811,1.28118,1.73,2.25
2012.09.30 23:12:55.738,1.2811,1.28118,1.95,1.50
2012.09.30 23:12:55.992,1.28113,1.28122,1.95,1.50
2012.09.30 23:12:56.052,1.28115,1.28122,1.73,1.50
2012.09.30 23:12:56.114,1.28115,1.28124,1.73,1.88
2012.09.30 23:12:56.184,1.28116,1.28124,1.73,1.13
2012.09.30 23:12:56.313,1.28115,1.28121,1.50,1.50
2012.09.30 23:12:56.553,1.28115,1.28123,1.73,1.50
2012.09.30 23:12:56.735,1.28115,1.28124,1.73,1.50
2012.09.30 23:12:56.864,1.2811,1.28119,3.45,2.25
2012.09.30 23:12:56.996,1.28106,1.28114,3.98,1.50
2012.09.30 23:12:57.064,1.28106,1.28114,1.50,2.25
2012.09.30 23:12:57.134,1.28105,1.28111,1.50,1.50
2012.09.30 23:12:57.384,1.28106,1.28114,1.73,2.25
2012.09.30 23:12:58.144,1.28106,1.28114,1.50,2.63
2012.09.30 23:12:58.894,1.28106,1.28114,2.48,1.50
2012.09.30 23:12:59.203,1.28098,1.2811,1.50,1.95
2012.09.30 23:12:59.334,1.28103,1.2811,1.50,2.48
2012.09.30 23:12:59.406,1.28102,1.2811,1.20,2.63
2012.09.30 23:12:59.726,1.28106,1.28114,1.20,1.88
2012.09.30 23:12:59.856,1.28109,1.28114,1.43,1.13
2012.09.30 23:13:00.104,1.28108,1.28117,1.65,1.13
2012.09.30 23:13:00.364,1.28109,1.28117,2.18,1.13
2012.09.30 23:13:00.494,1.28109,1.28117,1.43,1.88
2012.09.30 23:13:00.623,1.28109,1.28117,1.43,1.50
2012.09.30 23:13:01.172,1.28107,1.28115,2.18,1.50
2012.09.30 23:13:01.855,1.28107,1.28115,1.43,1.50
2012.09.30 23:13:04.344,1.28108,1.28117,1.43,2.63
2012.09.30 23:13:04.854,1.28107,1.28115,1.73,1.88
2012.09.30 23:13:05.045,1.28103,1.28111,1.50,1.88
2012.09.30 23:13:05.114,1.28099,1.2811,3.23,1.13
2012.09.30 23:13:05.243,1.28101,1.28111,1.73,2.25
2012.09.30 23:13:05.597,1.281,1.28109,1.95,1.50
2012.09.30 23:13:05.924,1.28105,1.28114,1.73,1.50
2012.09.30 23:13:05.994,1.28106,1.28115,1.73,3.00
2012.09.30 23:13:06.234,1.28102,1.28113,2.48,1.65
2012.09.30 23:13:06.555,1.28101,1.28112,1.50,1.35
2012.09.30 23:13:06.737,1.281,1.2811,1.73,1.50
2012.09.30 23:13:06.809,1.281,1.28108,1.50,1.50
2012.09.30 23:13:07.202,1.28099,1.28107,2.25,1.88
2012.09.30 23:13:07.510,1.28099,1.28105,1.50,1.13
2012.09.30 23:13:07.858,1.28097,1.28104,1.50,1.13
2012.09.30 23:13:07.927,1.28096,1.28103,1.50,1.13
2012.09.30 23:13:08.438,1.28094,1.28102,1.50,1.13
2012.09.30 23:13:08.704,1.28089,1.28098,1.50,1.50
2012.09.30 23:13:09.193,1.28085,1.28092,1.35,1.13
2012.09.30 23:13:09.253,1.28085,1.28092,1.35,1.13
2012.09.30 23:13:09.744,1.28087,1.28096,2.25,1.88
2012.09.30 23:13:09.805,1.28089,1.28097,1.13,2.63
2012.09.30 23:13:10.128,1.28091,1.28097,1.50,1.50
2012.09.30 23:13:10.196,1.28092,1.28099,1.50,1.50
2012.09.30 23:13:10.269,1.28096,1.28106,3.23,1.50
2012.09.30 23:13:10.410,1.28101,1.28109,1.50,1.50
2012.09.30 23:13:10.561,1.28104,1.28111,1.13,2.18
2012.09.30 23:13:10.883,1.28107,1.28115,2.25,1.50
2012.09.30 23:13:11.527,1.28107,1.28115,2.63,1.50
2012.09.30 23:13:11.592,1.28107,1.28115,1.13,2.25
2012.09.30 23:13:11.712,1.28108,1.28116,1.50,1.50
2012.09.30 23:13:11.952,1.28107,1.28115,1.13,1.50
2012.09.30 23:13:12.134,1.28107,1.28113,1.13,1.50
2012.09.30 23:13:12.264,1.28106,1.28113,1.13,2.25
2012.09.30 23:13:13.274,1.28104,1.28111,1.13,1.50
2012.09.30 23:13:13.834,1.28103,1.2811,1.50,1.13
2012.09.30 23:13:14.138,1.28101,1.28111,1.58,2.25
2012.09.30 23:13:14.623,1.28101,1.28109,1.58,1.50
2012.09.30 23:13:15.124,1.28101,1.2811,1.58,1.50
2012.09.30 23:13:15.265,1.28104,1.28111,1.50,1.13
2012.09.30 23:13:15.334,1.281,1.2811,2.33,1.50
2012.09.30 23:13:15.464,1.28099,1.28109,2.93,1.50
2012.09.30 23:13:15.800,1.28098,1.28108,3.68,1.50
2012.09.30 23:13:16.483,1.28097,1.28106,1.58,1.50
2012.09.30 23:13:16.666,1.28096,1.28105,2.18,1.50
2012.09.30 23:13:16.794,1.28095,1.28103,1.58,1.50
2012.09.30 23:13:17.164,1.28092,1.28102,1.65,1.50
2012.09.30 23:13:17.395,1.28093,1.28102,1.65,1.50
2012.09.30 23:13:17.464,1.28093,1.28102,1.50,1.88
2012.09.30 23:13:17.653,1.2809,1.28099,1.65,1.13
2012.09.30 23:13:17.774,1.28088,1.28096,1.65,1.50
2012.09.30 23:13:17.836,1.28088,1.28095,1.50,1.50
2012.09.30 23:13:18.084,1.28085,1.28093,1.65,1.50
2012.09.30 23:13:18.453,1.2808,1.28092,1.65,1.50
2012.09.30 23:13:19.024,1.28083,1.28093,1.65,1.50
2012.09.30 23:13:19.482,1.28085,1.28094,1.50,1.50
2012.09.30 23:13:19.543,1.28085,1.28093,1.50,1.50
2012.09.30 23:13:19.797,1.28083,1.28093,1.65,1.50
2012.09.30 23:13:19.863,1.28084,1.28094,1.50,2.25
2012.09.30 23:13:20.232,1.28083,1.28092,2.25,1.13
2012.09.30 23:13:20.353,1.28082,1.28091,1.50,1.13
2012.09.30 23:13:20.472,1.28081,1.28091,1.50,1.13
2012.09.30 23:13:20.533,1.28081,1.28091,2.25,1.13
2012.09.30 23:13:20.953,1.28083,1.28093,1.05,1.50
2012.09.30 23:13:21.194,1.28084,1.28093,1.05,1.50
2012.09.30 23:13:21.434,1.28085,1.28096,1.05,1.50
2012.09.30 23:13:21.733,1.28091,1.28101,1.50,2.25
2012.09.30 23:13:21.853,1.28093,1.28101,1.65,2.25
2012.09.30 23:13:21.986,1.28095,1.28104,1.50,1.35
2012.09.30 23:13:22.303,1.28096,1.28103,1.50,1.13
2012.09.30 23:13:22.494,1.28092,1.28102,1.65,1.13
2012.09.30 23:13:22.796,1.28093,1.28102,2.25,1.13
2012.09.30 23:13:23.333,1.28094,1.28104,1.50,1.13
2012.09.30 23:13:24.065,1.28095,1.28104,1.65,1.50
2012.09.30 23:13:24.135,1.28097,1.28105,1.50,1.88
2012.09.30 23:13:24.205,1.28101,1.28107,1.50,2.48
2012.09.30 23:13:24.574,1.28104,1.28114,2.25,3.00
2012.09.30 23:13:24.824,1.28104,1.28114,2.25,2.63
2012.09.30 23:13:24.894,1.28104,1.28114,1.50,3.38
2012.09.30 23:13:25.083,1.28106,1.28114,1.50,1.88
2012.09.30 23:13:25.444,1.28108,1.28116,1.50,2.85
2012.09.30 23:13:26.003,1.28108,1.28116,1.50,1.13
2012.09.30 23:13:26.551,1.28104,1.28115,2.40,1.13
2012.09.30 23:13:27.105,1.28108,1.28116,1.50,1.13
2012.09.30 23:13:27.654,1.28109,1.28118,1.50,1.13
2012.09.30 23:13:27.832,1.28111,1.28119,1.50,1.13
2012.09.30 23:13:28.382,1.28107,1.28118,2.70,1.50
2012.09.30 23:13:28.683,1.28113,1.2812,1.50,1.50
2012.09.30 23:13:28.802,1.28114,1.28122,2.25,1.13
2012.09.30 23:13:29.292,1.28114,1.28122,1.50,1.88
2012.09.30 23:13:29.622,1.28114,1.28122,1.50,1.50
2012.09.30 23:13:29.932,1.28115,1.28123,1.50,1.88
2012.09.30 23:13:30.352,1.28114,1.28121,1.50,1.45
2012.09.30 23:13:30.723,1.28114,1.28122,1.73,1.45
2012.09.30 23:13:31.348,1.28119,1.28124,1.50,1.50
2012.09.30 23:13:31.420,1.28122,1.28128,1.50,1.45
2012.09.30 23:13:31.924,1.28122,1.28131,1.73,2.20
2012.09.30 23:13:31.994,1.28118,1.2813,1.73,1.50
2012.09.30 23:13:32.482,1.28124,1.28135,2.48,1.35
2012.09.30 23:13:32.904,1.28123,1.28135,1.73,3.45
2012.09.30 23:13:33.427,1.28122,1.28133,1.73,1.13
2012.09.30 23:13:33.864,1.28119,1.28131,3.08,1.50
2012.09.30 23:13:34.115,1.28117,1.28127,1.50,3.38
2012.09.30 23:13:34.184,1.28117,1.28127,1.73,3.38
2012.09.30 23:13:34.516,1.28122,1.28132,1.50,5.48
2012.09.30 23:13:34.916,1.2812,1.2813,1.50,1.45
2012.09.30 23:13:35.524,1.28121,1.28133,2.48,2.20
2012.09.30 23:13:35.653,1.28124,1.28133,1.50,1.45
2012.09.30 23:13:35.772,1.28124,1.28134,1.50,1.13
2012.09.30 23:13:37.564,1.28126,1.28136,1.50,3.23
2012.09.30 23:13:38.173,1.28125,1.28135,1.80,3.38
2012.09.30 23:13:38.483,1.28126,1.28135,1.80,3.75
2012.09.30 23:13:38.623,1.28126,1.28135,1.80,3.75
2012.09.30 23:13:38.863,1.28126,1.28135,1.50,3.38
2012.09.30 23:13:39.163,1.28127,1.28137,4.35,1.65
2012.09.30 23:13:40.214,1.28128,1.28137,1.50,1.88
2012.09.30 23:13:40.404,1.28127,1.28137,1.05,2.25
2012.09.30 23:13:41.762,1.28127,1.28136,1.50,1.30
2012.09.30 23:13:42.451,1.28127,1.28135,1.50,1.50
2012.09.30 23:13:42.992,1.28125,1.28134,2.25,3.55
2012.09.30 23:13:43.293,1.28125,1.28133,2.25,2.80
2012.09.30 23:13:43.715,1.28126,1.28135,1.80,1.67
2012.09.30 23:13:44.265,1.28128,1.28136,2.25,2.57
2012.09.30 23:13:44.803,1.28127,1.28136,1.50,1.13
2012.09.30 23:13:45.780,1.28126,1.28136,1.50,1.88
2012.09.30 23:13:45.845,1.28126,1.28136,1.50,5.10
2012.09.30 23:13:46.173,1.2813,1.2814,1.50,2.27
2012.09.30 23:13:46.233,1.28129,1.2814,2.55,1.52
2012.09.30 23:13:46.785,1.28133,1.28142,1.50,1.50
2012.09.30 23:13:47.296,1.28133,1.2814,1.50,1.13
2012.09.30 23:13:47.724,1.28129,1.2814,1.13,3.60
2012.09.30 23:13:47.855,1.28127,1.28135,1.80,1.35
2012.09.30 23:13:48.414,1.28127,1.28134,1.50,1.35
2012.09.30 23:13:49.333,1.28127,1.28136,1.50,2.85
2012.09.30 23:13:49.393,1.28127,1.28136,3.00,2.10
2012.09.30 23:13:49.824,1.2813,1.28138,1.50,2.63
2012.09.30 23:13:50.312,1.2813,1.28139,1.50,1.50
2012.09.30 23:13:50.433,1.28129,1.28139,2.25,2.25
2012.09.30 23:13:51.264,1.28129,1.28139,2.25,2.25
2012.09.30 23:13:52.362,1.28129,1.28139,2.25,2.25
2012.09.30 23:13:53.322,1.28129,1.28137,2.25,1.13
2012.09.30 23:13:53.861,1.28129,1.28137,2.25,1.50
2012.09.30 23:13:54.714,1.28129,1.28137,1.50,1.50
2012.09.30 23:13:55.214,1.28131,1.28139,1.50,1.35
2012.09.30 23:13:55.763,1.2813,1.28138,2.25,1.88
2012.09.30 23:13:56.534,1.28133,1.28138,1.50,1.13
2012.09.30 23:13:56.612,1.28133,1.28141,2.25,1.73
2012.09.30 23:13:57.154,1.28134,1.28143,1.50,1.88
2012.09.30 23:13:57.272,1.28135,1.28142,2.25,1.13
2012.09.30 23:13:57.845,1.28135,1.28142,1.50,1.13
2012.09.30 23:13:58.393,1.28133,1.28142,1.50,1.88
2012.09.30 23:13:59.578,1.28133,1.28141,1.50,1.13
2012.09.30 23:14:00.102,1.28132,1.28142,2.25,2.63
2012.09.30 23:14:00.907,1.28133,1.2814,1.50,2.63
2012.09.30 23:14:01.093,1.28132,1.2814,1.50,1.88
2012.09.30 23:14:01.512,1.28132,1.28139,1.50,1.13
2012.09.30 23:14:02.094,1.28132,1.28139,1.50,1.13
2012.09.30 23:14:02.693,1.28133,1.2814,1.50,1.88
2012.09.30 23:14:03.324,1.28136,1.28142,1.50,1.13
2012.09.30 23:14:03.443,1.28136,1.28141,1.50,1.50
2012.09.30 23:14:04.578,1.28134,1.28141,1.88,1.50
2012.09.30 23:14:04.964,1.28135,1.28142,1.13,1.50
2012.09.30 23:14:05.548,1.28135,1.28143,1.88,1.88
2012.09.30 23:14:06.084,1.28135,1.28143,1.88,1.88
2012.09.30 23:14:06.649,1.28135,1.28143,3.23,1.50
2012.09.30 23:14:06.731,1.28138,1.28146,2.63,1.73
2012.09.30 23:14:07.044,1.2814,1.28148,1.50,1.88
2012.09.30 23:14:07.592,1.28139,1.28146,1.13,1.50
2012.09.30 23:14:08.132,1.28138,1.28146,1.88,1.50
2012.09.30 23:14:09.642,1.28139,1.28148,1.88,1.13
2012.09.30 23:14:10.452,1.28139,1.28147,1.13,1.50
2012.09.30 23:14:10.892,1.28139,1.28148,1.88,1.13
2012.09.30 23:14:11.453,1.2814,1.28149,1.88,1.88
2012.09.30 23:14:14.259,1.2814,1.28148,1.13,1.13
2012.09.30 23:14:15.473,1.28138,1.28146,1.50,1.13
2012.09.30 23:14:15.844,1.28141,1.28149,1.50,1.88
2012.09.30 23:14:15.903,1.28141,1.28149,1.50,1.13
2012.09.30 23:14:16.454,1.28143,1.28152,1.88,1.13
2012.09.30 23:14:16.540,1.28143,1.28151,1.88,1.50
2012.09.30 23:14:17.092,1.28144,1.28151,1.50,1.50
2012.09.30 23:14:21.946,1.28147,1.28153,1.50,1.13
2012.09.30 23:14:22.016,1.28147,1.28153,1.50,1.13
2012.09.30 23:14:22.563,1.28148,1.28155,1.50,1.88
2012.09.30 23:14:23.724,1.28147,1.28155,1.50,1.13
2012.09.30 23:14:25.025,1.28149,1.28156,1.50,1.13
2012.09.30 23:14:26.572,1.28146,1.28156,2.18,1.50
2012.09.30 23:14:26.873,1.28145,1.28152,1.50,1.88
2012.09.30 23:14:27.843,1.28146,1.28154,2.25,1.13
2012.09.30 23:14:28.143,1.28148,1.28156,2.25,2.25
2012.09.30 23:14:28.465,1.2815,1.28158,2.25,3.38
2012.09.30 23:14:28.795,1.28149,1.28162,1.50,4.62
2012.09.30 23:14:28.864,1.28151,1.28161,1.50,1.13
2012.09.30 23:14:29.214,1.28153,1.28161,2.55,1.50
2012.09.30 23:14:29.343,1.28154,1.28161,1.13,1.50
2012.09.30 23:14:29.854,1.28153,1.28164,1.88,1.50
2012.09.30 23:14:30.403,1.28156,1.28163,1.43,1.13
2012.09.30 23:14:30.953,1.28157,1.28164,2.18,1.13
2012.09.30 23:14:31.301,1.28158,1.28165,2.18,1.13
2012.09.30 23:14:31.365,1.28159,1.28166,2.18,1.13
2012.09.30 23:14:31.875,1.2816,1.28167,1.43,1.88
2012.09.30 23:14:32.065,1.28161,1.28169,1.50,1.88
2012.09.30 23:14:32.616,1.28163,1.2817,1.43,1.13
2012.09.30 23:14:33.053,1.28164,1.28172,1.43,1.13
2012.09.30 23:14:33.112,1.28165,1.28173,1.43,1.50
2012.09.30 23:14:33.237,1.28166,1.28174,1.43,1.88
2012.09.30 23:14:33.484,1.28167,1.28175,1.13,1.35
2012.09.30 23:14:33.555,1.28168,1.28176,2.18,2.48
2012.09.30 23:14:33.683,1.28169,1.28177,1.80,2.25
2012.09.30 23:14:33.744,1.2817,1.28178,1.43,1.13
2012.09.30 23:14:33.863,1.28171,1.28179,1.80,2.48
2012.09.30 23:14:34.163,1.28171,1.28181,2.55,1.13
2012.09.30 23:14:34.225,1.28178,1.28188,3.38,3.23
2012.09.30 23:14:34.744,1.28178,1.28188,3.00,3.23
2012.09.30 23:14:35.053,1.28178,1.28186,1.50,2.25
2012.09.30 23:14:35.654,1.28178,1.28184,1.50,1.73
2012.09.30 23:14:36.143,1.28178,1.28186,1.50,2.48
2012.09.30 23:14:36.682,1.28178,1.28186,1.50,1.13
2012.09.30 23:14:37.232,1.28177,1.28186,1.50,1.88
2012.09.30 23:14:37.562,1.28177,1.28186,1.50,1.13
2012.09.30 23:14:38.240,1.2818,1.2819,1.50,2.76
2012.09.30 23:14:38.311,1.2818,1.2819,1.88,2.48
2012.09.30 23:14:38.613,1.2818,1.2819,1.88,1.73
2012.09.30 23:14:39.162,1.2818,1.28191,1.88,3.83
2012.09.30 23:14:39.673,1.2818,1.28189,1.13,1.13
2012.09.30 23:14:41.582,1.2818,1.28189,1.88,1.88
2012.09.30 23:14:41.921,1.28179,1.28188,1.88,1.13
2012.09.30 23:14:42.234,1.28177,1.28184,1.13,1.50
2012.09.30 23:14:42.473,1.28173,1.28181,3.00,1.35
2012.09.30 23:14:43.023,1.28174,1.2818,1.88,1.50
2012.09.30 23:14:43.983,1.28174,1.2818,1.88,1.50
2012.09.30 23:14:44.523,1.28174,1.28183,1.13,1.50
2012.09.30 23:14:44.914,1.28174,1.28183,1.88,1.50
2012.09.30 23:14:45.793,1.28174,1.28181,1.88,1.50
2012.09.30 23:14:47.873,1.28174,1.28183,1.50,1.13
2012.09.30 23:14:48.233,1.28176,1.28184,1.50,1.13
2012.09.30 23:14:48.942,1.28176,1.28184,1.50,1.88
2012.09.30 23:14:49.680,1.28176,1.28185,1.50,1.13
2012.09.30 23:14:50.194,1.28176,1.28184,1.50,1.13
2012.09.30 23:14:51.263,1.28175,1.28184,1.88,1.13
2012.09.30 23:14:53.803,1.28175,1.28183,1.13,1.88
2012.09.30 23:14:54.469,1.28173,1.28179,1.13,1.88
2012.09.30 23:14:56.553,1.28172,1.28179,1.50,1.88
2012.09.30 23:14:57.093,1.28172,1.28179,1.50,1.13
2012.09.30 23:14:58.139,1.28171,1.28179,1.50,1.13
2012.09.30 23:15:01.053,1.28171,1.28179,1.50,1.13
2012.09.30 23:15:01.953,1.28169,1.28177,2.25,1.13
2012.09.30 23:15:02.383,1.28166,1.28173,1.13,1.35
2012.09.30 23:15:02.460,1.28165,1.28172,1.88,2.10
2012.09.30 23:15:02.877,1.28158,1.28165,1.13,1.50
2012.09.30 23:15:03.355,1.28159,1.28166,1.50,1.50
2012.09.30 23:15:03.844,1.28161,1.28168,1.50,1.88
2012.09.30 23:15:03.963,1.28161,1.2817,2.25,1.88
2012.09.30 23:15:04.513,1.28164,1.2817,1.13,1.50
2012.09.30 23:15:04.572,1.28164,1.2817,1.13,1.50
2012.09.30 23:15:05.141,1.28164,1.2817,1.58,1.50
2012.09.30 23:15:06.362,1.28163,1.2817,2.63,1.20
2012.09.30 23:15:06.904,1.28164,1.2817,2.25,1.20
2012.09.30 23:15:08.345,1.2816,1.28167,1.50,2.85
2012.09.30 23:15:08.415,1.28158,1.28167,2.25,2.85
2012.09.30 23:15:08.483,1.28158,1.28166,2.25,1.13
2012.09.30 23:15:09.033,1.28159,1.28166,1.50,1.13
2012.09.30 23:15:09.565,1.28159,1.28167,1.43,2.63
2012.09.30 23:15:09.633,1.28159,1.28165,1.43,1.50
2012.09.30 23:15:09.754,1.28156,1.28162,1.13,1.50
2012.09.30 23:15:09.817,1.28151,1.28157,2.18,1.13
2012.09.30 23:15:10.085,1.28154,1.28162,1.88,1.88
2012.09.30 23:15:10.633,1.28157,1.28165,2.18,1.88
2012.09.30 23:15:11.173,1.28157,1.28164,1.43,1.13
2012.09.30 23:15:11.308,1.28152,1.2816,2.18,2.10
2012.09.30 23:15:11.379,1.28152,1.28159,1.43,1.35
2012.09.30 23:15:11.517,1.28152,1.2816,1.50,2.25
2012.09.30 23:15:11.911,1.28158,1.28164,1.43,1.13
2012.09.30 23:15:12.914,1.28158,1.28165,2.18,3.75
2012.09.30 23:15:13.886,1.28157,1.28165,2.25,2.25
2012.09.30 23:15:14.463,1.28157,1.28165,1.50,1.13
2012.09.30 23:15:15.003,1.28157,1.28165,1.50,1.13
2012.09.30 23:15:15.605,1.28157,1.28164,1.50,1.13
2012.09.30 23:15:16.194,1.28157,1.28165,1.50,1.88
2012.09.30 23:15:16.553,1.28155,1.28162,1.50,1.13
2012.09.30 23:15:16.852,1.28157,1.28165,1.50,2.25
2012.09.30 23:15:17.355,1.28158,1.28165,1.50,1.88
2012.09.30 23:15:18.024,1.28158,1.28167,1.50,2.63
2012.09.30 23:15:18.593,1.2816,1.28169,1.50,2.63
2012.09.30 23:15:19.153,1.2816,1.28167,1.50,1.13
2012.09.30 23:15:19.213,1.28158,1.28167,1.50,1.50
2012.09.30 23:15:19.522,1.28156,1.28164,1.88,1.88
2012.09.30 23:15:19.655,1.28158,1.28165,2.85,1.88
2012.09.30 23:15:20.185,1.28158,1.28165,2.25,1.13
2012.09.30 23:15:20.373,1.28158,1.28165,1.50,1.13
2012.09.30 23:15:20.737,1.28157,1.28161,1.50,3.75
2012.09.30 23:15:21.412,1.28154,1.28161,3.00,3.75
2012.09.30 23:15:21.534,1.28154,1.28159,3.00,3.75
2012.09.30 23:15:21.603,1.28154,1.28161,2.25,1.13
2012.09.30 23:15:21.724,1.28154,1.28161,1.50,3.00
2012.09.30 23:15:22.274,1.28152,1.28159,1.13,1.13
2012.09.30 23:15:22.832,1.2815,1.28159,2.63,1.13
2012.09.30 23:15:23.360,1.28151,1.28159,1.50,1.13
2012.09.30 23:15:24.833,1.2815,1.28158,1.50,1.50
2012.09.30 23:15:26.893,1.28151,1.2816,1.88,1.13
2012.09.30 23:15:26.953,1.28152,1.2816,1.50,1.13
2012.09.30 23:15:27.314,1.28155,1.28163,1.50,2.63
2012.09.30 23:15:27.384,1.28156,1.28163,1.50,1.88
2012.09.30 23:15:27.694,1.28156,1.28161,1.50,3.75
2012.09.30 23:15:30.271,1.28152,1.28157,1.13,4.13
2012.09.30 23:15:30.344,1.28149,1.28157,2.48,6.23
2012.09.30 23:15:30.416,1.28148,1.28154,1.73,1.50
2012.09.30 23:15:30.527,1.28146,1.28152,1.50,1.13
2012.09.30 23:15:30.664,1.28142,1.2815,1.13,1.43
2012.09.30 23:15:31.109,1.28138,1.28147,2.63,1.88
2012.09.30 23:15:31.233,1.28138,1.28146,1.13,1.88
2012.09.30 23:15:32.643,1.28138,1.28146,1.88,1.88
2012.09.30 23:15:36.882,1.28138,1.28146,1.50,1.13
2012.09.30 23:15:44.754,1.28139,1.28147,1.50,2.63
2012.09.30 23:15:50.633,1.28138,1.28147,1.50,3.75
2012.09.30 23:15:50.946,1.28135,1.28143,2.01,1.13
2012.09.30 23:15:54.293,1.28135,1.28143,1.63,1.13
2012.09.30 23:15:54.533,1.28132,1.2814,3.00,1.13
2012.09.30 23:15:54.834,1.2813,1.28137,1.50,1.13
2012.09.30 23:15:54.905,1.28128,1.28136,2.25,2.63
2012.09.30 23:15:55.033,1.28127,1.28136,1.88,3.38
2012.09.30 23:15:55.754,1.28126,1.28134,1.50,1.50
2012.09.30 23:15:58.285,1.28125,1.28134,1.50,2.25
2012.09.30 23:15:58.593,1.28125,1.28131,1.50,1.13
2012.09.30 23:15:59.374,1.28123,1.28131,1.88,1.50
2012.09.30 23:15:59.445,1.28119,1.28125,1.13,1.13
2012.09.30 23:15:59.519,1.28118,1.28125,1.50,1.13
2012.09.30 23:15:59.585,1.28111,1.28119,1.50,2.10
2012.09.30 23:15:59.715,1.28108,1.28115,1.50,1.88
2012.09.30 23:16:00.509,1.28105,1.28112,1.50,1.50
2012.09.30 23:16:00.647,1.281,1.28106,1.88,1.13
2012.09.30 23:16:00.842,1.28096,1.28108,4.43,2.25
2012.09.30 23:16:01.096,1.28096,1.28106,2.18,1.13
2012.09.30 23:16:02.603,1.28098,1.28106,2.55,1.88
2012.09.30 23:16:03.264,1.28099,1.28107,3.30,1.13
2012.09.30 23:16:04.653,1.28099,1.28107,2.55,1.88
2012.09.30 23:16:04.833,1.28098,1.28104,1.05,1.13
2012.09.30 23:16:05.534,1.28098,1.28105,1.13,1.29
2012.09.30 23:16:05.746,1.28094,1.28102,1.13,3.00
2012.09.30 23:16:06.005,1.28089,1.28099,1.88,3.23
2012.09.30 23:16:06.266,1.28088,1.28096,1.13,1.88
2012.09.30 23:16:06.398,1.28086,1.28094,2.25,2.25
2012.09.30 23:16:06.933,1.28086,1.28094,2.25,4.58
2012.09.30 23:16:07.014,1.28087,1.28095,2.25,1.88
2012.09.30 23:16:07.323,1.2809,1.28097,1.13,1.50
2012.09.30 23:16:07.383,1.28091,1.28098,1.50,1.50
2012.09.30 23:16:07.923,1.2809,1.28098,1.13,1.50
2012.09.30 23:16:08.223,1.28088,1.28096,1.50,1.13
2012.09.30 23:16:08.646,1.2809,1.28097,1.50,1.13
2012.09.30 23:16:08.834,1.28091,1.281,1.88,2.85
2012.09.30 23:16:09.503,1.28091,1.28099,1.13,1.20
2012.09.30 23:16:10.424,1.28087,1.28096,1.50,1.13
2012.09.30 23:16:10.735,1.28086,1.28092,1.50,1.13
2012.09.30 23:16:10.807,1.28085,1.28092,1.13,1.13
2012.09.30 23:16:11.114,1.28082,1.2809,2.25,1.13
2012.09.30 23:16:11.294,1.28085,1.28092,1.50,1.50
2012.09.30 23:16:11.535,1.28082,1.28091,1.13,1.13
2012.09.30 23:16:12.029,1.28079,1.2809,1.88,1.50
2012.09.30 23:16:12.104,1.28079,1.2809,1.50,1.50
2012.09.30 23:16:12.863,1.28078,1.28088,1.50,1.13
2012.09.30 23:16:13.223,1.28076,1.28086,1.13,2.63
2012.09.30 23:16:13.285,1.28076,1.28086,1.13,1.88
2012.09.30 23:16:13.834,1.28078,1.2809,1.13,2.25
2012.09.30 23:16:14.375,1.28078,1.28085,1.13,1.28
2012.09.30 23:16:14.726,1.28075,1.28084,1.88,1.13
2012.09.30 23:16:15.283,1.28075,1.28084,1.88,3.23
2012.09.30 23:16:18.065,1.28076,1.28084,1.50,3.23
2012.09.30 23:16:18.631,1.28078,1.28087,1.50,1.50
2012.09.30 23:16:18.886,1.28075,1.28086,1.88,3.83
2012.09.30 23:16:19.373,1.28075,1.28086,1.50,3.08
2012.09.30 23:16:19.638,1.2807,1.2808,3.00,1.88
2012.09.30 23:16:19.707,1.2807,1.2808,2.25,1.50
2012.09.30 23:16:20.625,1.2807,1.28078,1.50,1.13
2012.09.30 23:16:21.173,1.2807,1.28077,2.25,1.13
2012.09.30 23:16:22.345,1.2807,1.28077,1.50,1.50
2012.09.30 23:16:22.895,1.2807,1.28078,1.50,1.88
2012.09.30 23:16:23.025,1.28068,1.28077,2.63,1.13
2012.09.30 23:16:23.574,1.28068,1.28076,1.50,1.13
2012.09.30 23:16:24.296,1.28069,1.2808,1.13,1.88
2012.09.30 23:16:24.605,1.2807,1.28081,2.25,1.13
2012.09.30 23:16:24.796,1.28069,1.28081,1.88,1.50
2012.09.30 23:16:25.343,1.28066,1.28076,1.62,1.73
2012.09.30 23:16:25.846,1.28065,1.28075,1.13,2.10
2012.09.30 23:16:26.554,1.2806,1.28075,3.00,2.10
2012.09.30 23:16:26.864,1.28061,1.28071,1.13,3.60
2012.09.30 23:16:27.194,1.2806,1.28071,2.25,2.10
2012.09.30 23:16:27.273,1.28055,1.28065,1.50,3.76
2012.09.30 23:16:27.348,1.2805,1.2806,1.50,1.13
2012.09.30 23:16:27.624,1.28048,1.2806,1.13,1.13
2012.09.30 23:16:27.743,1.28051,1.28059,1.88,2.25
2012.09.30 23:16:29.273,1.28057,1.28066,1.50,2.10
2012.09.30 23:16:30.063,1.28056,1.28066,1.50,3.60
2012.09.30 23:16:30.624,1.28052,1.28063,2.25,1.42
2012.09.30 23:16:30.878,1.28052,1.2806,1.50,1.50
2012.09.30 23:16:31.512,1.28052,1.28062,1.50,1.35
2012.09.30 23:16:32.007,1.2805,1.28059,1.88,1.88
2012.09.30 23:16:32.081,1.28049,1.28059,1.13,2.63
2012.09.30 23:16:32.585,1.28048,1.28059,1.50,1.88
2012.09.30 23:16:33.102,1.28048,1.28059,1.50,1.88
2012.09.30 23:16:33.653,1.28048,1.28059,1.50,2.63
2012.09.30 23:16:34.173,1.28049,1.28059,1.13,2.25
2012.09.30 23:16:34.490,1.28053,1.2806,1.50,1.50
2012.09.30 23:16:34.804,1.28047,1.28058,1.50,3.08
2012.09.30 23:16:35.115,1.28042,1.28055,1.13,7.20
2012.09.30 23:16:35.731,1.28042,1.28053,1.13,1.13
2012.09.30 23:16:35.803,1.28042,1.28052,2.25,1.50
2012.09.30 23:16:39.257,1.28043,1.28052,1.50,1.50
2012.09.30 23:16:39.564,1.28049,1.2806,1.13,1.50
2012.09.30 23:16:40.058,1.28049,1.2806,1.13,3.38
2012.09.30 23:16:40.604,1.28048,1.28059,3.23,1.13
2012.09.30 23:16:41.597,1.28048,1.28059,2.48,1.13
2012.09.30 23:16:42.244,1.2805,1.28061,2.48,3.00
2012.09.30 23:16:42.485,1.28052,1.28061,1.13,1.13
2012.09.30 23:16:42.554,1.28053,1.28063,1.13,2.25
2012.09.30 23:16:42.627,1.28051,1.28065,3.75,1.88
2012.09.30 23:16:42.694,1.28056,1.28066,1.13,1.35
2012.09.30 23:16:43.376,1.28059,1.28066,1.88,1.13
2012.09.30 23:16:43.503,1.2806,1.28071,1.88,1.73
2012.09.30 23:16:43.745,1.2806,1.28071,2.25,1.13
2012.09.30 23:16:44.178,1.28061,1.28072,1.13,1.88
2012.09.30 23:16:44.732,1.28064,1.28072,1.13,1.50
2012.09.30 23:16:45.273,1.28064,1.28072,2.25,1.50
2012.09.30 23:16:45.514,1.28061,1.28071,1.50,1.13
2012.09.30 23:16:45.634,1.28059,1.28072,2.63,1.50
2012.09.30 23:16:45.994,1.28058,1.28066,2.25,1.50
2012.09.30 23:16:46.813,1.28058,1.28068,2.25,1.50
2012.09.30 23:16:47.173,1.28058,1.28068,2.25,1.50
2012.09.30 23:16:47.371,1.28058,1.28067,1.13,1.88
2012.09.30 23:16:47.783,1.28056,1.28063,2.25,1.88
2012.09.30 23:16:47.932,1.28055,1.28063,1.50,1.13
2012.09.30 23:16:48.393,1.28057,1.28066,1.13,3.00
2012.09.30 23:16:48.873,1.28058,1.28071,4.13,1.73
2012.09.30 23:16:49.414,1.28059,1.28069,1.88,1.13
2012.09.30 23:16:49.604,1.28061,1.2807,1.13,1.13
2012.09.30 23:16:50.334,1.28062,1.28071,1.50,2.85
2012.09.30 23:16:50.405,1.28062,1.28073,1.50,3.00
2012.09.30 23:16:50.534,1.28064,1.28076,1.50,1.13
2012.09.30 23:16:50.714,1.28066,1.28077,1.13,1.88
2012.09.30 23:16:51.194,1.28068,1.28081,4.13,1.13
2012.09.30 23:16:51.433,1.28068,1.28081,3.75,1.13
2012.09.30 23:16:52.075,1.2807,1.28081,1.50,1.13
2012.09.30 23:16:52.383,1.28072,1.28083,2.25,1.13
2012.09.30 23:16:52.745,1.28074,1.28086,2.63,2.25
2012.09.30 23:16:52.993,1.28076,1.28087,1.13,1.88
2012.09.30 23:16:53.114,1.28076,1.28087,1.88,1.13
2012.09.30 23:16:53.823,1.28077,1.28087,1.88,1.13
2012.09.30 23:16:55.503,1.28077,1.28089,1.88,1.50
2012.09.30 23:16:55.815,1.28077,1.28087,3.00,1.50
2012.09.30 23:16:56.063,1.28076,1.28086,2.25,1.88
2012.09.30 23:16:56.483,1.28072,1.28078,2.25,1.50
2012.09.30 23:16:56.543,1.28071,1.28078,2.10,2.10
2012.09.30 23:16:56.605,1.28071,1.28077,1.35,1.50
2012.09.30 23:16:56.734,1.28073,1.28083,1.50,1.13
2012.09.30 23:16:56.864,1.28076,1.28082,1.50,1.13
2012.09.30 23:16:56.936,1.28077,1.28083,1.13,1.13
2012.09.30 23:16:57.065,1.28076,1.28086,1.88,1.88
2012.09.30 23:16:57.374,1.28079,1.28085,2.63,1.28
2012.09.30 23:16:57.733,1.28079,1.28088,1.50,1.50
2012.09.30 23:16:58.093,1.28081,1.28088,1.50,1.13
2012.09.30 23:16:58.214,1.28082,1.28089,1.13,1.88
2012.09.30 23:16:58.763,1.28085,1.28089,1.13,1.50
2012.09.30 23:16:59.064,1.2809,1.28097,1.50,4.35
2012.09.30 23:16:59.304,1.28088,1.28097,2.25,2.48
2012.09.30 23:16:59.603,1.28088,1.28097,1.50,3.60
2012.09.30 23:17:00.499,1.28085,1.28097,1.88,4.35
2012.09.30 23:17:01.010,1.28088,1.28097,1.88,4.73
2012.09.30 23:17:01.285,1.28094,1.28102,1.50,1.88
2012.09.30 23:17:01.414,1.28094,1.28102,3.00,1.13
2012.09.30 23:17:01.962,1.28096,1.28104,2.25,1.73
2012.09.30 23:17:02.696,1.28094,1.28103,2.25,1.88
2012.09.30 23:17:03.639,1.28095,1.28103,1.50,1.13
2012.09.30 23:17:04.664,1.28097,1.28103,2.10,1.13
2012.09.30 23:17:04.974,1.28099,1.28107,2.85,1.73
2012.09.30 23:17:05.513,1.28099,1.28109,1.50,1.13
2012.09.30 23:17:05.874,1.28107,1.28113,1.50,1.13
2012.09.30 23:17:06.385,1.28107,1.28116,1.50,1.50
2012.09.30 23:17:06.753,1.28105,1.28115,1.13,1.50
2012.09.30 23:17:07.513,1.28105,1.28115,1.88,1.50
2012.09.30 23:17:07.693,1.28107,1.28117,1.88,1.88
2012.09.30 23:17:08.216,1.28111,1.28118,1.50,1.13
2012.09.30 23:17:08.773,1.28111,1.28119,1.50,1.88
2012.09.30 23:17:09.442,1.28111,1.28119,1.50,1.13
2012.09.30 23:17:10.543,1.28111,1.28119,1.50,1.13
2012.09.30 23:17:11.083,1.28111,1.2812,2.63,1.13
2012.09.30 23:17:11.644,1.28111,1.28119,1.50,1.13
2012.09.30 23:17:12.154,1.28111,1.28119,1.50,1.13
2012.09.30 23:17:14.564,1.28111,1.28119,1.50,1.13
2012.09.30 23:17:15.635,1.28111,1.28119,1.50,1.13
2012.09.30 23:17:15.703,1.28113,1.28121,1.50,1.88
2012.09.30 23:17:15.765,1.28114,1.28121,1.13,1.50
2012.09.30 23:17:16.083,1.28119,1.28127,1.50,1.35
2012.09.30 23:17:16.587,1.28119,1.28128,2.25,2.63
2012.09.30 23:17:16.675,1.2812,1.28128,1.13,1.88
2012.09.30 23:17:17.168,1.2812,1.28128,1.13,1.88
2012.09.30 23:17:19.771,1.2812,1.28128,1.13,1.13
2012.09.30 23:17:20.075,1.28123,1.28132,1.50,1.35
2012.09.30 23:17:21.432,1.28124,1.28131,1.13,1.50
2012.09.30 23:17:21.974,1.28124,1.28133,1.13,1.13
2012.09.30 23:17:22.104,1.28123,1.28132,1.13,1.88
2012.09.30 23:17:22.643,1.28122,1.28131,1.88,1.50
2012.09.30 23:17:22.823,1.28122,1.28131,1.88,3.00
2012.09.30 23:17:23.796,1.28122,1.28131,1.88,3.38
2012.09.30 23:17:24.673,1.28122,1.28131,1.88,3.00
2012.09.30 23:17:24.733,1.28122,1.28131,1.88,3.38
2012.09.30 23:17:24.794,1.28122,1.28131,1.88,3.38
2012.09.30 23:17:25.434,1.28122,1.28131,1.88,2.63
2012.09.30 23:17:26.302,1.28123,1.28129,1.13,1.50
2012.09.30 23:17:26.842,1.28124,1.28129,1.13,1.50
2012.09.30 23:17:27.573,1.28124,1.28132,1.13,2.25
2012.09.30 23:17:30.086,1.28125,1.28132,2.44,1.13
2012.09.30 23:17:30.416,1.28126,1.28133,1.13,1.88
2012.09.30 23:17:30.544,1.28126,1.28136,2.25,1.88
2012.09.30 23:17:30.613,1.28133,1.28142,2.48,1.88
2012.09.30 23:17:30.845,1.28132,1.28143,3.23,4.50
2012.09.30 23:17:31.388,1.28135,1.28148,1.73,2.63
2012.09.30 23:17:31.459,1.28135,1.28148,2.85,1.50
2012.09.30 23:17:32.033,1.28137,1.28148,1.60,1.13
2012.09.30 23:17:32.635,1.28138,1.28148,1.60,1.13
2012.09.30 23:17:33.033,1.28137,1.28148,1.50,1.13
2012.09.30 23:17:33.564,1.28138,1.28149,1.13,1.13
2012.09.30 23:17:34.256,1.28144,1.28149,2.85,1.13
2012.09.30 23:17:34.385,1.28142,1.2815,1.13,1.88
2012.09.30 23:17:34.455,1.28143,1.28152,1.13,1.88
2012.09.30 23:17:35.132,1.28142,1.28152,1.13,1.88
2012.09.30 23:17:35.813,1.2814,1.28151,2.25,1.13
2012.09.30 23:17:36.008,1.28139,1.2815,1.13,1.58
2012.09.30 23:17:36.515,1.28139,1.28149,1.13,2.70
2012.09.30 23:17:37.162,1.28136,1.28149,1.73,2.33
2012.09.30 23:17:37.525,1.2814,1.28149,1.88,2.63
2012.09.30 23:17:37.652,1.28137,1.28149,1.13,1.50
2012.09.30 23:17:38.105,1.28134,1.28142,1.50,1.13
2012.09.30 23:17:38.176,1.28133,1.28141,1.13,1.13
2012.09.30 23:17:38.724,1.28131,1.28141,1.13,1.13
2012.09.30 23:17:38.959,1.28131,1.28141,1.13,1.13
2012.09.30 23:17:39.505,1.28132,1.28142,1.88,1.13
2012.09.30 23:17:39.576,1.28134,1.28144,1.13,1.50
2012.09.30 23:17:39.646,1.28134,1.28144,1.50,1.13
2012.09.30 23:17:40.163,1.28134,1.28144,1.50,1.13
2012.09.30 23:17:41.874,1.28134,1.28145,1.50,1.88
2012.09.30 23:17:42.005,1.28138,1.28147,1.50,1.50
2012.09.30 23:17:42.204,1.2814,1.2815,1.13,1.73
2012.09.30 23:17:42.326,1.28142,1.28151,1.88,1.88
2012.09.30 23:17:42.753,1.28139,1.28149,1.88,1.50
2012.09.30 23:17:42.933,1.2814,1.2815,1.13,1.50
2012.09.30 23:17:43.495,1.28143,1.28149,1.43,1.73
2012.09.30 23:17:43.804,1.28144,1.28151,2.10,1.84
2012.09.30 23:17:43.875,1.28145,1.28152,2.10,1.84
2012.09.30 23:17:43.945,1.28144,1.28154,1.50,1.47
2012.09.30 23:17:44.013,1.28142,1.28157,1.13,1.20
2012.09.30 23:17:44.074,1.28145,1.28156,1.13,1.58
2012.09.30 23:17:44.212,1.28147,1.28157,1.13,1.50
2012.09.30 23:17:44.295,1.28148,1.28157,1.13,1.13
2012.09.30 23:17:45.813,1.28149,1.28158,1.13,2.63
2012.09.30 23:17:45.995,1.2815,1.2816,1.88,1.50
2012.09.30 23:17:46.485,1.28152,1.2816,1.13,1.88
2012.09.30 23:17:46.554,1.28153,1.28162,1.13,1.88
2012.09.30 23:17:46.675,1.28154,1.28163,1.50,2.63
2012.09.30 23:17:46.985,1.28157,1.28169,1.13,2.25
2012.09.30 23:17:47.117,1.28156,1.28164,1.88,2.48
2012.09.30 23:17:47.186,1.28152,1.28159,1.13,1.50
2012.09.30 23:17:47.316,1.28151,1.28158,1.50,1.50
2012.09.30 23:17:47.496,1.28151,1.28158,1.13,2.25
2012.09.30 23:17:47.624,1.28149,1.28158,1.13,2.25
2012.09.30 23:17:48.736,1.28147,1.28157,1.13,1.13
2012.09.30 23:17:48.806,1.28148,1.28158,1.73,1.13
2012.09.30 23:17:49.057,1.28155,1.28164,1.13,1.73
2012.09.30 23:17:49.195,1.28157,1.28165,1.13,3.38
2012.09.30 23:17:49.705,1.28157,1.28167,1.88,1.88
2012.09.30 23:17:50.764,1.28158,1.28167,1.50,1.88
2012.09.30 23:17:52.193,1.28158,1.28167,1.50,1.13
2012.09.30 23:17:52.437,1.28158,1.28167,1.50,1.50
2012.09.30 23:17:52.505,1.28156,1.28162,1.50,1.13
2012.09.30 23:17:52.635,1.28156,1.28162,1.50,1.88
2012.09.30 23:17:53.168,1.28155,1.28163,1.50,1.13
2012.09.30 23:17:53.496,1.28157,1.28166,1.35,1.13
2012.09.30 23:17:53.686,1.28161,1.2817,1.50,2.63
2012.09.30 23:17:54.235,1.2816,1.2817,1.88,2.25
2012.09.30 23:17:54.414,1.2816,1.2817,1.88,2.25
2012.09.30 23:17:55.375,1.28159,1.28171,1.50,1.50
2012.09.30 23:17:55.796,1.28159,1.28168,1.13,1.50
2012.09.30 23:17:55.864,1.28161,1.28169,1.50,1.50
2012.09.30 23:17:56.165,1.28162,1.28171,1.50,2.25
2012.09.30 23:17:56.784,1.28162,1.28175,2.63,2.25
2012.09.30 23:17:56.903,1.28162,1.28178,2.63,1.88
2012.09.30 23:17:57.414,1.28162,1.28178,1.88,1.88
2012.09.30 23:17:57.474,1.28163,1.28177,1.50,1.13
2012.09.30 23:17:57.776,1.28169,1.28178,1.13,1.88
2012.09.30 23:17:58.334,1.28169,1.28178,1.13,1.88
2012.09.30 23:17:59.025,1.28169,1.28178,1.13,1.88
2012.09.30 23:17:59.465,1.2817,1.2818,1.13,2.63
2012.09.30 23:17:59.834,1.28168,1.28177,2.25,1.50
2012.09.30 23:18:00.384,1.28168,1.28177,1.88,1.50
2012.09.30 23:18:00.925,1.28168,1.28177,2.63,1.88
2012.09.30 23:18:02.126,1.28168,1.28177,1.50,1.50
2012.09.30 23:18:02.196,1.28167,1.28176,1.13,1.13
2012.09.30 23:18:02.614,1.28166,1.28175,2.63,1.13
2012.09.30 23:18:02.673,1.28166,1.28175,1.13,1.13
2012.09.30 23:18:02.854,1.28166,1.28175,1.13,1.13
2012.09.30 23:18:03.104,1.28166,1.28176,1.13,1.88
2012.09.30 23:18:03.466,1.28162,1.28169,1.13,1.50
2012.09.30 23:18:03.535,1.28162,1.28169,1.50,2.63
2012.09.30 23:18:03.658,1.28161,1.28167,1.50,1.58
2012.09.30 23:18:03.726,1.28161,1.28165,3.00,1.50
2012.09.30 23:18:03.915,1.28158,1.28166,2.03,1.50
2012.09.30 23:18:03.975,1.28157,1.28164,1.65,2.10
2012.09.30 23:18:04.106,1.28155,1.28163,3.00,2.48
2012.09.30 23:18:04.657,1.28153,1.28163,1.50,1.50
2012.09.30 23:18:04.785,1.28151,1.28163,1.13,1.50
2012.09.30 23:18:05.334,1.28151,1.28161,2.25,1.50
2012.09.30 23:18:05.636,1.28151,1.28159,1.13,1.50
2012.09.30 23:18:05.945,1.28149,1.28158,3.00,1.13
2012.09.30 23:18:06.255,1.28146,1.28158,2.63,1.13
2012.09.30 23:18:06.505,1.28146,1.28155,1.13,1.13
2012.09.30 23:18:06.995,1.28145,1.28152,1.50,1.88
2012.09.30 23:18:07.055,1.28145,1.28153,1.13,1.50
2012.09.30 23:18:07.234,1.28147,1.28155,1.88,1.50
2012.09.30 23:18:07.773,1.28149,1.28157,1.50,1.13
2012.09.30 23:18:08.368,1.28149,1.28159,1.13,1.50
2012.09.30 23:18:08.894,1.28149,1.28156,1.13,1.13
2012.09.30 23:18:09.864,1.2815,1.2816,1.13,1.50
2012.09.30 23:18:10.480,1.2815,1.28156,1.13,1.13
2012.09.30 23:18:10.678,1.28149,1.28161,1.13,1.13
2012.09.30 23:18:10.850,1.28153,1.28159,2.10,1.13
2012.09.30 23:18:10.987,1.28149,1.28158,1.50,1.13
2012.09.30 23:18:11.546,1.28149,1.28158,1.88,1.13
2012.09.30 23:18:11.732,1.28149,1.28159,1.88,1.13
2012.09.30 23:18:11.945,1.28149,1.28158,1.88,1.13
2012.09.30 23:18:12.508,1.28149,1.28157,1.50,1.13
2012.09.30 23:18:13.195,1.28149,1.28157,1.50,1.13
2012.09.30 23:18:13.745,1.28149,1.28157,1.50,1.13
2012.09.30 23:18:14.284,1.28148,1.28157,3.38,1.13
2012.09.30 23:18:14.823,1.28147,1.28156,1.13,1.50
2012.09.30 23:18:15.538,1.28148,1.28156,1.13,1.50
2012.09.30 23:18:17.514,1.28149,1.28158,1.88,1.50
2012.09.30 23:18:18.067,1.28148,1.28157,1.13,1.13
2012.09.30 23:18:18.372,1.28148,1.28158,1.13,1.13
2012.09.30 23:18:18.433,1.28148,1.28157,1.88,1.13
2012.09.30 23:18:21.613,1.28148,1.28157,1.13,1.13
2012.09.30 23:18:22.254,1.28147,1.28156,1.35,1.88
2012.09.30 23:18:22.793,1.28149,1.28156,1.13,1.13
2012.09.30 23:18:23.923,1.28148,1.28157,1.88,1.13
2012.09.30 23:18:24.313,1.28148,1.28158,3.38,1.13
2012.09.30 23:18:24.433,1.28148,1.28157,2.63,1.13
2012.09.30 23:18:25.434,1.28147,1.28157,1.13,2.63
2012.09.30 23:18:26.111,1.28147,1.28157,1.13,2.63
2012.09.30 23:18:26.814,1.28147,1.28157,1.13,2.63
2012.09.30 23:18:27.147,1.28148,1.28157,2.48,1.88
2012.09.30 23:18:27.454,1.28149,1.28158,2.25,1.13
2012.09.30 23:18:27.755,1.28151,1.28158,1.13,5.33
2012.09.30 23:18:28.235,1.28152,1.28159,2.48,3.00
2012.09.30 23:18:28.734,1.28151,1.28162,2.48,1.13
2012.09.30 23:18:29.674,1.28153,1.28163,1.50,1.13
2012.09.30 23:18:35.265,1.28159,1.28169,3.23,1.88
2012.09.30 23:18:35.385,1.28159,1.28168,2.48,1.88
2012.09.30 23:18:35.504,1.2816,1.28168,1.50,1.88
2012.09.30 23:18:36.024,1.2816,1.28168,2.10,1.50
2012.09.30 23:18:36.334,1.28166,1.28171,1.50,1.13
2012.09.30 23:18:36.394,1.28165,1.28172,1.50,1.13
2012.09.30 23:18:36.634,1.28161,1.2817,1.50,2.25
2012.09.30 23:18:36.934,1.28161,1.28168,1.50,1.13
2012.09.30 23:18:37.234,1.28159,1.28168,2.63,1.13
2012.09.30 23:18:38.345,1.2816,1.28169,1.50,2.63
2012.09.30 23:18:41.444,1.28159,1.28168,2.63,1.13
2012.09.30 23:18:42.209,1.28159,1.28167,1.50,1.13
2012.09.30 23:18:42.274,1.28158,1.28167,2.63,1.13
2012.09.30 23:18:42.335,1.28158,1.28166,1.50,1.50
2012.09.30 23:18:42.660,1.28155,1.28161,2.25,1.50
2012.09.30 23:18:43.144,1.28154,1.28162,1.50,1.35
2012.09.30 23:18:43.263,1.28149,1.28159,1.13,1.13
2012.09.30 23:18:43.504,1.28149,1.28158,1.88,1.50
2012.09.30 23:18:44.063,1.28149,1.28158,1.50,1.88
2012.09.30 23:18:44.425,1.28152,1.28161,1.13,3.38
2012.09.30 23:18:44.557,1.28153,1.28161,1.50,1.88
2012.09.30 23:18:44.866,1.28152,1.28161,1.88,1.88
2012.09.30 23:18:45.175,1.28145,1.28154,2.48,1.88
2012.09.30 23:18:45.235,1.28145,1.28154,1.50,1.88
2012.09.30 23:18:45.535,1.28144,1.28154,2.44,2.63
2012.09.30 23:18:45.965,1.28144,1.28153,1.69,1.50
2012.09.30 23:18:46.145,1.28142,1.28153,1.88,1.88
2012.09.30 23:18:47.024,1.28143,1.28153,1.13,1.50
2012.09.30 23:18:47.609,1.28145,1.28155,1.13,1.50
2012.09.30 23:18:47.680,1.28145,1.28155,1.50,1.88
2012.09.30 23:18:47.747,1.28146,1.28156,1.88,2.25
2012.09.30 23:18:47.935,1.28145,1.28153,1.13,1.50
2012.09.30 23:18:48.114,1.28146,1.28155,1.13,1.88
2012.09.30 23:18:49.144,1.28147,1.28155,1.50,1.88
2012.09.30 23:18:49.445,1.28146,1.28154,1.50,1.13
2012.09.30 23:18:49.574,1.28145,1.28152,1.50,1.13
2012.09.30 23:18:50.115,1.28144,1.28152,2.25,1.88
2012.09.30 23:18:50.485,1.28146,1.28153,1.50,1.50
2012.09.30 23:18:50.787,1.28148,1.28153,1.13,1.73
2012.09.30 23:18:50.855,1.28149,1.28155,1.13,2.85
2012.09.30 23:18:50.917,1.2815,1.28156,1.13,2.63
2012.09.30 23:18:50.985,1.28151,1.28157,2.25,1.13
2012.09.30 23:18:51.045,1.28151,1.28159,3.00,1.50
2012.09.30 23:18:51.115,1.28152,1.2816,3.00,1.50
2012.09.30 23:18:51.663,1.28153,1.28161,1.50,1.88
2012.09.30 23:18:52.406,1.28159,1.28168,1.88,1.88
2012.09.30 23:18:52.654,1.28159,1.28167,1.88,1.88
2012.09.30 23:18:53.936,1.28157,1.28165,2.25,1.50
2012.09.30 23:18:54.076,1.28156,1.28163,2.25,1.88
2012.09.30 23:18:54.265,1.28153,1.28162,2.25,1.88
2012.09.30 23:18:54.395,1.28152,1.28161,1.50,1.13
2012.09.30 23:18:54.945,1.28151,1.28161,1.50,1.73
2012.09.30 23:18:55.522,1.2815,1.28157,1.50,1.13
2012.09.30 23:18:58.984,1.28155,1.28161,1.50,1.50
2012.09.30 23:18:59.167,1.28154,1.28161,1.50,1.13
2012.09.30 23:18:59.235,1.28153,1.28161,1.50,1.50
2012.09.30 23:18:59.783,1.28155,1.28161,1.13,1.88
2012.09.30 23:19:00.554,1.28152,1.2816,1.50,1.13
2012.09.30 23:19:00.914,1.28151,1.28159,1.88,1.88
2012.09.30 23:19:01.275,1.28147,1.28156,3.38,1.88
2012.09.30 23:19:01.335,1.28149,1.28156,1.50,1.50
2012.09.30 23:19:01.765,1.2815,1.28157,1.50,1.13
2012.09.30 23:19:02.316,1.2815,1.28157,1.50,1.13
2012.09.30 23:19:03.344,1.28151,1.28159,3.38,1.50
2012.09.30 23:19:03.464,1.28151,1.2816,4.13,1.13
2012.09.30 23:19:05.065,1.28151,1.2816,3.75,1.13
2012.09.30 23:19:05.254,1.28151,1.2816,3.75,1.13
2012.09.30 23:19:07.375,1.28157,1.28162,1.13,1.13
2012.09.30 23:19:07.964,1.28152,1.2816,1.50,1.13
2012.09.30 23:19:10.473,1.28152,1.2816,1.50,1.50
2012.09.30 23:19:10.594,1.28152,1.2816,1.50,1.50
2012.09.30 23:19:10.896,1.28149,1.28156,2.25,1.13
2012.09.30 23:19:11.084,1.28149,1.28156,1.50,1.13
2012.09.30 23:19:11.594,1.28149,1.28156,1.50,1.13
2012.09.30 23:19:12.234,1.28149,1.28156,1.50,1.13
2012.09.30 23:19:12.774,1.28147,1.28155,1.50,1.13
2012.09.30 23:19:13.913,1.28147,1.28155,1.50,1.13
2012.09.30 23:19:14.574,1.28146,1.28154,1.88,1.13
2012.09.30 23:19:15.217,1.28147,1.28155,1.50,1.13
2012.09.30 23:19:16.724,1.28146,1.28155,2.63,1.88
2012.09.30 23:19:16.843,1.28146,1.28155,2.63,2.25
2012.09.30 23:19:17.406,1.28145,1.28154,1.50,1.50
2012.09.30 23:19:21.285,1.28146,1.28155,1.50,2.25
2012.09.30 23:19:21.344,1.28146,1.28156,2.25,2.63
2012.09.30 23:19:21.704,1.28148,1.28157,2.25,2.25
2012.09.30 23:19:21.765,1.28148,1.28156,1.50,1.50
2012.09.30 23:19:25.244,1.28146,1.28154,2.63,2.25
2012.09.30 23:19:25.424,1.28146,1.28154,2.63,1.88
2012.09.30 23:19:25.944,1.28146,1.28154,1.50,3.00
2012.09.30 23:19:26.896,1.28148,1.28155,1.50,3.00
2012.09.30 23:19:27.564,1.28145,1.28153,2.25,1.50
2012.09.30 23:19:27.745,1.28144,1.28151,2.63,1.50
2012.09.30 23:19:27.865,1.2814,1.28149,3.38,1.50
2012.09.30 23:19:28.406,1.28142,1.2815,1.50,2.25
2012.09.30 23:19:29.314,1.2814,1.28146,1.13,1.50
2012.09.30 23:19:29.614,1.28139,1.28147,1.88,1.50
2012.09.30 23:19:30.156,1.2814,1.28149,2.25,2.25
2012.09.30 23:19:31.039,1.2814,1.28149,1.50,2.25
2012.09.30 23:19:35.235,1.2814,1.28149,3.00,1.50
2012.09.30 23:19:35.605,1.2814,1.2815,3.38,1.50
2012.09.30 23:19:35.915,1.28145,1.28152,2.25,2.25
2012.09.30 23:19:36.454,1.28145,1.28153,1.50,1.50
2012.09.30 23:19:36.515,1.28145,1.28154,1.50,3.00
2012.09.30 23:19:37.045,1.28145,1.28152,1.50,1.50
2012.09.30 23:19:37.585,1.28141,1.2815,2.25,3.00
2012.09.30 23:19:38.134,1.28141,1.28148,1.50,1.50
2012.09.30 23:19:39.354,1.28141,1.28149,1.50,2.25
2012.09.30 23:19:39.914,1.28141,1.28149,2.25,1.50
2012.09.30 23:19:42.647,1.28142,1.28151,2.25,2.25
2012.09.30 23:19:42.954,1.28142,1.28152,3.00,2.25
2012.09.30 23:19:43.495,1.28144,1.28152,1.50,2.25
2012.09.30 23:19:43.734,1.28143,1.28152,3.00,2.25
2012.09.30 23:19:46.564,1.28144,1.28152,1.50,2.25
2012.09.30 23:19:46.935,1.28146,1.28154,1.50,3.38
2012.09.30 23:19:52.584,1.28143,1.28152,3.75,1.50
2012.09.30 23:19:52.767,1.28143,1.2815,1.50,2.25
2012.09.30 23:19:52.894,1.28141,1.28149,1.13,3.75
2012.09.30 23:19:53.435,1.2814,1.28148,1.50,2.63
2012.09.30 23:19:56.604,1.28139,1.28147,2.25,1.50
2012.09.30 23:19:56.974,1.28138,1.28145,1.50,1.88
2012.09.30 23:19:57.653,1.28137,1.28145,2.25,1.88
2012.09.30 23:19:57.956,1.28137,1.28145,1.88,1.50
2012.09.30 23:19:58.083,1.28137,1.28144,1.13,1.50
2012.09.30 23:19:58.264,1.28135,1.28143,2.25,2.63
2012.09.30 23:19:58.877,1.28135,1.28143,1.50,2.63
2012.09.30 23:20:01.074,1.28135,1.28141,1.50,1.50
2012.09.30 23:20:01.256,1.28132,1.28141,1.50,3.75
2012.09.30 23:20:01.789,1.28132,1.2814,1.50,1.50
2012.09.30 23:20:02.334,1.28131,1.28138,1.50,1.50
2012.09.30 23:20:05.085,1.2813,1.28139,2.63,1.50
2012.09.30 23:20:09.670,1.28131,1.28141,1.50,1.73
2012.09.30 23:20:09.915,1.28134,1.28143,2.25,2.63
2012.09.30 23:20:10.814,1.28134,1.28143,3.00,2.25
2012.09.30 23:20:11.693,1.28135,1.28144,2.25,1.73
2012.09.30 23:20:11.936,1.28137,1.28146,3.00,2.25
2012.09.30 23:20:12.066,1.28136,1.28143,1.50,2.25
2012.09.30 23:20:12.257,1.28134,1.28141,1.13,1.50
2012.09.30 23:20:12.328,1.28133,1.2814,3.38,1.50
2012.09.30 23:20:12.456,1.28132,1.28138,1.65,1.50
2012.09.30 23:20:13.305,1.28129,1.28138,1.50,2.25
2012.09.30 23:20:13.424,1.28128,1.28134,1.50,1.50
2012.09.30 23:20:13.725,1.28126,1.28133,1.50,2.63
2012.09.30 23:20:14.084,1.28122,1.28128,2.25,1.50
2012.09.30 23:20:14.539,1.28122,1.28131,1.50,2.63
2012.09.30 23:20:14.677,1.28123,1.28133,1.50,1.88
2012.09.30 23:20:15.225,1.28125,1.28135,1.50,3.75
2012.09.30 23:20:15.356,1.28124,1.28135,1.88,2.25
2012.09.30 23:20:15.666,1.28118,1.28127,2.25,3.00
2012.09.30 23:20:15.987,1.28121,1.28129,1.50,2.48
2012.09.30 23:20:16.116,1.28117,1.28127,1.88,1.50
2012.09.30 23:20:16.664,1.28117,1.28126,1.13,1.50
2012.09.30 23:20:16.726,1.28116,1.28126,2.25,1.50
2012.09.30 23:20:16.865,1.28116,1.28124,1.65,1.35
2012.09.30 23:20:17.054,1.28114,1.28125,1.50,6.45
2012.09.30 23:20:17.113,1.28113,1.28124,2.73,1.50
2012.09.30 23:20:17.174,1.28113,1.28122,1.50,1.13
2012.09.30 23:20:17.490,1.28112,1.28121,2.25,1.50
2012.09.30 23:20:17.993,1.28112,1.2812,5.55,1.50
2012.09.30 23:20:18.208,1.28111,1.28119,1.50,2.25
2012.09.30 23:20:18.738,1.2811,1.28117,1.50,2.25
2012.09.30 23:20:19.004,1.28108,1.28116,1.50,2.25
2012.09.30 23:20:19.544,1.28107,1.28114,1.50,1.50
2012.09.30 23:20:19.726,1.28106,1.28113,1.50,1.50
2012.09.30 23:20:19.980,1.28104,1.28113,2.55,2.25
2012.09.30 23:20:20.535,1.28104,1.28111,1.80,1.50
2012.09.30 23:20:21.437,1.28102,1.2811,1.43,3.75
2012.09.30 23:20:22.055,1.28101,1.28109,1.43,2.25
2012.09.30 23:20:22.115,1.28101,1.28107,1.43,1.50
2012.09.30 23:20:22.415,1.28099,1.28107,1.43,2.48
2012.09.30 23:20:23.016,1.28099,1.28104,1.13,1.50
2012.09.30 23:20:23.145,1.28097,1.28104,1.43,1.50
2012.09.30 23:20:23.324,1.28095,1.28103,1.13,2.25
2012.09.30 23:20:23.385,1.2809,1.28098,1.43,1.50
2012.09.30 23:20:23.745,1.28091,1.281,2.18,2.25
2012.09.30 23:20:23.984,1.28091,1.28099,1.50,2.25
2012.09.30 23:20:24.104,1.28091,1.28098,1.50,1.50
2012.09.30 23:20:24.284,1.28091,1.28099,1.50,1.50
2012.09.30 23:20:24.824,1.28092,1.281,1.50,2.25
2012.09.30 23:20:26.384,1.28094,1.281,1.50,1.50
2012.09.30 23:20:26.504,1.28094,1.28102,2.25,2.10
2012.09.30 23:20:26.625,1.28096,1.28102,1.50,1.50
2012.09.30 23:20:26.864,1.28096,1.28104,1.50,1.50
2012.09.30 23:20:26.985,1.28097,1.28106,1.50,1.88
2012.09.30 23:20:27.295,1.28103,1.28111,1.50,1.88
2012.09.30 23:20:27.605,1.28108,1.28113,1.50,1.50
2012.09.30 23:20:27.785,1.28108,1.28115,1.50,1.50
2012.09.30 23:20:28.165,1.28108,1.28116,1.50,1.50
2012.09.30 23:20:28.826,1.28108,1.28113,1.95,2.25
2012.09.30 23:20:28.955,1.28107,1.28113,1.50,1.50
2012.09.30 23:20:29.075,1.28105,1.28113,3.38,1.12
2012.09.30 23:20:29.444,1.28103,1.28113,3.38,2.10
2012.09.30 23:20:29.504,1.28096,1.28106,3.38,2.85
2012.09.30 23:20:29.770,1.28101,1.28106,1.50,1.35
2012.09.30 23:20:29.837,1.28102,1.28109,1.50,1.13
2012.09.30 23:20:29.906,1.28102,1.28109,1.50,1.13
2012.09.30 23:20:30.156,1.28104,1.2811,1.50,1.13
2012.09.30 23:20:30.885,1.28105,1.28111,1.50,1.13
2012.09.30 23:20:30.951,1.28106,1.28114,2.25,1.50
2012.09.30 23:20:31.076,1.28111,1.28117,1.50,2.25
2012.09.30 23:20:31.206,1.28112,1.28118,1.50,2.62
2012.09.30 23:20:31.407,1.28115,1.28124,1.50,1.50
2012.09.30 23:20:31.715,1.28115,1.28124,2.25,1.50
2012.09.30 23:20:32.014,1.28117,1.28127,1.50,1.50
2012.09.30 23:20:32.274,1.28119,1.28129,1.50,1.50
2012.09.30 23:20:32.454,1.2812,1.28129,1.50,1.50
2012.09.30 23:20:32.904,1.28117,1.28129,1.50,1.50
2012.09.30 23:20:33.024,1.28115,1.28126,1.50,1.13
2012.09.30 23:20:33.145,1.28116,1.28123,3.90,1.50
2012.09.30 23:20:33.526,1.28114,1.28123,1.50,1.50
2012.09.30 23:20:33.655,1.28113,1.28122,1.50,1.73
2012.09.30 23:20:33.774,1.28111,1.28122,2.25,2.47
2012.09.30 23:20:34.315,1.28105,1.28116,1.50,2.25
2012.09.30 23:20:34.854,1.28107,1.28116,2.25,1.50
2012.09.30 23:20:35.375,1.28108,1.28117,1.50,2.25
2012.09.30 23:20:36.315,1.28108,1.28117,1.50,2.25
2012.09.30 23:20:36.616,1.28107,1.28115,1.50,2.25
2012.09.30 23:20:36.686,1.28107,1.28113,1.50,2.25
2012.09.30 23:20:36.755,1.28105,1.28112,6.00,2.25
2012.09.30 23:20:36.997,1.28103,1.28112,1.50,1.50
2012.09.30 23:20:37.485,1.28102,1.2811,2.63,6.75
2012.09.30 23:20:37.555,1.28095,1.28103,1.88,6.00
2012.09.30 23:20:37.885,1.28099,1.28105,1.50,2.03
2012.09.30 23:20:41.333,1.28099,1.28104,3.00,1.50
2012.09.30 23:20:42.085,1.28099,1.28107,3.00,1.50
2012.09.30 23:20:42.215,1.281,1.28108,2.25,1.50
2012.09.30 23:20:42.764,1.281,1.28109,3.00,1.50
2012.09.30 23:20:43.755,1.281,1.2811,3.00,1.50
2012.09.30 23:20:44.355,1.28103,1.2811,1.50,1.50
2012.09.30 23:20:45.302,1.28103,1.28112,2.25,3.00
2012.09.30 23:20:45.826,1.28104,1.28112,1.50,2.25
2012.09.30 23:20:46.004,1.28106,1.28114,3.00,2.25
2012.09.30 23:20:46.126,1.28108,1.28116,3.38,3.23
2012.09.30 23:20:46.683,1.2811,1.28118,1.50,3.00
2012.09.30 23:20:46.905,1.2811,1.28118,3.00,1.50
2012.09.30 23:20:47.604,1.28108,1.28115,1.50,3.19
2012.09.30 23:20:47.965,1.28106,1.28114,1.50,1.50
2012.09.30 23:20:48.324,1.28105,1.28113,1.88,2.25
2012.09.30 23:20:48.445,1.28106,1.2811,1.88,2.10
2012.09.30 23:20:48.564,1.28104,1.2811,1.50,1.50
2012.09.30 23:20:49.091,1.28097,1.28105,1.50,1.50
2012.09.30 23:20:49.624,1.28097,1.28105,2.25,1.50
2012.09.30 23:20:50.144,1.28097,1.28105,2.25,1.50
2012.09.30 23:20:51.676,1.28102,1.28108,1.50,2.25
2012.09.30 23:20:52.185,1.28103,1.2811,1.50,2.25
2012.09.30 23:20:53.044,1.281,1.28108,3.38,1.50
2012.09.30 23:20:53.225,1.28096,1.28102,3.00,1.12
2012.09.30 23:20:53.766,1.28095,1.28103,2.25,4.35
2012.09.30 23:20:53.835,1.28095,1.28103,2.25,1.50
2012.09.30 23:20:53.897,1.28095,1.28103,3.00,1.50
2012.09.30 23:20:54.325,1.28098,1.28104,1.50,1.50
2012.09.30 23:20:55.964,1.28098,1.28105,1.50,1.50
2012.09.30 23:20:57.465,1.28099,1.28107,1.50,2.25
2012.09.30 23:20:58.839,1.28101,1.28107,2.25,1.50
2012.09.30 23:20:58.907,1.28101,1.28109,3.00,1.50
2012.09.30 23:20:58.976,1.28105,1.28112,1.50,1.50
2012.09.30 23:20:59.536,1.28107,1.28113,1.50,1.50
2012.09.30 23:21:00.788,1.28111,1.2812,1.50,1.50
2012.09.30 23:21:01.604,1.28114,1.28122,1.88,1.50
2012.09.30 23:21:01.665,1.28115,1.28124,1.13,1.50
2012.09.30 23:21:01.727,1.28116,1.28124,1.50,1.50
2012.09.30 23:21:01.795,1.28116,1.28125,2.25,2.03
2012.09.30 23:21:01.856,1.28118,1.28128,1.50,2.78
2012.09.30 23:21:02.245,1.28118,1.28125,1.50,2.10
2012.09.30 23:21:02.322,1.28115,1.28125,2.63,5.07
2012.09.30 23:21:02.387,1.28109,1.28119,2.48,1.50
2012.09.30 23:21:02.456,1.28108,1.28113,2.48,1.28
2012.09.30 23:21:02.526,1.28104,1.28111,2.63,1.73
2012.09.30 23:21:02.596,1.28104,1.28112,2.63,1.50
2012.09.30 23:21:02.844,1.28103,1.28112,3.75,2.10
2012.09.30 23:21:02.965,1.28104,1.28113,1.13,3.83
2012.09.30 23:21:03.084,1.28104,1.28113,1.13,2.03
2012.09.30 23:21:03.205,1.28105,1.28113,1.50,1.28
2012.09.30 23:21:03.385,1.28106,1.28113,1.13,2.03
2012.09.30 23:21:03.694,1.28109,1.28115,1.50,1.28
2012.09.30 23:21:04.435,1.28109,1.28115,1.50,1.28
2012.09.30 23:21:04.994,1.28109,1.28116,1.50,1.05
2012.09.30 23:21:05.594,1.28109,1.28117,3.00,2.03
2012.09.30 23:21:07.036,1.28109,1.28117,3.75,1.28
2012.09.30 23:21:07.354,1.28109,1.28117,4.50,1.28
2012.09.30 23:21:10.076,1.28111,1.28119,2.25,1.50
2012.09.30 23:21:11.266,1.28111,1.28121,3.00,2.03
2012.09.30 23:21:12.585,1.28113,1.28121,1.13,1.28
2012.09.30 23:21:12.944,1.28115,1.28123,2.25,2.03
2012.09.30 23:21:13.484,1.28115,1.28123,3.00,1.28
2012.09.30 23:21:13.715,1.28115,1.28123,2.25,2.03
2012.09.30 23:21:13.784,1.28115,1.28123,2.25,2.03
2012.09.30 23:21:14.364,1.28115,1.28123,2.25,2.03
2012.09.30 23:21:15.935,1.28115,1.28123,3.00,2.03
2012.09.30 23:21:16.484,1.28115,1.28123,3.00,1.28
2012.09.30 23:21:16.986,1.28115,1.28123,3.00,1.35
2012.09.30 23:21:17.674,1.28115,1.28123,2.25,1.35
2012.09.30 23:21:19.634,1.28115,1.28123,3.00,1.35
2012.09.30 23:21:21.024,1.28115,1.28122,3.08,1.50
2012.09.30 23:21:21.574,1.28115,1.28122,2.33,1.50
2012.09.30 23:21:21.876,1.28113,1.28121,3.75,1.35
2012.09.30 23:21:21.945,1.28113,1.28119,2.25,1.35
2012.09.30 23:21:22.484,1.28111,1.28119,1.50,2.10
2012.09.30 23:21:26.784,1.2811,1.28119,3.00,2.10
2012.09.30 23:21:28.103,1.28111,1.28119,1.50,1.35
2012.09.30 23:21:28.796,1.28111,1.28121,3.75,2.10
2012.09.30 23:21:29.315,1.28111,1.28118,3.00,1.35
2012.09.30 23:21:30.144,1.28112,1.2812,1.50,2.70
2012.09.30 23:21:33.564,1.28112,1.2812,1.50,3.00
2012.09.30 23:21:34.224,1.28111,1.2812,4.50,2.10
2012.09.30 23:21:38.504,1.28112,1.2812,1.50,2.40
2012.09.30 23:21:40.394,1.28112,1.2812,3.00,3.15
2012.09.30 23:21:42.055,1.28112,1.2812,3.00,1.50
2012.09.30 23:21:42.697,1.28113,1.2812,1.50,3.90
2012.09.30 23:21:43.005,1.28109,1.28114,1.50,1.50
2012.09.30 23:21:43.184,1.28109,1.28114,1.50,1.50
2012.09.30 23:21:43.305,1.28106,1.28114,1.50,2.25
2012.09.30 23:21:44.528,1.28106,1.28114,1.50,2.25
2012.09.30 23:21:45.161,1.28106,1.28114,1.50,3.00
2012.09.30 23:21:46.654,1.28104,1.28114,3.00,3.38
2012.09.30 23:21:47.194,1.28104,1.28114,3.00,3.38
2012.09.30 23:21:50.509,1.28106,1.28114,1.50,2.25
2012.09.30 23:21:51.803,1.28106,1.28114,2.25,2.10
2012.09.30 23:21:52.406,1.28106,1.28114,2.25,2.10
2012.09.30 23:21:55.844,1.28106,1.28113,2.25,1.50
2012.09.30 23:21:58.445,1.28106,1.28113,2.25,1.50
2012.09.30 23:21:59.235,1.28104,1.28112,3.38,1.50
2012.09.30 23:21:59.415,1.28102,1.28112,4.50,3.00
2012.09.30 23:21:59.476,1.28102,1.28109,2.63,1.50
2012.09.30 23:21:59.665,1.28103,1.28111,1.13,3.00
2012.09.30 23:21:59.786,1.28104,1.28111,1.13,1.50
2012.09.30 23:22:00.487,1.28103,1.28111,1.50,2.25
2012.09.30 23:22:00.995,1.28104,1.28111,1.50,2.25
2012.09.30 23:22:02.424,1.28104,1.28111,1.88,1.50
2012.09.30 23:22:02.545,1.28104,1.28111,1.88,1.50
2012.09.30 23:22:03.084,1.28105,1.28113,2.25,2.25
2012.09.30 23:22:03.824,1.28105,1.28112,1.50,1.50
2012.09.30 23:22:06.006,1.28105,1.28113,2.25,1.50
2012.09.30 23:22:06.538,1.28107,1.28114,1.50,1.50
2012.09.30 23:22:08.293,1.28107,1.28115,1.50,1.50
2012.09.30 23:22:08.440,1.28109,1.28116,2.25,1.50
2012.09.30 23:22:08.509,1.2811,1.28119,1.50,6.00
2012.09.30 23:22:09.741,1.28111,1.28119,2.25,1.50
2012.09.30 23:22:11.379,1.28111,1.28119,2.25,3.60
2012.09.30 23:22:11.626,1.2811,1.28118,2.25,1.73
2012.09.30 23:22:11.876,1.28108,1.28116,2.25,1.65
2012.09.30 23:22:11.944,1.28108,1.28118,3.00,3.00
2012.09.30 23:22:12.304,1.2811,1.28117,1.50,3.00
2012.09.30 23:22:12.606,1.28108,1.28115,1.50,2.70
2012.09.30 23:22:14.843,1.28105,1.28114,1.50,2.25
2012.09.30 23:22:15.905,1.28106,1.28114,2.10,1.88
2012.09.30 23:22:16.464,1.28106,1.28113,1.50,3.60
2012.09.30 23:22:19.154,1.28106,1.28112,1.50,2.10
2012.09.30 23:22:20.046,1.28105,1.28112,2.25,2.10
2012.09.30 23:22:27.837,1.28106,1.28113,1.50,1.50
2012.09.30 23:22:28.385,1.28106,1.28116,1.50,1.88
2012.09.30 23:22:28.865,1.28104,1.28112,1.50,2.63
2012.09.30 23:22:28.925,1.28103,1.28112,1.50,4.88
2012.09.30 23:22:29.274,1.28103,1.28111,1.50,1.50
2012.09.30 23:22:29.776,1.28102,1.28109,1.50,1.50
2012.09.30 23:22:30.266,1.28101,1.28108,1.13,1.50
2012.09.30 23:22:30.384,1.28102,1.28109,1.13,1.50
2012.09.30 23:22:30.685,1.28103,1.28111,1.50,2.10
2012.09.30 23:22:32.476,1.28102,1.28109,1.50,1.50
2012.09.30 23:22:33.024,1.28101,1.28109,2.25,1.88
2012.09.30 23:22:38.104,1.28101,1.28109,1.50,2.63
2012.09.30 23:22:38.654,1.281,1.28108,1.50,1.13
2012.09.30 23:22:42.585,1.28099,1.28105,1.50,1.50
2012.09.30 23:22:42.707,1.28097,1.28104,1.50,1.88
2012.09.30 23:22:42.836,1.28094,1.28102,1.73,1.50
2012.09.30 23:22:43.086,1.28093,1.28101,2.25,1.66
2012.09.30 23:22:43.156,1.28093,1.28102,1.50,3.54
2012.09.30 23:22:43.494,1.28095,1.28102,1.50,1.66
2012.09.30 23:22:44.696,1.28095,1.28103,1.50,2.26
2012.09.30 23:22:45.245,1.28094,1.28102,1.50,2.79
2012.09.30 23:22:45.784,1.28092,1.28101,3.00,2.41
2012.09.30 23:22:46.454,1.28092,1.28101,3.00,2.41
2012.09.30 23:22:48.185,1.28092,1.28101,3.00,1.66
2012.09.30 23:22:48.731,1.28095,1.28103,2.25,1.50
2012.09.30 23:22:48.802,1.28095,1.28103,2.25,1.50
2012.09.30 23:22:48.940,1.28097,1.28105,2.25,2.04
2012.09.30 23:22:49.464,1.28097,1.28105,1.50,1.66
2012.09.30 23:22:51.875,1.28097,1.28104,1.50,1.50
2012.09.30 23:22:52.115,1.28096,1.28103,1.50,1.50
2012.09.30 23:22:52.642,1.28096,1.28103,1.50,1.50
2012.09.30 23:22:53.266,1.28096,1.28104,1.50,1.88
2012.09.30 23:22:53.987,1.28096,1.28103,1.50,1.50
2012.09.30 23:22:54.723,1.28096,1.28103,1.50,1.50
2012.09.30 23:22:56.714,1.28096,1.28104,1.50,2.25
2012.09.30 23:22:57.228,1.28096,1.28104,1.50,1.41
2012.09.30 23:22:57.872,1.28096,1.28105,1.50,3.16
2012.09.30 23:22:58.275,1.28096,1.28104,1.50,1.41
2012.09.30 23:22:59.885,1.28096,1.28105,1.50,1.50
2012.09.30 23:23:00.155,1.28098,1.28106,2.25,1.88
2012.09.30 23:23:06.214,1.28099,1.28108,1.35,3.39
2012.09.30 23:23:06.274,1.281,1.28108,1.50,2.64
2012.09.30 23:23:06.457,1.28101,1.28108,1.50,1.14
2012.09.30 23:23:08.535,1.28101,1.28108,1.50,1.14
2012.09.30 23:23:09.143,1.281,1.28108,2.25,1.89
2012.09.30 23:23:09.645,1.281,1.28107,1.50,1.66
2012.09.30 23:23:10.005,1.28096,1.28104,2.25,1.89
2012.09.30 23:23:10.195,1.28097,1.28103,1.50,1.50
2012.09.30 23:23:10.448,1.281,1.28105,1.50,1.50
2012.09.30 23:23:10.574,1.28099,1.28106,1.50,2.48
2012.09.30 23:23:11.114,1.28099,1.28108,2.25,2.26
2012.09.30 23:23:13.574,1.28099,1.28107,1.13,1.73
2012.09.30 23:23:16.744,1.28099,1.28107,1.13,1.73
2012.09.30 23:23:17.284,1.28099,1.28106,1.13,1.73
2012.09.30 23:23:19.693,1.28099,1.28106,1.50,1.89
2012.09.30 23:23:23.167,1.28099,1.28106,1.50,1.89
2012.09.30 23:23:26.024,1.28099,1.28106,1.50,1.73
2012.09.30 23:23:30.385,1.28096,1.28104,2.48,1.50
2012.09.30 23:23:30.627,1.28096,1.28102,1.50,1.50
2012.09.30 23:23:31.225,1.28096,1.28102,1.50,1.50
2012.09.30 23:23:31.285,1.28097,1.28104,1.35,1.50
2012.09.30 23:23:31.524,1.28099,1.28105,2.10,1.50
2012.09.30 23:23:31.585,1.28097,1.28104,1.50,1.50
2012.09.30 23:23:32.264,1.28098,1.28108,1.50,1.50
2012.09.30 23:23:32.414,1.28097,1.28108,1.50,1.50
2012.09.30 23:23:32.716,1.28096,1.28103,1.50,2.25
2012.09.30 23:23:35.434,1.28095,1.28103,1.73,3.00
2012.09.30 23:23:36.185,1.28093,1.28103,2.25,3.98
2012.09.30 23:23:38.284,1.28093,1.28103,1.50,3.76
2012.09.30 23:23:38.834,1.28093,1.28102,1.50,1.14
2012.09.30 23:23:39.384,1.28092,1.28102,1.73,1.89
2012.09.30 23:23:39.505,1.28092,1.281,1.73,1.50
2012.09.30 23:23:42.586,1.28092,1.281,2.48,1.50
2012.09.30 23:23:43.245,1.28093,1.281,1.50,1.50
2012.09.30 23:23:51.074,1.28094,1.28102,1.50,1.14
2012.09.30 23:23:53.365,1.28094,1.28103,3.00,2.48
2012.09.30 23:23:55.265,1.28095,1.28103,1.73,1.50
2012.09.30 23:23:57.704,1.28096,1.28103,2.25,1.50
2012.09.30 23:23:59.394,1.28097,1.28104,2.25,2.25
2012.09.30 23:23:59.934,1.28097,1.28104,2.25,1.50
2012.09.30 23:24:00.658,1.28097,1.28104,2.25,1.50
2012.09.30 23:24:02.325,1.28096,1.28108,4.13,1.50
2012.09.30 23:24:03.006,1.28097,1.28106,1.50,1.50
2012.09.30 23:24:03.194,1.28097,1.28107,1.50,1.50
2012.09.30 23:24:03.730,1.28097,1.28107,2.25,1.50
2012.09.30 23:24:04.003,1.28097,1.28107,2.25,2.25
2012.09.30 23:24:04.825,1.28095,1.28103,1.50,2.10
2012.09.30 23:24:05.287,1.28093,1.281,4.50,1.65
2012.09.30 23:24:05.534,1.28093,1.281,4.50,3.75
2012.09.30 23:24:05.904,1.28093,1.281,4.50,1.50
2012.09.30 23:24:06.225,1.28092,1.28099,1.73,6.08
2012.09.30 23:24:06.343,1.28085,1.28099,1.50,1.50
2012.09.30 23:24:06.406,1.28083,1.28091,4.35,4.58
2012.09.30 23:24:06.594,1.28084,1.28094,2.25,1.50
2012.09.30 23:24:06.860,1.28084,1.2809,2.25,3.83
2012.09.30 23:24:08.483,1.28084,1.28094,2.25,1.50
2012.09.30 23:24:08.994,1.28085,1.28095,1.50,1.50
2012.09.30 23:24:09.357,1.28083,1.2809,2.85,1.58
2012.09.30 23:24:09.615,1.28084,1.28094,1.50,1.50
2012.09.30 23:24:09.675,1.28089,1.28096,1.50,1.50
2012.09.30 23:24:09.736,1.28088,1.28096,1.50,1.66
2012.09.30 23:24:09.806,1.28084,1.28094,1.50,1.50
2012.09.30 23:24:10.234,1.28084,1.28095,1.50,2.25
2012.09.30 23:24:10.414,1.28085,1.28093,2.25,1.20
2012.09.30 23:24:10.804,1.28083,1.28093,2.25,1.58
2012.09.30 23:24:11.885,1.28088,1.28095,1.50,3.00
2012.09.30 23:24:12.004,1.28085,1.28095,3.00,3.00
2012.09.30 23:24:12.124,1.28089,1.28095,3.75,2.25
2012.09.30 23:24:12.493,1.28088,1.28096,1.50,1.73
2012.09.30 23:24:13.005,1.28088,1.28097,2.48,1.50
2012.09.30 23:24:13.064,1.28088,1.28096,1.73,1.50
2012.09.30 23:24:13.546,1.28088,1.28097,2.48,1.50
2012.09.30 23:24:14.694,1.28085,1.28093,2.48,1.50
2012.09.30 23:24:15.955,1.28088,1.28097,1.73,1.50
2012.09.30 23:24:16.014,1.28085,1.28093,1.73,1.50
2012.09.30 23:24:16.474,1.28088,1.28097,2.48,1.50
2012.09.30 23:24:18.513,1.28092,1.28099,1.73,2.25
2012.09.30 23:24:19.305,1.28092,1.281,3.23,2.25
2012.09.30 23:24:19.364,1.28092,1.281,3.23,1.50
2012.09.30 23:24:19.546,1.28095,1.28102,2.25,1.73
2012.09.30 23:24:19.977,1.28098,1.28104,1.50,1.88
2012.09.30 23:24:20.407,1.28098,1.28106,7.13,2.48
2012.09.30 23:24:20.716,1.28099,1.28107,1.35,2.25
2012.09.30 23:24:20.966,1.281,1.28108,1.35,2.25
2012.09.30 23:24:22.256,1.28101,1.28109,1.73,1.50
2012.09.30 23:24:22.324,1.28102,1.2811,2.48,1.50
2012.09.30 23:24:23.027,1.28103,1.28112,2.25,2.48
2012.09.30 23:24:23.554,1.28104,1.28113,1.73,3.23
2012.09.30 23:24:26.047,1.28106,1.28113,1.50,1.73
2012.09.30 23:24:26.175,1.28105,1.28117,1.50,4.73
2012.09.30 23:24:26.479,1.28115,1.28121,1.50,2.48
2012.09.30 23:24:26.934,1.28108,1.28116,1.73,1.50
2012.09.30 23:24:27.015,1.2811,1.2812,2.63,1.73
2012.09.30 23:24:27.087,1.28113,1.28121,1.50,1.73
2012.09.30 23:24:27.347,1.28112,1.28121,1.88,2.48
2012.09.30 23:24:27.416,1.28112,1.28121,2.63,1.73
2012.09.30 23:24:27.535,1.28112,1.28121,2.63,2.48
2012.09.30 23:24:29.931,1.28114,1.28121,1.88,1.50
2012.09.30 23:24:30.354,1.28114,1.28122,2.25,1.73
2012.09.30 23:24:32.256,1.28114,1.28123,2.25,1.73
2012.09.30 23:24:32.744,1.28115,1.28124,2.25,2.25
2012.09.30 23:24:32.926,1.28118,1.28126,1.50,2.48
2012.09.30 23:24:33.174,1.28118,1.28126,1.50,1.73
2012.09.30 23:24:33.294,1.28118,1.28126,1.50,1.73
2012.09.30 23:24:34.984,1.28115,1.28125,2.48,3.23
2012.09.30 23:24:35.345,1.28118,1.28126,2.25,1.73
2012.09.30 23:24:35.706,1.28117,1.28125,1.50,3.98
2012.09.30 23:24:36.025,1.28114,1.28124,1.50,3.23
2012.09.30 23:24:36.858,1.28117,1.28126,1.50,2.85
2012.09.30 23:24:37.106,1.28116,1.28126,1.50,3.60
2012.09.30 23:24:37.414,1.28115,1.28125,2.25,3.23
2012.09.30 23:24:39.689,1.28115,1.28124,2.63,1.50
2012.09.30 23:24:39.760,1.2812,1.28127,1.50,3.98
2012.09.30 23:24:39.946,1.28119,1.28131,1.13,3.00
2012.09.30 23:24:40.017,1.28119,1.28127,1.13,3.00
2012.09.30 23:24:40.266,1.28116,1.28123,1.65,1.73
2012.09.30 23:24:40.336,1.28112,1.2812,2.48,1.50
2012.09.30 23:24:40.947,1.28112,1.2812,2.48,2.25
2012.09.30 23:24:41.761,1.28114,1.2812,1.73,1.50
2012.09.30 23:24:42.264,1.28114,1.2812,2.48,1.13
2012.09.30 23:24:43.057,1.28114,1.28125,3.23,1.88
2012.09.30 23:24:43.415,1.28114,1.28123,1.73,2.10
2012.09.30 23:24:43.475,1.28117,1.28124,1.50,1.35
2012.09.30 23:24:43.594,1.28112,1.28122,1.50,1.50
2012.09.30 23:24:43.715,1.28112,1.28119,2.25,1.50
2012.09.30 23:24:44.014,1.28112,1.2812,2.25,2.48
2012.09.30 23:24:44.075,1.28112,1.2812,1.50,2.48
2012.09.30 23:24:44.504,1.28112,1.2812,2.25,2.48
2012.09.30 23:24:45.684,1.28112,1.2812,2.25,2.85
2012.09.30 23:24:46.560,1.28111,1.2812,1.73,3.60
2012.09.30 23:24:47.063,1.28111,1.2812,1.73,2.85
2012.09.30 23:24:47.244,1.28112,1.2812,1.50,2.85
2012.09.30 23:24:47.444,1.28111,1.2812,1.73,2.48
2012.09.30 23:24:47.625,1.28112,1.2812,2.25,1.73
2012.09.30 23:24:47.985,1.28114,1.28121,2.48,1.88
2012.09.30 23:24:48.524,1.28115,1.28122,1.50,1.80
2012.09.30 23:24:49.884,1.28115,1.28122,1.50,2.18
2012.09.30 23:24:51.707,1.28115,1.28122,1.50,2.18
2012.09.30 23:24:52.602,1.28115,1.28122,1.50,2.18
2012.09.30 23:24:53.266,1.28114,1.28121,1.50,2.25
2012.09.30 23:24:53.338,1.28112,1.28121,3.60,2.25
2012.09.30 23:24:53.885,1.28112,1.28121,2.85,3.00
2012.09.30 23:24:54.606,1.28112,1.2812,1.13,3.23
2012.09.30 23:24:55.256,1.28111,1.28119,2.10,2.25
2012.09.30 23:24:55.795,1.28111,1.28119,2.10,3.00
2012.09.30 23:24:59.235,1.28109,1.28117,4.13,1.50
2012.09.30 23:25:01.694,1.28111,1.28118,1.73,1.50
2012.09.30 23:25:02.185,1.28113,1.28121,1.50,3.23
2012.09.30 23:25:02.306,1.28111,1.2812,2.63,1.50
2012.09.30 23:25:04.056,1.28111,1.28119,1.88,2.25
2012.09.30 23:25:04.305,1.28109,1.28117,3.60,1.50
2012.09.30 23:25:04.366,1.28109,1.28117,3.60,1.50
2012.09.30 23:25:04.615,1.28108,1.28115,1.50,1.50
2012.09.30 23:25:05.093,1.28108,1.28118,2.25,3.00
2012.09.30 23:25:06.085,1.28108,1.28116,1.50,1.50
2012.09.30 23:25:06.696,1.28107,1.28115,2.85,1.50
2012.09.30 23:25:07.226,1.28107,1.28115,2.85,1.50
2012.09.30 23:25:07.589,1.28107,1.28117,3.60,2.25
2012.09.30 23:25:08.186,1.28107,1.28117,3.60,2.25
2012.09.30 23:25:08.795,1.28109,1.28119,2.25,2.25
2012.09.30 23:25:10.444,1.28109,1.28118,3.00,1.50
2012.09.30 23:25:14.343,1.28109,1.28118,3.00,1.50
2012.09.30 23:25:14.944,1.28109,1.28118,3.00,1.50
2012.09.30 23:25:15.355,1.28109,1.28117,1.50,2.25
2012.09.30 23:25:15.869,1.28109,1.28117,1.50,1.50
2012.09.30 23:25:15.998,1.28109,1.28119,3.00,2.25
2012.09.30 23:25:16.526,1.28111,1.28119,1.50,2.25
2012.09.30 23:25:17.127,1.2811,1.28119,1.50,2.25
2012.09.30 23:25:17.744,1.28109,1.28119,2.25,2.25
2012.09.30 23:25:18.135,1.28108,1.28118,1.50,3.00
2012.09.30 23:25:18.464,1.28108,1.28118,1.50,2.25
2012.09.30 23:25:20.163,1.28108,1.28118,1.50,3.00
2012.09.30 23:25:21.484,1.28108,1.28118,1.50,3.00
2012.09.30 23:25:22.403,1.28109,1.28118,1.50,1.50
2012.09.30 23:25:23.146,1.28109,1.28122,1.84,2.85
2012.09.30 23:25:23.334,1.28115,1.2812,1.50,1.50
2012.09.30 23:25:23.454,1.2811,1.28119,2.48,1.58
2012.09.30 23:25:23.635,1.2811,1.28116,1.50,1.50
2012.09.30 23:25:24.314,1.28107,1.28114,2.85,1.50
2012.09.30 23:25:24.434,1.28108,1.28121,1.50,1.14
2012.09.30 23:25:24.674,1.28107,1.28114,2.85,1.50
2012.09.30 23:25:25.775,1.28107,1.28114,2.85,1.50
2012.09.30 23:25:27.016,1.28107,1.28114,2.85,1.50
2012.09.30 23:25:29.575,1.28108,1.28117,2.63,1.50
2012.09.30 23:25:43.744,1.28108,1.28116,1.13,1.50
2012.09.30 23:25:44.045,1.28104,1.28111,1.28,1.50
2012.09.30 23:25:44.169,1.28104,1.28111,1.28,1.73
2012.09.30 23:25:44.614,1.28102,1.28111,3.19,2.10
2012.09.30 23:25:45.454,1.281,1.2811,3.23,1.73
2012.09.30 23:25:48.973,1.28101,1.2811,1.73,2.48
2012.09.30 23:25:49.478,1.28101,1.2811,1.73,1.73
2012.09.30 23:25:52.011,1.28101,1.2811,2.48,1.73
2012.09.30 23:25:52.555,1.281,1.28107,1.50,1.50
2012.09.30 23:25:53.094,1.28098,1.28106,2.25,2.48
2012.09.30 23:25:53.665,1.28098,1.28106,2.48,1.50
2012.09.30 23:25:56.373,1.281,1.28108,1.50,3.23
2012.09.30 23:25:56.434,1.28099,1.28107,1.73,1.14
2012.09.30 23:25:56.936,1.28099,1.28107,2.48,1.14
2012.09.30 23:25:57.787,1.28099,1.28106,2.48,1.13
2012.09.30 23:25:57.915,1.28096,1.28106,1.73,3.38
2012.09.30 23:25:57.976,1.28096,1.28103,1.50,2.48
2012.09.30 23:25:58.107,1.28096,1.28106,2.25,1.50
2012.09.30 23:25:58.235,1.28096,1.28106,2.48,1.50
2012.09.30 23:25:58.775,1.28098,1.28107,1.50,2.64
2012.09.30 23:26:01.416,1.28099,1.28105,1.50,1.73
2012.09.30 23:26:01.486,1.28095,1.28105,2.48,3.98
2012.09.30 23:26:01.797,1.28095,1.28103,2.25,1.73
2012.09.30 23:26:03.217,1.28097,1.28105,1.50,3.98
2012.09.30 23:26:05.356,1.28097,1.28105,2.25,2.48
2012.09.30 23:26:05.415,1.28097,1.28105,3.00,1.73
2012.09.30 23:26:05.725,1.28097,1.28105,2.25,2.48
2012.09.30 23:26:05.905,1.28097,1.28105,3.00,1.73
2012.09.30 23:26:06.834,1.28097,1.28105,2.25,1.73
2012.09.30 23:26:07.384,1.28097,1.28105,2.25,1.73
2012.09.30 23:26:07.936,1.28097,1.28105,1.50,2.48
2012.09.30 23:26:08.993,1.28097,1.28105,1.50,2.48
2012.09.30 23:26:09.575,1.28098,1.28107,2.10,1.73
2012.09.30 23:26:09.645,1.28098,1.28106,2.10,1.73
2012.09.30 23:26:10.005,1.28098,1.28105,1.50,1.50
2012.09.30 23:26:10.307,1.28097,1.28105,1.50,3.23
2012.09.30 23:26:10.625,1.281,1.28106,1.50,3.00
2012.09.30 23:26:11.044,1.28098,1.28106,2.48,1.50
2012.09.30 23:26:14.877,1.28099,1.28107,1.73,2.49
2012.09.30 23:26:15.245,1.281,1.28108,1.73,1.50
2012.09.30 23:26:15.305,1.281,1.28108,2.48,1.50
2012.09.30 23:26:15.846,1.281,1.28106,1.50,3.38
2012.09.30 23:26:16.025,1.28096,1.28104,1.50,2.33
2012.09.30 23:26:16.266,1.28096,1.28104,1.50,2.10
2012.09.30 23:26:17.821,1.28093,1.281,2.25,1.66
2012.09.30 23:26:17.958,1.2809,1.28097,1.50,1.66
2012.09.30 23:26:21.201,1.28088,1.28094,3.75,1.66
2012.09.30 23:26:21.506,1.28087,1.28092,7.50,1.50
2012.09.30 23:26:21.578,1.28085,1.2809,3.75,1.66
2012.09.30 23:26:21.646,1.28081,1.28087,2.48,1.50
2012.09.30 23:26:21.776,1.28083,1.28088,3.75,1.66
2012.09.30 23:26:22.256,1.2808,1.28087,2.25,1.50
2012.09.30 23:26:25.834,1.28078,1.28085,3.98,1.50
2012.09.30 23:26:26.016,1.28077,1.28083,7.50,1.50
2012.09.30 23:26:26.086,1.28075,1.28081,4.50,1.66
2012.09.30 23:26:26.635,1.28073,1.28079,1.50,1.50
2012.09.30 23:26:27.164,1.28072,1.28079,4.50,2.25
2012.09.30 23:26:28.136,1.28071,1.28078,2.48,1.50
2012.09.30 23:26:28.388,1.28068,1.28076,1.73,1.50
2012.09.30 23:26:28.456,1.2807,1.28077,1.50,1.50
2012.09.30 23:26:28.647,1.28067,1.28075,3.00,1.73
2012.09.30 23:26:28.777,1.28067,1.28077,3.75,3.00
2012.09.30 23:26:29.468,1.28064,1.28074,2.48,1.13
2012.09.30 23:26:29.537,1.28064,1.28074,1.73,2.25
2012.09.30 23:26:29.605,1.28061,1.28072,2.48,2.25
2012.09.30 23:26:29.787,1.28056,1.28066,2.84,1.50
2012.09.30 23:26:30.095,1.28057,1.28064,1.50,1.50
2012.09.30 23:26:30.338,1.28053,1.28063,1.50,4.35
2012.09.30 23:26:30.411,1.28047,1.2806,2.48,1.50
2012.09.30 23:26:30.671,1.2805,1.28058,2.48,1.50
2012.09.30 23:26:31.196,1.28048,1.28057,2.25,3.75
2012.09.30 23:26:31.756,1.28046,1.28054,2.25,3.23
2012.09.30 23:26:32.258,1.28046,1.28055,1.50,2.48
2012.09.30 23:26:33.506,1.28046,1.28055,1.50,2.48
2012.09.30 23:26:33.816,1.28043,1.2805,1.50,1.73
2012.09.30 23:26:34.129,1.28041,1.28046,3.23,1.50
2012.09.30 23:26:34.197,1.2804,1.28044,1.50,1.73
2012.09.30 23:26:34.616,1.28039,1.28047,2.25,2.25
2012.09.30 23:26:34.746,1.2804,1.28047,1.50,1.73
2012.09.30 23:26:34.816,1.2804,1.28047,1.50,1.50
2012.09.30 23:26:35.494,1.28039,1.28047,1.73,1.50
2012.09.30 23:26:39.365,1.28039,1.28048,1.73,1.73
2012.09.30 23:26:39.605,1.28039,1.28048,2.48,1.73
2012.09.30 23:26:40.164,1.28041,1.28047,2.25,1.50
2012.09.30 23:26:40.465,1.28038,1.28044,1.73,1.50
2012.09.30 23:26:41.006,1.28038,1.28045,1.50,1.73
2012.09.30 23:26:41.317,1.2804,1.28047,1.50,2.25
2012.09.30 23:26:41.836,1.28039,1.28046,2.48,1.50
2012.09.30 23:26:42.605,1.2804,1.28047,1.50,2.25
2012.09.30 23:26:43.496,1.2804,1.2805,1.50,1.50
2012.09.30 23:26:45.275,1.28041,1.28048,1.50,1.73
2012.09.30 23:26:48.536,1.28042,1.2805,2.25,1.50
2012.09.30 23:26:48.655,1.28043,1.28052,2.25,2.48
2012.09.30 23:26:48.838,1.28046,1.28052,1.50,1.50
2012.09.30 23:26:49.368,1.28046,1.28053,1.73,1.50
2012.09.30 23:26:49.442,1.28048,1.28053,1.88,1.88
2012.09.30 23:26:49.719,1.28049,1.28054,1.50,4.28
2012.09.30 23:26:50.385,1.28049,1.28056,2.85,4.28
2012.09.30 23:26:50.895,1.2805,1.28057,2.10,1.50
2012.09.30 23:26:51.964,1.28052,1.28058,1.88,1.50
2012.09.30 23:26:52.027,1.28053,1.2806,1.88,1.50
2012.09.30 23:26:52.534,1.28059,1.28066,2.10,1.50
2012.09.30 23:26:53.446,1.28061,1.28068,1.88,1.50
2012.09.30 23:26:53.995,1.2806,1.28069,1.50,1.73
2012.09.30 23:26:54.326,1.28062,1.2807,2.25,1.73
2012.09.30 23:26:54.865,1.28062,1.28069,1.50,1.73
2012.09.30 23:26:55.286,1.28059,1.28066,1.50,1.50
2012.09.30 23:26:55.877,1.28058,1.28065,3.60,1.50
2012.09.30 23:26:56.425,1.28059,1.28066,1.13,1.50
2012.09.30 23:26:56.926,1.2806,1.28066,1.13,1.50
2012.09.30 23:26:59.075,1.28061,1.28069,1.50,1.73
2012.09.30 23:26:59.687,1.28061,1.28069,1.50,1.73
2012.09.30 23:27:00.855,1.28062,1.2807,1.50,1.73
2012.09.30 23:27:00.993,1.28065,1.28071,1.50,2.10
2012.09.30 23:27:01.240,1.28069,1.28075,1.50,1.50
2012.09.30 23:27:01.364,1.28069,1.28077,3.00,2.48
2012.09.30 23:27:01.425,1.28074,1.28079,1.50,1.50
2012.09.30 23:27:01.546,1.28074,1.28081,1.50,2.63
2012.09.30 23:27:01.677,1.28077,1.28084,1.88,1.73
2012.09.30 23:27:01.747,1.28077,1.28085,1.88,3.98
2012.09.30 23:27:02.165,1.28081,1.28086,1.50,2.78
2012.09.30 23:27:02.687,1.2808,1.28086,2.25,2.25
2012.09.30 23:27:03.298,1.28079,1.28085,1.50,1.73
2012.09.30 23:27:03.546,1.28079,1.28086,1.50,1.35
2012.09.30 23:27:04.084,1.2808,1.28087,2.25,1.73
2012.09.30 23:27:05.355,1.2808,1.28087,1.50,1.73
2012.09.30 23:27:05.802,1.28078,1.28084,1.50,1.50
2012.09.30 23:27:06.304,1.28078,1.28085,2.25,1.73
2012.09.30 23:27:08.245,1.28078,1.28085,3.00,1.73
