2014.06.11 18:00:00.258,1.35312,1.35315,3.75,1.88
2014.06.11 18:00:00.760,1.35312,1.35314,1.88,2.44
2014.06.11 18:00:01.319,1.35313,1.35314,2.25,1.25
2014.06.11 18:00:04.084,1.35313,1.35315,1.50,1.88
2014.06.11 18:00:04.134,1.35314,1.35316,1.00,1.65
2014.06.11 18:00:05.115,1.35313,1.35315,3.00,1.32
2014.06.11 18:00:05.655,1.35313,1.35315,1.00,3.19
2014.06.11 18:00:10.564,1.35312,1.35314,1.00,2.44
2014.06.11 18:00:11.952,1.35313,1.35315,1.00,3.93
2014.06.11 18:00:16.307,1.35311,1.35314,2.07,2.44
2014.06.11 18:00:17.148,1.3531,1.35314,7.32,3.34
2014.06.11 18:00:17.401,1.3531,1.35312,5.07,1.00
2014.06.11 18:00:18.217,1.3531,1.35313,5.07,1.50
2014.06.11 18:00:20.048,1.35311,1.35313,1.63,1.50
2014.06.11 18:00:20.352,1.35316,1.35318,2.85,4.13
2014.06.11 18:00:20.505,1.35318,1.3532,1.50,4.32
2014.06.11 18:00:20.707,1.35318,1.35321,2.55,1.13
2014.06.11 18:00:20.808,1.35318,1.3532,2.55,1.69
2014.06.11 18:00:21.112,1.35318,1.35321,2.55,1.13
2014.06.11 18:00:21.213,1.35318,1.3532,2.25,1.69
2014.06.11 18:00:21.717,1.35317,1.3532,1.24,6.04
2014.06.11 18:00:21.819,1.35317,1.35318,1.24,1.00
2014.06.11 18:00:22.324,1.35316,1.35318,1.99,2.25
2014.06.11 18:00:22.966,1.35316,1.35318,2.07,2.25
2014.06.11 18:00:23.783,1.35316,1.35317,1.88,1.00
2014.06.11 18:00:24.975,1.35315,1.35318,7.69,2.44
2014.06.11 18:00:25.278,1.35318,1.35319,2.63,1.00
2014.06.11 18:00:25.380,1.35318,1.3532,2.63,1.25
2014.06.11 18:00:27.708,1.35319,1.3532,1.00,1.50
2014.06.11 18:00:30.415,1.35318,1.3532,4.32,1.50
2014.06.11 18:00:34.604,1.35318,1.3532,3.49,1.50
2014.06.11 18:00:35.173,1.35318,1.35321,5.07,3.19
2014.06.11 18:00:36.449,1.35318,1.35321,4.62,1.69
2014.06.11 18:00:42.232,1.35319,1.35321,1.00,1.25
2014.06.11 18:00:46.223,1.35319,1.35321,1.00,1.25
2014.06.11 18:00:50.075,1.35319,1.35321,1.00,1.25
2014.06.11 18:00:52.929,1.35319,1.35322,1.00,5.82
2014.06.11 18:00:53.465,1.35319,1.35321,1.00,1.25
2014.06.11 18:00:56.578,1.35319,1.35322,1.00,4.88
2014.06.11 18:01:08.908,1.35318,1.35322,4.62,4.88
2014.06.11 18:01:10.124,1.35319,1.35322,1.00,4.32
2014.06.11 18:01:10.630,1.35319,1.35322,1.58,3.38
2014.06.11 18:01:12.166,1.35319,1.35322,1.58,4.32
2014.06.11 18:01:14.002,1.35319,1.35322,1.88,3.57
2014.06.11 18:01:15.204,1.35319,1.35322,1.58,4.32
2014.06.11 18:01:28.358,1.35317,1.35319,8.03,4.73
2014.06.11 18:01:28.460,1.35315,1.35318,8.44,2.44
2014.06.11 18:01:29.268,1.35315,1.35318,2.25,7.32
2014.06.11 18:01:38.473,1.35315,1.35317,1.50,2.44
2014.06.11 18:01:44.702,1.35314,1.35316,3.68,1.25
2014.06.11 18:01:45.207,1.35313,1.35315,4.13,1.25
2014.06.11 18:01:45.914,1.35313,1.35315,3.00,2.44
2014.06.11 18:01:48.020,1.35313,1.35315,1.88,2.44
2014.06.11 18:01:49.828,1.35313,1.35315,2.18,2.25
2014.06.11 18:01:53.045,1.35313,1.35316,2.18,2.25
2014.06.11 18:01:55.731,1.35313,1.35316,2.18,3.00
2014.06.11 18:01:56.237,1.35313,1.35316,1.88,2.25
2014.06.11 18:02:10.605,1.35313,1.35316,5.37,1.00
2014.06.11 18:02:20.889,1.35314,1.35317,2.07,2.25
2014.06.11 18:02:22.281,1.35314,1.35316,1.88,1.00
2014.06.11 18:02:27.317,1.35313,1.35316,5.37,1.00
2014.06.11 18:02:30.312,1.35315,1.35316,1.50,1.00
2014.06.11 18:02:39.768,1.35313,1.35315,3.57,1.00
2014.06.11 18:02:40.021,1.35313,1.35314,2.37,1.00
2014.06.11 18:02:42.777,1.35313,1.35315,3.38,1.25
2014.06.11 18:03:07.449,1.35313,1.35314,1.80,1.00
2014.06.11 18:03:07.954,1.35312,1.35314,2.44,1.00
2014.06.11 18:03:12.840,1.35312,1.35314,2.74,1.00
2014.06.11 18:03:13.389,1.35312,1.35314,2.44,1.00
2014.06.11 18:03:16.280,1.35312,1.35314,1.55,1.00
2014.06.11 18:03:16.806,1.35312,1.35314,1.25,1.00
2014.06.11 18:03:18.541,1.35312,1.35314,1.55,1.00
2014.06.11 18:03:18.758,1.35313,1.35316,1.00,5.10
2014.06.11 18:03:24.848,1.35313,1.35315,1.00,2.44
2014.06.11 18:03:25.424,1.35314,1.35315,1.00,1.50
2014.06.11 18:03:25.965,1.35314,1.35316,1.00,2.82
2014.06.11 18:03:39.046,1.35314,1.35316,1.38,2.82
2014.06.11 18:03:41.213,1.35315,1.35319,1.88,12.75
2014.06.11 18:03:41.366,1.35323,1.35324,1.84,1.50
2014.06.11 18:03:41.417,1.35324,1.35326,2.50,2.44
2014.06.11 18:03:41.469,1.35326,1.35328,9.63,1.50
2014.06.11 18:03:41.572,1.35329,1.35332,3.25,6.00
2014.06.11 18:03:41.674,1.3533,1.35333,2.37,2.44
2014.06.11 18:03:41.877,1.35333,1.35335,1.50,1.00
2014.06.11 18:03:42.031,1.35335,1.35338,3.00,4.62
2014.06.11 18:03:42.384,1.35337,1.35339,1.00,4.32
2014.06.11 18:03:42.790,1.35336,1.35338,5.25,1.19
2014.06.11 18:03:43.296,1.35336,1.35338,1.00,2.63
2014.06.11 18:03:44.249,1.35335,1.35338,6.00,2.74
2014.06.11 18:03:44.805,1.35335,1.35337,1.00,1.69
2014.06.11 18:03:45.913,1.35335,1.35337,1.00,1.25
2014.06.11 18:03:49.217,1.35335,1.35337,1.00,7.32
2014.06.11 18:03:51.697,1.35334,1.35336,3.00,2.44
2014.06.11 18:03:52.204,1.35334,1.35336,1.00,2.07
2014.06.11 18:03:54.399,1.35334,1.35336,1.30,2.44
2014.06.11 18:04:05.035,1.35332,1.35335,2.25,3.23
2014.06.11 18:04:05.244,1.35328,1.35332,2.25,16.73
2014.06.11 18:04:05.297,1.35327,1.35329,1.00,3.50
2014.06.11 18:04:05.349,1.35327,1.35328,1.50,1.25
2014.06.11 18:04:05.672,1.35328,1.3533,1.00,6.00
2014.06.11 18:04:06.185,1.35329,1.35331,4.69,1.00
2014.06.11 18:04:06.237,1.3533,1.35332,2.25,1.24
2014.06.11 18:04:45.423,1.3533,1.35331,2.25,1.50
2014.06.11 18:04:45.929,1.3533,1.35332,2.25,3.57
2014.06.11 18:04:49.041,1.3533,1.35331,2.25,1.00
2014.06.11 18:04:54.301,1.3533,1.35332,2.25,2.82
2014.06.11 18:04:54.849,1.3533,1.35331,2.25,1.50
2014.06.11 18:04:56.842,1.3533,1.35332,2.25,3.12
2014.06.11 18:04:57.791,1.3533,1.35331,2.25,1.00
2014.06.11 18:05:00.291,1.3533,1.35332,2.25,2.82
2014.06.11 18:05:00.901,1.3533,1.35331,2.25,1.00
2014.06.11 18:05:03.459,1.3533,1.35332,2.25,2.82
2014.06.11 18:05:25.871,1.3533,1.35332,2.25,3.19
2014.06.11 18:05:26.123,1.35328,1.35331,1.32,5.67
2014.06.11 18:05:28.621,1.35328,1.3533,1.13,1.19
2014.06.11 18:05:29.126,1.35326,1.35328,1.13,1.25
2014.06.11 18:05:29.644,1.35325,1.35327,3.38,1.69
2014.06.11 18:05:31.654,1.35325,1.35328,4.32,4.69
2014.06.11 18:05:32.277,1.35325,1.35328,2.82,4.99
2014.06.11 18:05:33.821,1.35326,1.35328,1.00,6.19
2014.06.11 18:05:34.074,1.35324,1.35327,3.57,1.99
2014.06.11 18:05:34.480,1.35324,1.35327,2.44,3.12
2014.06.11 18:05:34.876,1.35324,1.35327,2.44,2.82
2014.06.11 18:05:35.402,1.35324,1.35327,2.63,2.44
2014.06.11 18:05:36.676,1.35324,1.35327,3.57,2.55
2014.06.11 18:05:36.726,1.35326,1.35328,1.50,2.10
2014.06.11 18:05:36.879,1.35327,1.35329,1.00,1.32
2014.06.11 18:05:37.182,1.35326,1.35327,1.00,1.00
2014.06.11 18:05:37.687,1.35325,1.35327,1.69,1.00
2014.06.11 18:05:39.694,1.35324,1.35327,3.94,1.25
2014.06.11 18:05:40.202,1.35324,1.35327,3.49,1.25
2014.06.11 18:05:40.862,1.35324,1.35327,3.19,1.25
2014.06.11 18:05:43.315,1.35324,1.35327,3.49,1.25
2014.06.11 18:05:44.316,1.35324,1.35327,3.19,1.25
2014.06.11 18:05:46.665,1.35324,1.35327,3.49,1.25
2014.06.11 18:05:47.216,1.35324,1.35327,3.19,1.25
2014.06.11 18:05:48.359,1.35324,1.35327,1.62,2.82
2014.06.11 18:05:48.883,1.35324,1.35327,1.32,2.82
2014.06.11 18:05:49.391,1.35324,1.35327,1.62,2.82
2014.06.11 18:05:51.476,1.35324,1.35327,2.44,2.07
2014.06.11 18:05:52.005,1.35323,1.35327,5.82,3.87
2014.06.11 18:05:54.734,1.35323,1.35327,5.82,3.12
2014.06.11 18:05:55.381,1.35323,1.35326,4.32,1.80
2014.06.11 18:05:55.533,1.35324,1.35327,1.25,3.12
2014.06.11 18:05:56.055,1.35324,1.35326,1.00,1.69
2014.06.11 18:05:59.775,1.35324,1.35327,1.25,3.12
2014.06.11 18:06:00.737,1.35324,1.35327,1.25,3.12
2014.06.11 18:06:01.670,1.35324,1.35327,1.25,2.82
2014.06.11 18:06:02.464,1.35324,1.35327,1.25,3.12
2014.06.11 18:06:03.762,1.35324,1.35327,1.25,3.12
2014.06.11 18:06:03.863,1.35324,1.35327,1.25,3.12
2014.06.11 18:06:04.670,1.35323,1.35326,4.32,1.00
2014.06.11 18:06:05.175,1.35323,1.35327,6.19,4.02
2014.06.11 18:06:05.779,1.35323,1.35327,6.19,4.02
2014.06.11 18:06:06.285,1.35323,1.35327,6.19,3.72
2014.06.11 18:06:06.855,1.35323,1.35327,6.19,4.02
2014.06.11 18:06:08.402,1.35323,1.35327,5.07,4.62
2014.06.11 18:06:08.907,1.35323,1.35327,6.19,4.77
2014.06.11 18:06:11.478,1.35323,1.35326,3.19,1.69
2014.06.11 18:06:12.923,1.35323,1.35324,2.44,2.85
2014.06.11 18:06:13.230,1.35321,1.35322,1.25,1.00
2014.06.11 18:06:14.033,1.3532,1.35322,3.94,1.00
2014.06.11 18:06:15.238,1.3532,1.35323,4.69,2.44
2014.06.11 18:06:16.146,1.3532,1.35323,6.94,1.80
2014.06.11 18:06:20.517,1.35321,1.35324,1.15,2.44
2014.06.11 18:06:25.162,1.35321,1.35324,1.24,2.63
2014.06.11 18:06:26.787,1.35321,1.35324,1.24,2.82
2014.06.11 18:06:27.878,1.35321,1.35324,4.62,1.50
2014.06.11 18:06:34.505,1.35321,1.35324,2.82,1.80
2014.06.11 18:06:34.809,1.35322,1.35324,1.25,1.50
2014.06.11 18:06:35.028,1.35322,1.35324,1.24,1.50
2014.06.11 18:06:35.533,1.35322,1.35325,3.49,1.88
2014.06.11 18:06:36.118,1.35322,1.35325,6.12,1.00
2014.06.11 18:06:50.359,1.35322,1.35325,3.19,1.00
2014.06.11 18:06:50.864,1.35322,1.35324,1.69,1.00
2014.06.11 18:06:58.794,1.35321,1.35324,2.37,1.00
2014.06.11 18:07:02.480,1.35322,1.35324,1.00,1.25
2014.06.11 18:07:03.266,1.35321,1.35324,3.12,1.25
2014.06.11 18:07:04.027,1.35322,1.35324,1.25,1.00
2014.06.11 18:07:04.538,1.35322,1.35325,1.25,4.32
2014.06.11 18:07:05.507,1.35322,1.35324,1.69,1.00
2014.06.11 18:07:08.116,1.35321,1.35324,2.82,1.00
2014.06.11 18:07:10.647,1.35321,1.35324,2.62,1.25
2014.06.11 18:07:11.159,1.35321,1.35324,3.57,1.25
2014.06.11 18:07:12.388,1.35322,1.35324,1.25,1.00
2014.06.11 18:07:13.773,1.35321,1.35324,2.07,1.25
2014.06.11 18:07:14.579,1.35322,1.35324,1.00,1.25
2014.06.11 18:07:15.132,1.35321,1.35324,2.37,1.25
2014.06.11 18:07:15.637,1.35322,1.35324,1.00,1.32
2014.06.11 18:07:25.156,1.35321,1.35324,3.57,1.25
2014.06.11 18:07:25.257,1.35322,1.35324,1.50,1.25
2014.06.11 18:07:41.099,1.35321,1.35325,4.62,3.94
2014.06.11 18:07:48.779,1.35322,1.35325,1.69,2.44
2014.06.11 18:07:49.050,1.35324,1.35326,1.00,8.85
2014.06.11 18:07:50.986,1.35322,1.35325,1.30,6.57
2014.06.11 18:08:01.421,1.35321,1.35324,3.12,1.00
2014.06.11 18:08:01.947,1.35321,1.35324,3.12,1.00
2014.06.11 18:08:02.455,1.35321,1.35324,3.12,1.00
2014.06.11 18:08:05.833,1.35321,1.35324,2.37,1.25
2014.06.11 18:08:06.366,1.3532,1.35324,11.37,2.44
2014.06.11 18:08:08.390,1.35321,1.35324,1.62,1.50
2014.06.11 18:08:08.440,1.3532,1.35324,10.62,2.25
2014.06.11 18:08:08.749,1.35321,1.35324,2.07,1.00
2014.06.11 18:08:08.951,1.3532,1.35324,9.12,2.25
2014.06.11 18:08:09.257,1.3532,1.35323,9.19,1.00
2014.06.11 18:08:10.043,1.3532,1.35324,9.87,2.44
2014.06.11 18:08:10.671,1.3532,1.35324,10.69,2.44
2014.06.11 18:08:13.332,1.3532,1.35323,8.37,1.00
2014.06.11 18:08:13.869,1.35321,1.35323,1.15,1.00
2014.06.11 18:08:14.374,1.3532,1.35324,10.69,2.44
2014.06.11 18:08:14.880,1.3532,1.35324,8.37,1.25
2014.06.11 18:08:15.270,1.3532,1.35323,9.94,1.00
2014.06.11 18:08:15.775,1.3532,1.35323,9.12,1.00
2014.06.11 18:08:16.331,1.3532,1.35324,6.45,1.25
2014.06.11 18:08:16.970,1.35321,1.35323,1.15,1.50
2014.06.11 18:08:18.231,1.3532,1.35323,6.45,1.50
2014.06.11 18:08:18.794,1.3532,1.35324,5.70,1.32
2014.06.11 18:08:19.809,1.3532,1.35324,7.28,2.82
2014.06.11 18:08:20.593,1.35322,1.35324,1.00,2.82
2014.06.11 18:08:24.761,1.35322,1.35324,1.30,2.63
2014.06.11 18:08:25.265,1.35322,1.35324,1.00,2.63
2014.06.11 18:08:26.658,1.35322,1.35323,1.00,1.50
2014.06.11 18:08:28.572,1.35322,1.35324,1.30,1.69
2014.06.11 18:08:29.074,1.35322,1.35324,1.30,2.25
2014.06.11 18:08:30.699,1.35322,1.35324,1.05,2.25
2014.06.11 18:08:31.657,1.35322,1.35324,1.25,1.88
2014.06.11 18:08:32.175,1.35323,1.35324,1.00,1.88
2014.06.11 18:08:43.399,1.35323,1.35326,6.18,1.50
2014.06.11 18:08:43.502,1.35325,1.35327,16.69,1.00
2014.06.11 18:08:43.607,1.35327,1.3533,5.07,7.32
2014.06.11 18:08:43.759,1.35327,1.3533,5.37,4.32
2014.06.11 18:08:43.911,1.35327,1.3533,5.07,3.94
2014.06.11 18:08:44.416,1.35328,1.3533,1.00,3.57
2014.06.11 18:08:44.469,1.35327,1.35329,5.44,1.00
2014.06.11 18:08:44.705,1.35328,1.3533,1.00,3.57
2014.06.11 18:08:46.237,1.35329,1.35331,1.00,4.50
2014.06.11 18:09:11.241,1.35327,1.35329,6.19,1.00
2014.06.11 18:09:11.596,1.35328,1.3533,2.74,1.00
2014.06.11 18:09:11.848,1.3533,1.35332,1.00,3.57
2014.06.11 18:09:11.949,1.35328,1.35332,6.12,4.32
2014.06.11 18:09:12.478,1.35328,1.35332,6.12,4.32
2014.06.11 18:09:12.680,1.35328,1.35332,6.12,4.32
2014.06.11 18:09:13.012,1.35328,1.35332,6.12,4.32
2014.06.11 18:09:13.316,1.3533,1.35332,1.05,2.82
2014.06.11 18:09:13.417,1.3533,1.35332,2.55,2.82
2014.06.11 18:09:13.961,1.3533,1.35333,7.50,1.19
2014.06.11 18:09:14.062,1.3533,1.35333,7.43,1.19
2014.06.11 18:09:14.163,1.35331,1.35333,1.00,1.19
2014.06.11 18:09:14.264,1.35331,1.35333,1.00,1.19
2014.06.11 18:09:14.328,1.35331,1.35333,1.00,1.19
2014.06.11 18:09:14.481,1.35331,1.35333,1.00,1.19
2014.06.11 18:09:14.583,1.35331,1.35334,1.00,7.73
2014.06.11 18:09:14.634,1.35331,1.35334,1.00,7.73
2014.06.11 18:09:14.735,1.35331,1.35334,1.00,7.73
2014.06.11 18:09:14.836,1.35331,1.35334,1.00,7.73
2014.06.11 18:09:14.988,1.35332,1.35334,1.00,7.73
2014.06.11 18:09:15.089,1.35332,1.35334,1.00,7.73
2014.06.11 18:09:15.299,1.35332,1.35334,1.00,7.73
2014.06.11 18:09:15.501,1.35332,1.35334,1.00,7.73
2014.06.11 18:09:15.602,1.35332,1.35334,1.00,7.73
2014.06.11 18:09:15.703,1.35332,1.35334,1.00,7.73
2014.06.11 18:09:15.804,1.35332,1.35334,1.00,7.73
2014.06.11 18:09:16.006,1.35332,1.35334,1.00,7.73
2014.06.11 18:09:16.108,1.35332,1.35334,1.00,7.73
2014.06.11 18:09:16.209,1.35332,1.35334,1.00,7.73
2014.06.11 18:09:16.311,1.35332,1.35334,1.00,7.73
2014.06.11 18:09:16.537,1.35332,1.35334,1.00,7.73
2014.06.11 18:09:16.638,1.35332,1.35334,1.00,7.73
2014.06.11 18:09:16.771,1.35332,1.35334,1.00,7.73
2014.06.11 18:09:16.824,1.35332,1.35334,1.00,7.73
2014.06.11 18:09:16.926,1.35332,1.35334,1.00,7.73
2014.06.11 18:09:17.128,1.35332,1.35334,1.00,7.73
2014.06.11 18:09:17.229,1.35332,1.35334,1.00,7.73
2014.06.11 18:09:17.431,1.35332,1.35334,1.00,7.73
2014.06.11 18:09:17.532,1.35332,1.35334,1.00,7.73
2014.06.11 18:09:17.633,1.35332,1.35334,1.00,7.73
2014.06.11 18:09:17.734,1.35332,1.35334,1.00,7.73
2014.06.11 18:09:17.838,1.35332,1.35334,1.00,7.73
2014.06.11 18:09:17.939,1.35332,1.35334,1.00,7.73
2014.06.11 18:09:18.048,1.35332,1.35334,1.00,7.73
2014.06.11 18:09:18.250,1.35332,1.35334,1.00,7.73
2014.06.11 18:09:18.351,1.35332,1.35334,1.00,7.73
2014.06.11 18:09:18.452,1.35332,1.35334,1.00,7.73
2014.06.11 18:09:18.553,1.35332,1.35334,1.00,7.73
2014.06.11 18:09:18.654,1.35332,1.35334,1.00,7.73
2014.06.11 18:09:18.856,1.35331,1.35334,1.00,7.73
2014.06.11 18:09:18.957,1.35331,1.35334,1.00,7.73
2014.06.11 18:09:19.058,1.35331,1.35334,1.00,7.73
2014.06.11 18:09:19.160,1.35331,1.35333,1.00,1.69
2014.06.11 18:09:19.362,1.35331,1.35333,1.00,1.69
2014.06.11 18:09:19.440,1.35331,1.35333,1.00,1.69
2014.06.11 18:09:19.542,1.35331,1.35333,1.00,1.69
2014.06.11 18:09:19.644,1.35331,1.35333,1.00,1.69
2014.06.11 18:09:19.745,1.35331,1.35334,1.00,7.73
2014.06.11 18:09:19.847,1.35331,1.35334,1.00,7.73
2014.06.11 18:09:19.948,1.35331,1.35334,1.00,7.73
2014.06.11 18:09:20.049,1.35331,1.35334,1.00,7.73
2014.06.11 18:09:20.258,1.35331,1.35334,1.00,7.73
2014.06.11 18:09:20.460,1.35331,1.35334,1.00,7.73
2014.06.11 18:09:20.562,1.35331,1.35334,1.00,7.73
2014.06.11 18:09:20.663,1.35331,1.35334,1.00,7.73
2014.06.11 18:09:20.764,1.35331,1.35334,1.00,7.73
2014.06.11 18:09:20.865,1.35331,1.35334,1.00,7.73
2014.06.11 18:09:20.966,1.35331,1.35334,1.00,7.73
2014.06.11 18:09:21.067,1.35331,1.35334,1.00,7.73
2014.06.11 18:09:21.169,1.35331,1.35334,1.00,7.73
2014.06.11 18:09:21.523,1.35331,1.35334,1.00,7.73
2014.06.11 18:09:21.624,1.35331,1.35334,1.00,7.73
2014.06.11 18:09:21.675,1.35331,1.35334,1.00,7.73
2014.06.11 18:09:21.776,1.35331,1.35334,1.00,7.73
2014.06.11 18:09:21.878,1.35331,1.35334,1.00,7.73
2014.06.11 18:09:21.979,1.35331,1.35334,1.00,7.73
2014.06.11 18:09:22.080,1.35331,1.35334,1.00,7.73
2014.06.11 18:09:22.181,1.35331,1.35334,1.00,7.73
2014.06.11 18:09:22.282,1.35331,1.35334,1.00,7.73
2014.06.11 18:09:22.636,1.35331,1.35334,1.00,5.22
2014.06.11 18:09:22.737,1.35331,1.35334,1.00,5.22
2014.06.11 18:09:23.092,1.35331,1.35334,1.25,4.47
2014.06.11 18:09:23.193,1.35331,1.35334,1.25,4.47
2014.06.11 18:09:23.294,1.35331,1.35334,1.25,4.47
2014.06.11 18:09:23.443,1.35331,1.35334,1.25,4.47
2014.06.11 18:09:23.595,1.35331,1.35334,1.25,4.47
2014.06.11 18:09:23.697,1.35331,1.35334,1.25,4.47
2014.06.11 18:09:23.798,1.35331,1.35334,1.25,4.17
2014.06.11 18:09:23.899,1.35331,1.35334,1.25,4.17
2014.06.11 18:09:24.101,1.35331,1.35334,1.25,4.17
2014.06.11 18:09:24.210,1.35331,1.35334,1.25,4.17
2014.06.11 18:09:24.311,1.35331,1.35334,1.25,4.17
2014.06.11 18:09:24.426,1.35331,1.35334,1.25,4.47
2014.06.11 18:09:24.629,1.35331,1.35334,1.25,4.17
2014.06.11 18:09:24.730,1.35331,1.35334,1.25,4.17
2014.06.11 18:09:24.831,1.35331,1.35334,1.25,4.17
2014.06.11 18:09:24.933,1.35331,1.35334,1.25,4.17
2014.06.11 18:09:25.034,1.35331,1.35334,1.25,4.17
2014.06.11 18:09:25.235,1.35331,1.35334,1.25,4.17
2014.06.11 18:09:25.337,1.35331,1.35334,1.25,4.17
2014.06.11 18:09:25.438,1.35331,1.35334,1.25,4.17
2014.06.11 18:09:25.640,1.35331,1.35334,1.25,4.17
2014.06.11 18:09:25.741,1.35331,1.35334,1.25,4.17
2014.06.11 18:09:25.842,1.35331,1.35334,1.25,4.17
2014.06.11 18:09:25.944,1.35331,1.35334,1.25,4.17
2014.06.11 18:09:26.045,1.35331,1.35334,1.25,4.17
2014.06.11 18:09:26.436,1.35331,1.35334,1.25,4.17
2014.06.11 18:09:26.538,1.35331,1.35334,1.25,4.17
2014.06.11 18:09:26.741,1.35331,1.35334,1.25,4.17
2014.06.11 18:09:26.842,1.35331,1.35334,1.25,4.17
2014.06.11 18:09:26.944,1.35331,1.35334,1.25,4.47
2014.06.11 18:09:27.045,1.35331,1.35334,1.25,4.47
2014.06.11 18:09:27.146,1.35331,1.35334,1.25,4.47
2014.06.11 18:09:27.248,1.35331,1.35334,1.25,4.47
2014.06.11 18:09:27.349,1.35331,1.35334,1.25,4.47
2014.06.11 18:09:27.450,1.35331,1.35334,1.25,4.47
2014.06.11 18:09:27.752,1.35331,1.35334,1.25,4.47
2014.06.11 18:09:27.872,1.35331,1.35334,1.25,4.47
2014.06.11 18:09:27.973,1.35331,1.35334,1.25,4.47
2014.06.11 18:09:28.074,1.35331,1.35334,1.25,4.47
2014.06.11 18:09:28.175,1.35331,1.35334,1.25,4.47
2014.06.11 18:09:28.276,1.35331,1.35334,1.25,4.47
2014.06.11 18:09:28.395,1.35331,1.35334,1.25,4.47
2014.06.11 18:09:28.446,1.35331,1.35334,1.25,4.17
2014.06.11 18:09:28.551,1.35331,1.35334,1.25,4.17
2014.06.11 18:09:28.652,1.35331,1.35334,1.25,4.17
2014.06.11 18:09:28.754,1.35331,1.35334,1.25,4.17
2014.06.11 18:09:29.057,1.35331,1.35334,1.25,4.17
2014.06.11 18:09:29.158,1.35331,1.35334,1.25,4.17
2014.06.11 18:09:29.259,1.35331,1.35334,1.25,4.17
2014.06.11 18:09:29.384,1.35331,1.35334,1.25,4.17
2014.06.11 18:09:29.700,1.35331,1.35334,1.25,4.17
2014.06.11 18:09:30.002,1.35331,1.35334,1.25,4.17
2014.06.11 18:09:30.104,1.35331,1.35334,1.25,4.17
2014.06.11 18:09:30.215,1.35331,1.35334,1.25,4.17
2014.06.11 18:09:30.316,1.35331,1.35334,1.25,4.17
2014.06.11 18:09:30.417,1.35331,1.35334,1.25,4.17
2014.06.11 18:09:30.519,1.35331,1.35334,1.25,4.17
2014.06.11 18:09:30.620,1.35331,1.35334,1.25,4.17
2014.06.11 18:09:30.721,1.35331,1.35334,1.25,4.17
2014.06.11 18:09:30.923,1.35331,1.35334,1.25,4.17
2014.06.11 18:09:31.025,1.35331,1.35334,1.25,4.17
2014.06.11 18:09:31.263,1.35331,1.35334,1.25,4.17
2014.06.11 18:09:31.327,1.35331,1.35334,1.25,4.17
2014.06.11 18:09:31.632,1.35331,1.35334,1.25,4.17
2014.06.11 18:09:31.784,1.35331,1.35334,1.25,4.17
2014.06.11 18:09:31.885,1.35331,1.35334,1.25,4.17
2014.06.11 18:09:31.986,1.35332,1.35334,1.00,1.69
2014.06.11 18:09:32.510,1.35334,1.35335,1.00,1.32
2014.06.11 18:09:33.039,1.35333,1.35335,1.00,1.62
2014.06.11 18:09:33.547,1.35333,1.35335,1.00,1.32
2014.06.11 18:09:34.068,1.35332,1.35334,1.50,1.99
2014.06.11 18:09:34.623,1.35331,1.35334,3.57,1.99
2014.06.11 18:09:36.291,1.35332,1.35334,1.00,1.69
2014.06.11 18:09:36.796,1.35333,1.35335,2.25,1.32
2014.06.11 18:09:37.521,1.35333,1.35334,2.25,1.00
2014.06.11 18:09:37.926,1.3533,1.35334,11.07,3.00
2014.06.11 18:09:41.795,1.3533,1.35334,9.94,3.19
2014.06.11 18:09:41.896,1.3533,1.35334,11.07,3.19
2014.06.11 18:09:42.002,1.3533,1.35334,10.69,3.19
2014.06.11 18:09:42.103,1.35331,1.35334,2.07,1.99
2014.06.11 18:09:42.205,1.35331,1.35334,2.07,1.69
2014.06.11 18:09:42.458,1.3533,1.35334,8.82,3.49
2014.06.11 18:09:42.559,1.3533,1.35334,7.69,3.19
2014.06.11 18:09:42.661,1.3533,1.35334,8.07,3.19
2014.06.11 18:09:42.762,1.3533,1.35334,7.69,3.19
2014.06.11 18:09:42.863,1.3533,1.35334,8.07,3.19
2014.06.11 18:09:42.964,1.3533,1.35334,7.69,3.19
2014.06.11 18:09:43.065,1.3533,1.35334,8.07,3.19
2014.06.11 18:09:43.267,1.3533,1.35334,7.69,3.19
2014.06.11 18:09:43.368,1.3533,1.35334,8.07,3.19
2014.06.11 18:09:43.761,1.3533,1.35334,7.69,3.49
2014.06.11 18:09:44.063,1.3533,1.35334,8.07,3.49
2014.06.11 18:09:44.165,1.3533,1.35334,7.69,3.49
2014.06.11 18:09:44.270,1.3533,1.35334,8.07,3.49
2014.06.11 18:09:44.371,1.3533,1.35334,7.69,3.49
2014.06.11 18:09:44.487,1.3533,1.35334,8.07,3.49
2014.06.11 18:09:44.540,1.3533,1.35334,7.69,3.49
2014.06.11 18:09:44.740,1.3533,1.35334,7.32,4.24
2014.06.11 18:09:44.969,1.3533,1.35334,6.94,4.24
2014.06.11 18:09:45.071,1.3533,1.35334,7.32,4.24
2014.06.11 18:09:45.172,1.3533,1.35334,6.94,4.24
2014.06.11 18:09:45.273,1.3533,1.35334,7.32,4.24
2014.06.11 18:09:45.375,1.3533,1.35334,6.94,4.24
2014.06.11 18:09:45.476,1.3533,1.35334,7.32,4.24
2014.06.11 18:09:45.577,1.3533,1.35334,6.94,4.24
2014.06.11 18:09:45.678,1.3533,1.35334,7.32,4.24
2014.06.11 18:09:45.780,1.3533,1.35334,6.94,4.24
2014.06.11 18:09:45.881,1.3533,1.35334,7.32,4.24
2014.06.11 18:09:45.982,1.3533,1.35334,6.94,3.94
2014.06.11 18:09:46.083,1.3533,1.35334,7.32,3.94
2014.06.11 18:09:46.184,1.3533,1.35334,6.94,3.94
2014.06.11 18:09:46.286,1.3533,1.35334,7.32,3.94
2014.06.11 18:09:46.387,1.3533,1.35334,6.94,3.94
2014.06.11 18:09:46.496,1.3533,1.35334,7.32,4.24
2014.06.11 18:09:46.598,1.3533,1.35334,6.94,4.24
2014.06.11 18:09:46.700,1.3533,1.35334,7.69,4.24
2014.06.11 18:09:46.802,1.3533,1.35334,7.32,4.24
2014.06.11 18:09:46.903,1.3533,1.35334,7.69,4.24
2014.06.11 18:09:47.004,1.3533,1.35334,7.32,3.94
2014.06.11 18:09:47.090,1.3533,1.35334,7.69,3.94
2014.06.11 18:09:47.242,1.3533,1.35334,7.32,3.94
2014.06.11 18:09:47.343,1.3533,1.35334,7.69,3.94
2014.06.11 18:09:47.394,1.3533,1.35334,7.32,3.94
2014.06.11 18:09:47.546,1.3533,1.35334,7.69,3.94
2014.06.11 18:09:47.647,1.3533,1.35334,7.32,3.94
2014.06.11 18:09:47.749,1.3533,1.35334,7.69,3.94
2014.06.11 18:09:47.850,1.3533,1.35334,7.32,3.94
2014.06.11 18:09:47.951,1.3533,1.35334,7.69,4.24
2014.06.11 18:09:48.053,1.3533,1.35334,7.32,4.24
2014.06.11 18:09:48.154,1.3533,1.35334,7.69,4.24
2014.06.11 18:09:48.255,1.3533,1.35334,7.32,4.24
2014.06.11 18:09:48.356,1.3533,1.35334,7.69,4.24
2014.06.11 18:09:48.457,1.3533,1.35334,7.32,4.24
2014.06.11 18:09:48.559,1.3533,1.35334,7.69,4.24
2014.06.11 18:09:48.660,1.35331,1.35334,1.00,4.24
2014.06.11 18:09:48.896,1.35332,1.35334,1.00,4.24
2014.06.11 18:09:49.202,1.35332,1.35334,1.00,3.19
2014.06.11 18:09:49.303,1.35332,1.35334,1.00,3.19
2014.06.11 18:09:49.404,1.35332,1.35334,1.00,3.19
2014.06.11 18:09:49.505,1.35332,1.35334,1.00,3.19
2014.06.11 18:09:49.606,1.35332,1.35334,1.00,3.19
2014.06.11 18:09:49.707,1.35332,1.35334,1.00,3.19
2014.06.11 18:09:49.909,1.35332,1.35334,1.00,1.69
2014.06.11 18:09:50.010,1.35332,1.35334,1.00,1.99
2014.06.11 18:09:50.111,1.35332,1.35334,1.00,1.69
2014.06.11 18:09:50.212,1.35332,1.35334,1.00,1.69
2014.06.11 18:09:50.610,1.35331,1.35334,2.07,1.99
2014.06.11 18:09:50.711,1.35331,1.35334,2.07,1.99
2014.06.11 18:09:50.812,1.35331,1.35334,2.07,1.99
2014.06.11 18:09:50.914,1.35331,1.35334,2.07,1.99
2014.06.11 18:09:51.016,1.35331,1.35334,2.07,1.99
2014.06.11 18:09:51.117,1.35331,1.35334,2.07,1.99
2014.06.11 18:09:51.218,1.35331,1.35334,2.07,1.99
2014.06.11 18:09:51.319,1.35331,1.35334,2.07,1.99
2014.06.11 18:09:51.521,1.35331,1.35334,2.07,1.99
2014.06.11 18:09:51.622,1.35331,1.35334,2.07,1.99
2014.06.11 18:09:51.724,1.35331,1.35334,2.07,1.99
2014.06.11 18:09:51.825,1.35331,1.35334,2.07,1.99
2014.06.11 18:09:51.926,1.35331,1.35334,2.07,1.99
2014.06.11 18:09:52.128,1.35331,1.35334,2.07,1.99
2014.06.11 18:09:52.229,1.35331,1.35334,2.07,1.99
2014.06.11 18:09:52.331,1.35331,1.35334,2.07,1.99
2014.06.11 18:09:52.432,1.35331,1.35334,2.07,1.99
2014.06.11 18:09:52.533,1.35331,1.35334,2.07,1.99
2014.06.11 18:09:52.634,1.35332,1.35334,1.00,1.99
2014.06.11 18:09:52.735,1.35332,1.35334,1.00,1.99
2014.06.11 18:09:52.836,1.35332,1.35334,1.00,1.99
2014.06.11 18:09:52.938,1.35332,1.35334,1.00,1.99
2014.06.11 18:09:53.039,1.35332,1.35334,1.00,1.99
2014.06.11 18:09:53.264,1.35332,1.35334,1.00,2.74
2014.06.11 18:09:53.466,1.35332,1.35334,1.00,2.74
2014.06.11 18:09:53.568,1.35332,1.35334,1.00,2.74
2014.06.11 18:09:53.669,1.35332,1.35334,1.00,2.74
2014.06.11 18:09:53.770,1.35332,1.35334,1.00,2.74
2014.06.11 18:09:53.872,1.35332,1.35334,1.00,2.74
2014.06.11 18:09:53.973,1.35332,1.35334,1.00,2.74
2014.06.11 18:09:54.074,1.35332,1.35334,1.00,2.74
2014.06.11 18:09:54.175,1.35332,1.35334,1.00,2.74
2014.06.11 18:09:54.276,1.35332,1.35334,1.00,2.74
2014.06.11 18:09:54.377,1.35331,1.35334,1.88,2.74
2014.06.11 18:09:54.479,1.35331,1.35334,1.88,2.74
2014.06.11 18:09:54.580,1.35331,1.35334,1.88,2.74
2014.06.11 18:09:54.681,1.35331,1.35334,2.07,1.99
2014.06.11 18:09:54.787,1.35331,1.35334,2.07,1.99
2014.06.11 18:09:54.888,1.35331,1.35334,2.07,1.99
2014.06.11 18:09:54.989,1.35331,1.35334,2.07,1.99
2014.06.11 18:09:55.091,1.35331,1.35334,2.07,1.99
2014.06.11 18:09:55.192,1.35331,1.35334,2.07,1.99
2014.06.11 18:09:55.293,1.35331,1.35334,2.07,1.99
2014.06.11 18:09:55.394,1.35331,1.35334,2.07,1.99
2014.06.11 18:09:55.495,1.35331,1.35334,2.07,1.99
2014.06.11 18:09:55.597,1.35331,1.35334,2.07,1.99
2014.06.11 18:09:55.762,1.35331,1.35334,2.07,1.99
2014.06.11 18:09:55.914,1.35331,1.35334,2.07,1.99
2014.06.11 18:09:56.134,1.35331,1.35334,2.07,1.99
2014.06.11 18:09:56.436,1.35331,1.35334,2.07,1.99
2014.06.11 18:09:56.538,1.35331,1.35334,2.07,1.99
2014.06.11 18:09:56.639,1.35331,1.35334,2.07,1.99
2014.06.11 18:09:56.741,1.35331,1.35334,2.07,1.99
2014.06.11 18:09:56.842,1.35331,1.35334,2.07,1.69
2014.06.11 18:09:56.944,1.35331,1.35334,2.07,1.99
2014.06.11 18:09:57.045,1.35331,1.35334,2.07,1.99
2014.06.11 18:09:57.146,1.35331,1.35334,2.07,1.99
2014.06.11 18:09:57.247,1.35331,1.35334,2.07,1.99
2014.06.11 18:09:57.365,1.35331,1.35334,2.07,1.99
2014.06.11 18:09:57.466,1.35331,1.35334,2.07,1.99
2014.06.11 18:09:57.669,1.35331,1.35334,2.07,1.99
2014.06.11 18:09:57.770,1.35331,1.35334,2.07,1.69
2014.06.11 18:09:57.887,1.35331,1.35334,2.07,1.99
2014.06.11 18:09:58.089,1.35332,1.35334,1.00,1.69
2014.06.11 18:09:58.191,1.35332,1.35334,1.00,1.69
2014.06.11 18:09:58.495,1.35332,1.35334,1.00,1.69
2014.06.11 18:09:58.596,1.35332,1.35334,1.00,1.69
2014.06.11 18:09:58.697,1.35332,1.35334,1.00,1.69
2014.06.11 18:09:58.900,1.35332,1.35334,1.00,1.69
2014.06.11 18:09:59.001,1.35332,1.35334,1.00,1.69
2014.06.11 18:09:59.103,1.35332,1.35334,1.00,1.69
2014.06.11 18:09:59.213,1.35332,1.35334,1.00,1.69
2014.06.11 18:09:59.314,1.35332,1.35334,1.00,1.69
2014.06.11 18:09:59.415,1.35332,1.35334,1.00,1.69
2014.06.11 18:09:59.516,1.35332,1.35334,1.00,1.69
2014.06.11 18:09:59.617,1.35332,1.35334,1.00,1.69
2014.06.11 18:09:59.718,1.35332,1.35334,1.00,1.69
2014.06.11 18:09:59.819,1.35332,1.35334,1.00,1.69
2014.06.11 18:09:59.985,1.35332,1.35334,1.00,1.69
2014.06.11 18:10:00.088,1.35331,1.35334,2.07,1.69
2014.06.11 18:10:00.340,1.35331,1.35334,2.07,1.99
2014.06.11 18:10:00.394,1.35331,1.35334,2.07,1.99
2014.06.11 18:10:00.547,1.35331,1.35334,2.07,1.99
2014.06.11 18:10:00.599,1.35331,1.35334,2.07,1.99
2014.06.11 18:10:00.701,1.35331,1.35334,2.07,1.99
2014.06.11 18:10:00.803,1.35331,1.35334,2.07,1.99
2014.06.11 18:10:00.906,1.35331,1.35334,2.07,1.99
2014.06.11 18:10:01.008,1.35331,1.35334,2.07,1.99
2014.06.11 18:10:01.109,1.35331,1.35334,2.07,1.99
2014.06.11 18:10:01.261,1.35331,1.35334,2.07,1.99
2014.06.11 18:10:01.317,1.35331,1.35334,2.07,1.99
2014.06.11 18:10:01.419,1.35331,1.35334,2.07,1.99
2014.06.11 18:10:01.521,1.35331,1.35334,2.07,1.99
2014.06.11 18:10:01.622,1.35331,1.35334,2.07,1.99
2014.06.11 18:10:01.723,1.35331,1.35334,2.07,1.99
2014.06.11 18:10:01.825,1.35331,1.35334,2.07,1.99
2014.06.11 18:10:02.102,1.35331,1.35334,2.82,1.99
2014.06.11 18:10:02.304,1.35331,1.35334,2.82,1.99
2014.06.11 18:10:02.405,1.35331,1.35334,2.82,1.99
2014.06.11 18:10:02.466,1.35331,1.35334,2.82,1.99
2014.06.11 18:10:02.568,1.35331,1.35334,2.82,1.99
2014.06.11 18:10:02.669,1.35331,1.35334,2.82,1.99
2014.06.11 18:10:02.774,1.35331,1.35334,2.82,1.99
2014.06.11 18:10:02.876,1.35331,1.35334,2.82,1.99
2014.06.11 18:10:02.979,1.35331,1.35334,2.82,1.99
2014.06.11 18:10:03.080,1.35331,1.35334,2.82,1.99
2014.06.11 18:10:03.186,1.35331,1.35334,2.82,1.99
2014.06.11 18:10:03.287,1.35331,1.35334,2.82,1.99
2014.06.11 18:10:03.388,1.35331,1.35334,2.82,1.99
2014.06.11 18:10:03.489,1.35331,1.35334,2.82,1.99
2014.06.11 18:10:03.691,1.35331,1.35334,2.82,1.99
2014.06.11 18:10:03.894,1.35331,1.35334,2.82,1.99
2014.06.11 18:10:03.995,1.35331,1.35334,2.82,1.99
2014.06.11 18:10:04.096,1.35331,1.35334,1.88,2.74
2014.06.11 18:10:04.199,1.35331,1.35334,1.88,2.74
2014.06.11 18:10:04.301,1.35331,1.35334,1.88,2.74
2014.06.11 18:10:04.403,1.35331,1.35334,1.88,2.74
2014.06.11 18:10:04.507,1.35331,1.35334,1.88,2.74
2014.06.11 18:10:04.609,1.35331,1.35334,1.88,2.74
2014.06.11 18:10:04.962,1.35331,1.35334,1.88,2.74
2014.06.11 18:10:05.064,1.35331,1.35334,1.88,2.74
2014.06.11 18:10:05.165,1.35331,1.35334,1.88,2.74
2014.06.11 18:10:05.267,1.35331,1.35334,1.88,2.74
2014.06.11 18:10:05.368,1.35331,1.35334,1.88,2.74
2014.06.11 18:10:05.470,1.35331,1.35334,1.88,2.74
2014.06.11 18:10:05.571,1.35331,1.35334,1.88,2.74
2014.06.11 18:10:05.672,1.35331,1.35334,1.88,2.74
2014.06.11 18:10:05.773,1.35331,1.35334,1.88,2.74
2014.06.11 18:10:05.976,1.35331,1.35334,2.63,2.74
2014.06.11 18:10:06.077,1.35331,1.35334,2.63,2.74
2014.06.11 18:10:06.279,1.35331,1.35334,2.63,2.74
2014.06.11 18:10:06.463,1.35331,1.35334,2.63,2.74
2014.06.11 18:10:06.681,1.35331,1.35334,2.82,1.99
2014.06.11 18:10:06.783,1.35331,1.35334,2.82,1.69
2014.06.11 18:10:06.884,1.35331,1.35334,2.82,1.99
2014.06.11 18:10:07.086,1.35331,1.35334,2.82,1.99
2014.06.11 18:10:07.187,1.35331,1.35334,2.82,1.99
2014.06.11 18:10:07.288,1.35331,1.35334,2.82,1.99
2014.06.11 18:10:07.390,1.35331,1.35334,2.82,1.99
2014.06.11 18:10:07.491,1.35331,1.35334,2.82,1.99
2014.06.11 18:10:07.665,1.35331,1.35334,2.82,1.99
2014.06.11 18:10:07.868,1.35331,1.35334,2.07,1.99
2014.06.11 18:10:08.223,1.35331,1.35334,2.07,1.99
2014.06.11 18:10:08.325,1.35331,1.35334,2.07,1.99
2014.06.11 18:10:08.426,1.35331,1.35334,2.07,1.69
2014.06.11 18:10:08.528,1.35331,1.35334,2.07,1.69
2014.06.11 18:10:08.629,1.35331,1.35334,2.07,1.69
2014.06.11 18:10:08.735,1.35331,1.35334,2.07,1.69
2014.06.11 18:10:08.837,1.35331,1.35334,2.07,1.69
2014.06.11 18:10:08.938,1.35331,1.35334,2.07,1.69
2014.06.11 18:10:09.040,1.35331,1.35334,2.07,1.69
2014.06.11 18:10:09.143,1.35331,1.35334,2.07,1.69
2014.06.11 18:10:09.244,1.35331,1.35334,2.07,1.69
2014.06.11 18:10:09.345,1.35331,1.35334,1.88,2.44
2014.06.11 18:10:09.446,1.35331,1.35334,1.88,2.74
2014.06.11 18:10:09.548,1.35331,1.35334,1.88,2.44
2014.06.11 18:10:09.649,1.35331,1.35334,1.88,2.74
2014.06.11 18:10:09.750,1.35331,1.35334,2.63,2.74
2014.06.11 18:10:09.852,1.35331,1.35334,2.63,2.74
2014.06.11 18:10:09.953,1.35331,1.35334,2.63,2.74
2014.06.11 18:10:10.054,1.35331,1.35334,2.63,2.74
2014.06.11 18:10:10.578,1.35331,1.35334,2.63,2.74
2014.06.11 18:10:10.679,1.35331,1.35334,2.63,2.74
2014.06.11 18:10:10.780,1.35331,1.35334,2.63,2.74
2014.06.11 18:10:10.881,1.35331,1.35334,2.63,2.74
2014.06.11 18:10:10.982,1.35331,1.35334,2.63,2.74
2014.06.11 18:10:11.084,1.35331,1.35334,2.63,2.74
2014.06.11 18:10:11.328,1.35331,1.35334,2.63,2.74
2014.06.11 18:10:11.581,1.35331,1.35334,2.63,2.74
2014.06.11 18:10:11.683,1.35331,1.35334,2.82,1.99
2014.06.11 18:10:11.784,1.35331,1.35334,2.82,1.99
2014.06.11 18:10:11.986,1.35331,1.35334,2.82,1.99
2014.06.11 18:10:12.087,1.35331,1.35334,2.82,1.99
2014.06.11 18:10:12.188,1.35331,1.35334,2.82,1.99
2014.06.11 18:10:12.289,1.35331,1.35334,2.82,1.99
2014.06.11 18:10:12.491,1.35331,1.35334,2.82,1.99
2014.06.11 18:10:12.593,1.35331,1.35334,2.82,1.99
2014.06.11 18:10:12.694,1.35331,1.35334,2.82,1.99
2014.06.11 18:10:12.796,1.35331,1.35334,2.82,1.99
2014.06.11 18:10:12.897,1.35331,1.35334,2.82,1.99
2014.06.11 18:10:12.998,1.35331,1.35334,2.82,1.99
2014.06.11 18:10:13.430,1.35331,1.35334,2.82,1.99
2014.06.11 18:10:13.531,1.35331,1.35334,2.82,1.99
2014.06.11 18:10:13.735,1.35331,1.35334,2.07,1.99
2014.06.11 18:10:13.836,1.35331,1.35334,2.07,1.99
2014.06.11 18:10:13.937,1.35331,1.35334,2.07,1.99
2014.06.11 18:10:14.038,1.35331,1.35334,2.07,1.99
2014.06.11 18:10:14.605,1.35331,1.35334,2.07,1.99
2014.06.11 18:10:14.706,1.35331,1.35334,2.07,1.99
2014.06.11 18:10:14.807,1.35331,1.35334,2.07,1.99
2014.06.11 18:10:14.908,1.35331,1.35334,2.07,1.99
2014.06.11 18:10:15.009,1.35331,1.35334,2.07,1.99
2014.06.11 18:10:15.063,1.35331,1.35334,2.07,1.99
2014.06.11 18:10:15.165,1.35331,1.35334,2.07,1.99
2014.06.11 18:10:15.268,1.35331,1.35334,2.07,1.99
2014.06.11 18:10:15.369,1.35331,1.35334,2.07,1.99
2014.06.11 18:10:15.470,1.35331,1.35334,2.82,1.99
2014.06.11 18:10:15.571,1.35331,1.35334,2.82,1.99
2014.06.11 18:10:15.672,1.35331,1.35334,2.82,1.99
2014.06.11 18:10:15.776,1.35331,1.35334,2.82,1.99
2014.06.11 18:10:15.877,1.35331,1.35334,2.82,1.99
2014.06.11 18:10:16.029,1.35331,1.35334,2.82,1.99
2014.06.11 18:10:16.081,1.35331,1.35334,2.82,1.99
2014.06.11 18:10:16.182,1.35331,1.35334,2.82,1.99
2014.06.11 18:10:16.283,1.35331,1.35334,2.82,1.99
2014.06.11 18:10:16.435,1.35331,1.35334,2.82,1.99
2014.06.11 18:10:16.564,1.35331,1.35334,2.44,2.82
2014.06.11 18:10:16.617,1.35331,1.35334,2.44,2.82
2014.06.11 18:10:16.718,1.35331,1.35334,2.44,3.12
2014.06.11 18:10:16.819,1.35331,1.35334,2.44,3.12
2014.06.11 18:10:16.965,1.35331,1.35334,2.44,2.82
2014.06.11 18:10:17.019,1.35331,1.35334,2.44,2.82
2014.06.11 18:10:17.120,1.35331,1.35334,2.44,3.12
2014.06.11 18:10:17.221,1.35331,1.35334,2.44,3.12
2014.06.11 18:10:17.322,1.35331,1.35334,2.44,3.12
2014.06.11 18:10:17.424,1.35331,1.35334,1.69,3.12
2014.06.11 18:10:17.525,1.35331,1.35334,1.69,3.12
2014.06.11 18:10:17.626,1.35331,1.35334,1.69,3.12
2014.06.11 18:10:17.727,1.35331,1.35334,1.69,3.12
2014.06.11 18:10:17.829,1.35331,1.35334,1.69,3.12
2014.06.11 18:10:17.930,1.35331,1.35334,1.69,3.12
2014.06.11 18:10:18.215,1.35331,1.35334,1.69,3.12
2014.06.11 18:10:18.340,1.35331,1.35334,1.69,3.12
2014.06.11 18:10:18.441,1.35331,1.35334,1.69,3.12
2014.06.11 18:10:18.570,1.35331,1.35334,1.69,3.12
2014.06.11 18:10:18.671,1.35331,1.35334,1.69,3.12
2014.06.11 18:10:18.773,1.35331,1.35334,1.69,3.12
2014.06.11 18:10:18.874,1.35331,1.35334,1.69,3.12
2014.06.11 18:10:18.975,1.35331,1.35334,1.69,3.12
2014.06.11 18:10:19.076,1.35331,1.35334,1.69,3.12
2014.06.11 18:10:19.581,1.35331,1.35334,2.44,3.12
2014.06.11 18:10:19.684,1.35331,1.35334,2.44,3.12
2014.06.11 18:10:19.745,1.35331,1.35334,2.44,3.12
2014.06.11 18:10:19.857,1.35331,1.35334,2.44,3.12
2014.06.11 18:10:19.959,1.35331,1.35334,2.44,3.12
2014.06.11 18:10:20.060,1.35331,1.35334,3.94,2.37
2014.06.11 18:10:20.161,1.35331,1.35334,2.25,3.57
2014.06.11 18:10:20.363,1.35331,1.35334,2.25,3.57
2014.06.11 18:10:20.469,1.35331,1.35334,2.25,3.87
2014.06.11 18:10:20.632,1.35331,1.35334,2.25,3.87
2014.06.11 18:10:20.771,1.35331,1.35334,2.25,3.87
2014.06.11 18:10:20.873,1.35331,1.35334,2.25,3.87
2014.06.11 18:10:20.974,1.35331,1.35334,2.25,3.87
2014.06.11 18:10:21.076,1.35331,1.35334,2.25,3.87
2014.06.11 18:10:21.177,1.35331,1.35334,1.69,3.12
2014.06.11 18:10:21.379,1.35331,1.35334,1.69,2.82
2014.06.11 18:10:21.480,1.35331,1.35334,1.69,2.82
2014.06.11 18:10:21.588,1.35331,1.35334,1.69,2.82
2014.06.11 18:10:21.690,1.35331,1.35334,1.69,3.12
2014.06.11 18:10:21.993,1.35333,1.35335,1.00,3.57
2014.06.11 18:10:22.094,1.35333,1.35335,1.00,3.19
2014.06.11 18:10:22.627,1.35333,1.35335,1.50,2.82
2014.06.11 18:10:23.163,1.35333,1.35335,2.25,2.74
2014.06.11 18:10:23.766,1.35333,1.35335,2.25,2.44
2014.06.11 18:10:24.121,1.35332,1.35334,1.50,1.55
2014.06.11 18:10:24.666,1.35332,1.35334,1.00,1.25
2014.06.11 18:10:25.287,1.35332,1.35335,1.00,6.87
2014.06.11 18:10:25.389,1.35332,1.35334,1.00,1.25
2014.06.11 18:10:26.450,1.35332,1.35334,1.00,1.55
2014.06.11 18:10:26.972,1.35332,1.35334,1.00,1.24
2014.06.11 18:10:27.830,1.35332,1.35335,1.00,7.24
2014.06.11 18:10:28.416,1.35332,1.35335,2.25,5.74
2014.06.11 18:10:28.964,1.35332,1.35335,2.25,4.99
2014.06.11 18:10:29.115,1.35332,1.35334,2.25,1.25
2014.06.11 18:10:32.710,1.35332,1.35334,1.00,1.55
2014.06.11 18:10:33.781,1.35332,1.35334,1.00,1.99
2014.06.11 18:10:34.288,1.35333,1.35335,1.00,3.49
2014.06.11 18:10:35.274,1.35333,1.35335,1.00,2.37
2014.06.11 18:10:38.180,1.35333,1.35335,1.00,3.94
2014.06.11 18:10:43.210,1.35332,1.35334,1.00,1.25
2014.06.11 18:10:43.728,1.35331,1.35333,2.63,1.99
2014.06.11 18:10:49.661,1.35331,1.35332,2.63,1.00
2014.06.11 18:10:50.798,1.35331,1.35334,1.00,10.35
2014.06.11 18:10:51.455,1.35331,1.35332,1.00,1.00
2014.06.11 18:10:55.883,1.35331,1.35334,1.00,4.62
2014.06.11 18:10:56.426,1.35332,1.35334,1.00,2.37
2014.06.11 18:10:57.678,1.35332,1.35334,1.00,2.37
2014.06.11 18:10:59.034,1.35332,1.35334,1.00,2.37
2014.06.11 18:10:59.555,1.35332,1.35334,1.00,2.37
2014.06.11 18:11:01.482,1.35331,1.35334,2.44,1.15
2014.06.11 18:11:01.787,1.35333,1.35335,1.00,4.69
2014.06.11 18:11:02.432,1.35333,1.35335,1.00,2.82
2014.06.11 18:11:02.940,1.35334,1.35335,1.00,2.37
2014.06.11 18:11:03.676,1.35333,1.35335,1.50,2.37
2014.06.11 18:11:04.310,1.35333,1.35334,3.00,1.24
2014.06.11 18:11:05.220,1.35331,1.35334,1.25,2.62
2014.06.11 18:11:05.560,1.35331,1.35333,1.69,1.00
2014.06.11 18:11:05.894,1.35331,1.35334,1.50,3.87
2014.06.11 18:11:09.864,1.35331,1.35334,1.00,4.32
2014.06.11 18:11:09.915,1.35331,1.35332,1.00,1.50
2014.06.11 18:11:10.218,1.35331,1.35332,1.00,1.00
2014.06.11 18:11:10.475,1.35331,1.35334,1.00,3.00
2014.06.11 18:11:12.875,1.35331,1.35333,1.00,2.82
2014.06.11 18:11:22.671,1.35331,1.35334,2.25,3.57
2014.06.11 18:11:41.263,1.35333,1.35335,1.00,8.63
2014.06.11 18:11:41.570,1.35338,1.35341,1.88,4.50
2014.06.11 18:11:41.722,1.35338,1.35341,7.32,3.00
2014.06.11 18:11:41.925,1.35341,1.35343,1.00,1.25
2014.06.11 18:11:42.440,1.35343,1.35344,1.00,1.50
2014.06.11 18:11:42.947,1.35343,1.35346,1.50,3.57
2014.06.11 18:11:43.591,1.35342,1.35346,6.94,5.82
2014.06.11 18:11:43.952,1.35342,1.35345,3.75,3.19
2014.06.11 18:11:44.154,1.35342,1.35345,3.00,4.69
2014.06.11 18:11:44.695,1.35343,1.35345,1.00,4.69
2014.06.11 18:11:46.787,1.35341,1.35345,7.02,5.82
2014.06.11 18:11:47.314,1.35341,1.35343,1.50,1.32
2014.06.11 18:11:47.836,1.3534,1.35342,2.25,1.69
2014.06.11 18:11:51.512,1.3534,1.35342,1.00,1.32
2014.06.11 18:11:51.664,1.35338,1.3534,6.57,1.00
2014.06.11 18:11:51.967,1.35335,1.35336,4.50,1.50
2014.06.11 18:11:52.069,1.35333,1.35335,3.19,1.00
2014.06.11 18:11:52.776,1.35333,1.35336,1.25,3.57
2014.06.11 18:11:53.379,1.35333,1.35336,1.00,4.32
2014.06.11 18:12:06.334,1.35333,1.35336,2.82,1.25
2014.06.11 18:12:07.942,1.35333,1.35336,1.13,3.19
2014.06.11 18:12:08.096,1.35335,1.35336,1.00,1.00
2014.06.11 18:12:10.558,1.35335,1.35337,2.25,1.69
2014.06.11 18:12:15.785,1.35336,1.35339,6.23,12.38
2014.06.11 18:12:16.091,1.3534,1.35342,3.30,1.50
2014.06.11 18:12:16.142,1.3534,1.35342,5.78,1.00
2014.06.11 18:12:16.294,1.35341,1.35343,1.50,1.50
2014.06.11 18:12:16.799,1.35341,1.35344,1.50,2.82
2014.06.11 18:12:23.060,1.35342,1.35344,1.00,2.44
2014.06.11 18:12:27.030,1.3534,1.35343,4.05,2.07
2014.06.11 18:12:29.740,1.3534,1.35343,4.24,1.32
2014.06.11 18:12:34.046,1.3534,1.35342,4.62,1.00
2014.06.11 18:12:36.890,1.35341,1.35344,1.69,1.62
2014.06.11 18:12:38.602,1.35342,1.35344,1.00,2.82
2014.06.11 18:12:39.675,1.35343,1.35344,1.00,1.24
2014.06.11 18:12:41.773,1.35344,1.35345,1.00,1.13
2014.06.11 18:12:42.076,1.3534,1.35344,1.50,14.86
2014.06.11 18:12:42.435,1.3534,1.35342,3.75,1.25
2014.06.11 18:12:42.938,1.35341,1.35342,1.00,1.25
2014.06.11 18:12:43.443,1.35341,1.35343,2.50,1.05
2014.06.11 18:12:43.983,1.35341,1.35342,1.00,1.00
2014.06.11 18:12:45.659,1.3534,1.35341,3.75,1.88
2014.06.11 18:12:45.760,1.35337,1.35339,7.77,3.50
2014.06.11 18:12:46.267,1.35338,1.3534,2.50,10.13
2014.06.11 18:12:46.420,1.3534,1.35342,2.25,1.25
2014.06.11 18:12:46.925,1.35341,1.35342,1.00,1.25
2014.06.11 18:12:48.153,1.35341,1.35343,2.25,1.25
2014.06.11 18:12:48.674,1.35342,1.35344,1.50,1.69
2014.06.11 18:12:49.246,1.35342,1.35344,1.50,1.25
2014.06.11 18:13:04.225,1.35342,1.35344,1.05,5.07
2014.06.11 18:13:08.486,1.35342,1.35344,1.05,4.32
2014.06.11 18:13:10.554,1.35342,1.35344,1.00,5.07
2014.06.11 18:13:11.891,1.35342,1.35344,1.00,4.32
2014.06.11 18:13:16.713,1.35342,1.35344,1.00,4.32
2014.06.11 18:13:17.790,1.35342,1.35344,1.30,3.75
2014.06.11 18:13:18.484,1.35342,1.35344,1.30,1.25
2014.06.11 18:13:18.999,1.35342,1.35344,1.00,1.25
2014.06.11 18:13:22.746,1.35342,1.35344,1.30,1.25
2014.06.11 18:13:25.469,1.35342,1.35344,1.00,1.25
2014.06.11 18:13:26.378,1.35342,1.35344,1.30,1.25
2014.06.11 18:13:26.889,1.35342,1.35344,1.00,1.25
2014.06.11 18:13:27.545,1.35342,1.35344,1.30,1.25
2014.06.11 18:13:28.933,1.35343,1.35345,1.80,2.82
2014.06.11 18:13:29.948,1.35344,1.35345,1.00,2.25
2014.06.11 18:13:32.601,1.35344,1.35347,2.13,4.13
2014.06.11 18:13:32.754,1.35345,1.35347,3.00,1.25
2014.06.11 18:13:33.664,1.35345,1.35348,3.19,5.82
2014.06.11 18:13:34.660,1.35346,1.35348,1.00,5.82
2014.06.11 18:13:35.788,1.35348,1.35349,1.05,2.25
2014.06.11 18:13:35.889,1.35348,1.35351,6.42,1.00
2014.06.11 18:13:35.991,1.3535,1.35352,3.15,1.32
2014.06.11 18:13:36.500,1.35352,1.35355,1.00,3.57
2014.06.11 18:13:36.753,1.35354,1.35356,1.00,2.82
2014.06.11 18:13:37.732,1.35354,1.35357,1.00,6.79
2014.06.11 18:13:38.036,1.35347,1.35354,3.00,13.93
2014.06.11 18:13:38.140,1.35347,1.35348,7.13,1.13
2014.06.11 18:13:38.242,1.35346,1.35347,1.00,1.25
2014.06.11 18:13:38.759,1.35345,1.35348,3.00,8.07
2014.06.11 18:13:40.118,1.35345,1.35348,4.13,6.57
2014.06.11 18:13:40.494,1.35346,1.35348,1.00,7.32
2014.06.11 18:13:41.445,1.35345,1.35348,4.88,8.82
2014.06.11 18:13:42.233,1.35345,1.35346,2.25,1.25
2014.06.11 18:13:42.285,1.35345,1.35346,1.50,1.25
2014.06.11 18:14:29.010,1.35344,1.35346,2.25,1.25
2014.06.11 18:14:33.282,1.35344,1.35346,2.25,2.07
2014.06.11 18:14:34.985,1.35344,1.35346,2.25,1.32
2014.06.11 18:14:38.429,1.35344,1.35346,1.00,1.32
2014.06.11 18:14:51.168,1.35345,1.35346,1.50,1.25
2014.06.11 18:14:52.023,1.35345,1.35346,1.50,1.25
2014.06.11 18:14:54.348,1.35345,1.35346,1.50,1.25
2014.06.11 18:15:11.186,1.35345,1.35347,1.50,1.32
2014.06.11 18:15:12.121,1.35345,1.35347,1.50,1.15
2014.06.11 18:15:13.127,1.35345,1.35347,1.50,1.62
2014.06.11 18:15:24.348,1.35345,1.35347,1.50,1.62
2014.06.11 18:15:25.271,1.35345,1.35347,1.50,1.15
2014.06.11 18:15:26.315,1.35345,1.35347,1.50,1.62
2014.06.11 18:15:30.670,1.35344,1.35347,1.13,3.87
2014.06.11 18:15:31.205,1.35344,1.35347,2.82,1.62
2014.06.11 18:15:32.437,1.35344,1.35347,2.63,2.37
2014.06.11 18:15:36.023,1.35344,1.35347,3.49,1.24
2014.06.11 18:15:39.752,1.35344,1.35347,2.25,2.07
2014.06.11 18:15:47.820,1.35343,1.35347,5.07,5.37
2014.06.11 18:15:48.660,1.35344,1.35347,1.05,3.57
2014.06.11 18:15:49.184,1.35343,1.35347,5.37,4.32
2014.06.11 18:15:51.951,1.35343,1.35347,5.37,4.62
2014.06.11 18:15:52.857,1.35343,1.35347,5.07,4.62
2014.06.11 18:15:53.413,1.35344,1.35347,1.00,4.32
2014.06.11 18:15:54.522,1.35343,1.35347,5.37,5.07
2014.06.11 18:15:55.186,1.35343,1.35346,3.87,1.69
2014.06.11 18:15:55.725,1.35343,1.35346,4.24,1.69
2014.06.11 18:15:58.581,1.35345,1.35347,1.88,2.25
2014.06.11 18:15:59.318,1.35345,1.35347,4.13,1.69
2014.06.11 18:16:00.146,1.35345,1.35347,3.94,1.50
2014.06.11 18:16:00.449,1.35345,1.35347,3.94,1.50
2014.06.11 18:16:00.550,1.35345,1.35347,3.94,1.50
2014.06.11 18:16:01.105,1.35345,1.35347,3.94,1.50
2014.06.11 18:16:01.206,1.35345,1.35347,3.94,1.50
2014.06.11 18:16:01.345,1.35345,1.35347,3.94,1.50
2014.06.11 18:16:01.446,1.35345,1.35347,3.94,1.50
2014.06.11 18:16:01.547,1.35346,1.35347,1.13,1.50
2014.06.11 18:16:01.648,1.35346,1.35348,1.13,6.87
2014.06.11 18:16:01.749,1.35346,1.35348,1.13,6.87
2014.06.11 18:16:01.850,1.35346,1.35348,1.13,6.87
2014.06.11 18:16:01.951,1.35346,1.35348,1.13,6.87
2014.06.11 18:16:02.052,1.35346,1.35348,1.13,6.87
2014.06.11 18:16:02.154,1.35346,1.35348,1.13,6.87
2014.06.11 18:16:02.255,1.35346,1.35348,1.13,6.87
2014.06.11 18:16:02.356,1.35346,1.35348,1.13,6.87
2014.06.11 18:16:02.457,1.35346,1.35348,1.13,6.87
2014.06.11 18:16:02.559,1.35346,1.35348,1.13,6.87
2014.06.11 18:16:02.660,1.35346,1.35348,1.13,6.87
2014.06.11 18:16:02.761,1.35346,1.35348,1.13,6.87
2014.06.11 18:16:02.862,1.35346,1.35348,1.13,6.87
2014.06.11 18:16:02.965,1.35346,1.35348,1.13,6.87
2014.06.11 18:16:03.066,1.35346,1.35348,1.13,6.87
2014.06.11 18:16:03.167,1.35346,1.35348,1.13,6.87
2014.06.11 18:16:03.547,1.35346,1.35348,1.13,7.62
2014.06.11 18:16:03.749,1.35346,1.35348,1.13,7.62
2014.06.11 18:16:03.851,1.35346,1.35348,1.13,7.62
2014.06.11 18:16:03.952,1.35346,1.35348,1.13,7.62
2014.06.11 18:16:04.061,1.35346,1.35348,1.13,7.62
2014.06.11 18:16:04.171,1.35346,1.35348,1.13,7.62
2014.06.11 18:16:04.279,1.35346,1.35348,1.13,7.62
2014.06.11 18:16:04.380,1.35346,1.35348,1.13,7.62
2014.06.11 18:16:04.493,1.35346,1.35348,1.13,7.62
2014.06.11 18:16:04.695,1.35346,1.35348,1.13,7.62
2014.06.11 18:16:04.896,1.35346,1.35348,1.13,7.62
2014.06.11 18:16:05.098,1.35346,1.35347,1.13,1.50
2014.06.11 18:16:05.300,1.35346,1.35347,1.13,1.50
2014.06.11 18:16:05.401,1.35346,1.35347,1.13,1.50
2014.06.11 18:16:05.503,1.35346,1.35347,1.13,1.50
2014.06.11 18:16:05.604,1.35346,1.35347,1.13,1.50
2014.06.11 18:16:05.705,1.35346,1.35347,1.13,1.50
2014.06.11 18:16:05.806,1.35346,1.35347,1.13,1.50
2014.06.11 18:16:06.008,1.35346,1.35347,1.13,1.50
2014.06.11 18:16:06.109,1.35346,1.35347,1.13,1.50
2014.06.11 18:16:06.211,1.35346,1.35348,1.13,7.62
2014.06.11 18:16:06.312,1.35346,1.35347,1.13,1.50
2014.06.11 18:16:06.413,1.35346,1.35347,1.13,1.50
2014.06.11 18:16:06.615,1.35346,1.35347,1.13,1.50
2014.06.11 18:16:06.917,1.35346,1.35347,1.13,1.50
2014.06.11 18:16:07.019,1.35346,1.35347,1.13,1.50
2014.06.11 18:16:07.120,1.35346,1.35347,1.13,1.50
2014.06.11 18:16:07.221,1.35346,1.35347,1.13,1.50
2014.06.11 18:16:07.423,1.35346,1.35347,1.13,1.50
2014.06.11 18:16:07.524,1.35346,1.35347,1.13,1.50
2014.06.11 18:16:07.625,1.35346,1.35347,1.13,1.50
2014.06.11 18:16:07.726,1.35346,1.35347,1.13,1.50
2014.06.11 18:16:07.907,1.35346,1.35347,1.13,1.50
2014.06.11 18:16:08.060,1.35346,1.35347,1.13,1.50
2014.06.11 18:16:08.161,1.35346,1.35347,1.13,1.50
2014.06.11 18:16:08.615,1.35346,1.35347,1.13,1.50
2014.06.11 18:16:08.716,1.35346,1.35347,1.13,1.50
2014.06.11 18:16:08.817,1.35346,1.35347,1.13,1.50
2014.06.11 18:16:08.918,1.35346,1.35347,1.13,1.50
2014.06.11 18:16:09.019,1.35346,1.35347,1.13,1.50
2014.06.11 18:16:09.120,1.35346,1.35347,1.13,1.50
2014.06.11 18:16:09.221,1.35346,1.35347,1.13,1.50
2014.06.11 18:16:09.322,1.35346,1.35347,1.13,1.50
2014.06.11 18:16:09.424,1.35346,1.35347,1.13,1.50
2014.06.11 18:16:09.525,1.35346,1.35347,1.13,1.50
2014.06.11 18:16:09.626,1.35346,1.35347,1.13,1.50
2014.06.11 18:16:09.730,1.35346,1.35347,1.13,1.50
2014.06.11 18:16:09.789,1.35346,1.35347,1.13,1.50
2014.06.11 18:16:09.906,1.35346,1.35347,1.13,1.50
2014.06.11 18:16:10.229,1.35346,1.35347,1.13,1.50
2014.06.11 18:16:10.331,1.35346,1.35347,1.13,1.50
2014.06.11 18:16:10.432,1.35346,1.35347,1.13,1.50
2014.06.11 18:16:10.533,1.35346,1.35347,1.13,1.50
2014.06.11 18:16:10.838,1.35346,1.35347,1.13,1.50
2014.06.11 18:16:10.940,1.35346,1.35347,1.13,1.50
2014.06.11 18:16:11.041,1.35346,1.35347,1.13,1.50
2014.06.11 18:16:11.142,1.35346,1.35347,1.13,1.50
2014.06.11 18:16:11.243,1.35346,1.35347,1.13,1.50
2014.06.11 18:16:11.344,1.35346,1.35347,1.13,1.50
2014.06.11 18:16:11.445,1.35346,1.35347,1.13,1.50
2014.06.11 18:16:11.569,1.35346,1.35347,1.13,1.50
2014.06.11 18:16:11.670,1.35346,1.35347,1.13,1.50
2014.06.11 18:16:11.723,1.35346,1.35347,1.13,1.50
2014.06.11 18:16:11.824,1.35346,1.35347,1.13,1.50
2014.06.11 18:16:11.928,1.35346,1.35347,1.13,1.50
2014.06.11 18:16:12.030,1.35346,1.35347,1.13,1.50
2014.06.11 18:16:12.131,1.35346,1.35347,1.13,1.50
2014.06.11 18:16:12.232,1.35346,1.35347,1.13,1.50
2014.06.11 18:16:12.531,1.35346,1.35347,1.13,1.50
2014.06.11 18:16:13.038,1.35346,1.35348,1.13,7.32
2014.06.11 18:16:13.140,1.35346,1.35348,1.13,7.32
2014.06.11 18:16:13.242,1.35346,1.35348,1.13,7.32
2014.06.11 18:16:13.344,1.35346,1.35348,1.13,7.32
2014.06.11 18:16:13.445,1.35346,1.35348,1.13,7.32
2014.06.11 18:16:13.647,1.35346,1.35348,1.13,7.32
2014.06.11 18:16:14.056,1.35346,1.35347,1.13,1.50
2014.06.11 18:16:14.360,1.35346,1.35347,1.13,1.50
2014.06.11 18:16:14.462,1.35346,1.35347,1.13,1.50
2014.06.11 18:16:14.563,1.35346,1.35347,1.13,1.50
2014.06.11 18:16:14.664,1.35346,1.35347,1.13,1.50
2014.06.11 18:16:14.866,1.35346,1.35347,1.13,1.69
2014.06.11 18:16:15.210,1.35346,1.35347,1.13,1.69
2014.06.11 18:16:15.613,1.35346,1.35348,1.13,7.32
2014.06.11 18:16:15.715,1.35346,1.35347,1.13,1.69
2014.06.11 18:16:15.816,1.35346,1.35347,1.13,1.69
2014.06.11 18:16:15.917,1.35346,1.35347,1.13,1.69
2014.06.11 18:16:16.090,1.35346,1.35347,1.13,1.69
2014.06.11 18:16:16.191,1.35346,1.35347,1.13,1.69
2014.06.11 18:16:16.292,1.35346,1.35347,1.13,1.69
2014.06.11 18:16:16.695,1.35346,1.35347,1.13,1.50
2014.06.11 18:16:16.899,1.35346,1.35347,1.13,1.50
2014.06.11 18:16:17.202,1.35346,1.35347,1.13,1.50
2014.06.11 18:16:17.304,1.35346,1.35347,1.13,1.50
2014.06.11 18:16:17.406,1.35346,1.35347,1.00,1.50
2014.06.11 18:16:17.507,1.35346,1.35347,1.00,1.50
2014.06.11 18:16:17.709,1.35346,1.35347,1.00,1.50
2014.06.11 18:16:17.810,1.35346,1.35348,1.00,7.62
2014.06.11 18:16:17.961,1.35346,1.35347,1.00,1.50
2014.06.11 18:16:18.063,1.35346,1.35347,1.00,1.50
2014.06.11 18:16:18.164,1.35346,1.35347,1.00,1.50
2014.06.11 18:16:18.369,1.35346,1.35347,1.00,1.50
2014.06.11 18:16:18.426,1.35346,1.35347,1.00,1.50
2014.06.11 18:16:18.532,1.35346,1.35347,1.00,1.50
2014.06.11 18:16:18.633,1.35346,1.35347,1.00,1.50
2014.06.11 18:16:18.735,1.35346,1.35347,1.00,1.50
2014.06.11 18:16:18.836,1.35346,1.35347,1.00,1.50
2014.06.11 18:16:18.937,1.35346,1.35347,1.00,1.50
2014.06.11 18:16:19.038,1.35346,1.35348,1.00,6.57
2014.06.11 18:16:19.243,1.35346,1.35348,1.00,6.57
2014.06.11 18:16:19.459,1.35346,1.35348,1.00,6.57
2014.06.11 18:16:19.562,1.35346,1.35348,1.00,6.57
2014.06.11 18:16:19.663,1.35346,1.35348,1.00,6.57
2014.06.11 18:16:19.764,1.35346,1.35348,1.00,6.57
2014.06.11 18:16:19.865,1.35346,1.35348,1.00,6.57
2014.06.11 18:16:19.966,1.35346,1.35348,1.00,6.57
2014.06.11 18:16:20.070,1.35346,1.35348,1.00,6.57
2014.06.11 18:16:20.374,1.35346,1.35348,1.00,6.57
2014.06.11 18:16:20.475,1.35346,1.35348,1.00,6.57
2014.06.11 18:16:20.577,1.35346,1.35348,1.00,6.57
2014.06.11 18:16:20.678,1.35346,1.35348,1.00,6.87
2014.06.11 18:16:20.779,1.35346,1.35348,1.00,6.87
2014.06.11 18:16:20.880,1.35346,1.35348,1.00,6.87
2014.06.11 18:16:20.962,1.35346,1.35348,1.00,6.87
2014.06.11 18:16:21.113,1.35346,1.35348,1.00,5.82
2014.06.11 18:16:21.215,1.35346,1.35348,1.00,5.82
2014.06.11 18:16:21.316,1.35346,1.35348,1.00,6.12
2014.06.11 18:16:21.417,1.35346,1.35348,1.00,6.12
2014.06.11 18:16:21.475,1.35346,1.35348,1.00,6.12
2014.06.11 18:16:21.576,1.35346,1.35348,1.00,5.82
2014.06.11 18:16:21.677,1.35346,1.35348,1.00,5.82
2014.06.11 18:16:21.778,1.35346,1.35348,1.00,5.82
2014.06.11 18:16:21.880,1.35346,1.35348,1.00,5.82
2014.06.11 18:16:21.983,1.35346,1.35348,1.00,5.82
2014.06.11 18:16:22.134,1.35346,1.35348,1.00,6.12
2014.06.11 18:16:22.185,1.35346,1.35348,1.00,6.12
2014.06.11 18:16:22.286,1.35346,1.35348,1.00,6.12
2014.06.11 18:16:22.387,1.35346,1.35348,1.00,6.12
2014.06.11 18:16:22.490,1.35346,1.35348,1.00,5.82
2014.06.11 18:16:22.591,1.35346,1.35348,1.00,5.82
2014.06.11 18:16:22.693,1.35346,1.35348,1.00,5.82
2014.06.11 18:16:22.794,1.35346,1.35348,1.00,5.82
2014.06.11 18:16:22.897,1.35346,1.35348,1.00,5.82
2014.06.11 18:16:22.998,1.35346,1.35348,1.00,5.82
2014.06.11 18:16:23.099,1.35346,1.35348,1.00,5.82
2014.06.11 18:16:23.251,1.35346,1.35348,1.00,5.82
2014.06.11 18:16:23.301,1.35346,1.35348,1.00,5.82
2014.06.11 18:16:23.554,1.35346,1.35348,1.13,6.12
2014.06.11 18:16:24.181,1.35346,1.35348,1.13,6.12
2014.06.11 18:16:24.282,1.35346,1.35348,1.13,6.12
2014.06.11 18:16:24.383,1.35346,1.35348,1.13,6.12
2014.06.11 18:16:24.484,1.35346,1.35348,1.00,6.12
2014.06.11 18:16:24.585,1.35345,1.35348,1.88,6.87
2014.06.11 18:16:25.552,1.35344,1.35347,4.13,2.37
2014.06.11 18:16:45.270,1.35343,1.35347,3.49,4.51
2014.06.11 18:16:46.961,1.35343,1.35346,2.74,2.07
2014.06.11 18:16:47.708,1.35343,1.35346,2.74,2.07
2014.06.11 18:16:48.244,1.35343,1.35346,2.44,2.07
2014.06.11 18:16:51.063,1.35343,1.35346,2.74,2.07
2014.06.11 18:16:51.568,1.35343,1.35347,4.69,3.75
2014.06.11 18:16:57.207,1.35343,1.35346,3.49,2.07
2014.06.11 18:16:57.821,1.35343,1.35346,3.19,2.07
2014.06.11 18:16:58.640,1.35343,1.35347,4.99,6.75
2014.06.11 18:16:59.144,1.35343,1.35347,4.69,6.75
2014.06.11 18:17:00.663,1.35343,1.35346,3.49,2.07
2014.06.11 18:17:01.196,1.35343,1.35346,3.19,2.07
2014.06.11 18:17:01.735,1.35343,1.35347,4.99,6.00
2014.06.11 18:17:02.390,1.35343,1.35347,4.69,6.00
2014.06.11 18:17:03.995,1.35343,1.35347,4.99,6.00
2014.06.11 18:17:05.108,1.35343,1.35347,4.69,6.00
2014.06.11 18:17:07.314,1.35343,1.35347,4.99,6.00
2014.06.11 18:17:09.977,1.35343,1.35347,5.07,5.25
2014.06.11 18:17:13.016,1.35343,1.35347,5.37,4.32
2014.06.11 18:17:13.535,1.35343,1.35347,6.12,4.32
2014.06.11 18:17:14.209,1.35343,1.35347,6.12,4.32
2014.06.11 18:17:15.254,1.35344,1.35347,1.24,3.57
2014.06.11 18:17:15.758,1.35344,1.35346,1.99,1.50
2014.06.11 18:17:23.051,1.35343,1.35346,3.19,2.07
2014.06.11 18:17:27.059,1.35343,1.35346,2.74,2.07
2014.06.11 18:17:27.596,1.35343,1.35346,2.44,2.07
2014.06.11 18:17:28.123,1.35344,1.35346,1.05,2.07
2014.06.11 18:17:30.380,1.35343,1.35346,3.49,2.07
2014.06.11 18:17:30.979,1.35343,1.35346,3.49,2.07
2014.06.11 18:17:31.528,1.35343,1.35346,3.49,2.07
2014.06.11 18:17:32.193,1.35343,1.35346,3.49,2.07
2014.06.11 18:17:32.752,1.35343,1.35346,3.19,2.07
2014.06.11 18:17:33.082,1.35343,1.35346,3.19,2.07
2014.06.11 18:17:34.638,1.35344,1.35346,1.50,1.69
2014.06.11 18:17:35.653,1.35344,1.35346,1.50,1.69
2014.06.11 18:17:35.755,1.35344,1.35346,1.50,1.69
2014.06.11 18:17:51.475,1.35344,1.35346,1.69,1.50
2014.06.11 18:17:53.910,1.35344,1.35346,1.99,1.50
2014.06.11 18:18:15.777,1.35344,1.35347,2.44,2.07
2014.06.11 18:18:17.918,1.35344,1.35347,3.12,2.82
2014.06.11 18:18:18.455,1.35344,1.35347,2.63,2.82
2014.06.11 18:18:19.527,1.35344,1.35347,3.12,2.37
2014.06.11 18:18:26.863,1.35344,1.35347,2.44,1.32
2014.06.11 18:18:27.957,1.35344,1.35347,2.07,1.32
2014.06.11 18:18:29.917,1.35344,1.35347,1.88,2.07
2014.06.11 18:18:30.880,1.35345,1.35347,1.00,2.82
2014.06.11 18:18:31.382,1.35345,1.35346,1.00,1.50
2014.06.11 18:18:31.892,1.35345,1.35347,1.00,3.12
2014.06.11 18:18:32.403,1.35344,1.35347,1.88,3.87
2014.06.11 18:18:38.858,1.35344,1.35347,2.07,3.12
2014.06.11 18:18:41.159,1.35344,1.35347,1.69,2.82
2014.06.11 18:18:42.226,1.35344,1.35347,1.50,3.87
2014.06.11 18:18:46.648,1.35344,1.35347,1.69,3.12
2014.06.11 18:18:47.383,1.35344,1.35346,1.69,1.50
2014.06.11 18:18:48.626,1.35344,1.35347,1.69,2.82
2014.06.11 18:18:50.124,1.35344,1.35346,1.69,1.00
2014.06.11 18:18:50.642,1.35344,1.35347,1.69,3.12
2014.06.11 18:18:55.967,1.35344,1.35347,1.50,3.57
2014.06.11 18:19:01.572,1.35343,1.35346,3.87,1.69
2014.06.11 18:19:06.908,1.35343,1.35347,5.37,2.82
2014.06.11 18:19:08.113,1.35343,1.35346,4.62,1.00
2014.06.11 18:19:08.689,1.35343,1.35347,5.07,3.57
2014.06.11 18:19:10.366,1.35343,1.35347,5.37,4.92
2014.06.11 18:19:10.568,1.35343,1.35344,1.88,1.00
2014.06.11 18:19:10.619,1.35342,1.35344,4.88,1.25
2014.06.11 18:19:12.960,1.35341,1.35344,3.87,1.69
2014.06.11 18:19:13.469,1.35341,1.35344,3.57,2.44
2014.06.11 18:19:13.976,1.35341,1.35344,3.68,2.44
2014.06.11 18:19:14.523,1.35341,1.35344,2.18,3.79
2014.06.11 18:19:14.625,1.35341,1.35342,1.05,1.00
2014.06.11 18:19:14.827,1.35341,1.35344,1.30,2.82
2014.06.11 18:19:15.206,1.35341,1.35344,1.00,4.32
2014.06.11 18:19:15.788,1.35341,1.35343,1.99,1.00
2014.06.11 18:19:16.126,1.35341,1.35344,1.99,2.82
2014.06.11 18:19:17.052,1.35341,1.35343,1.50,1.69
2014.06.11 18:19:23.205,1.35341,1.35344,2.74,1.32
2014.06.11 18:19:23.763,1.35341,1.35343,2.44,1.50
2014.06.11 18:19:24.585,1.35341,1.35344,2.74,1.32
2014.06.11 18:19:25.136,1.35341,1.35343,1.69,1.50
2014.06.11 18:19:27.095,1.35341,1.35344,1.99,1.32
2014.06.11 18:19:27.830,1.35341,1.35343,1.69,1.50
2014.06.11 18:19:28.337,1.35341,1.35344,1.99,4.32
2014.06.11 18:19:28.880,1.35341,1.35343,1.69,1.50
2014.06.11 18:19:29.926,1.35341,1.35344,1.69,3.57
2014.06.11 18:19:30.984,1.35341,1.35343,1.99,1.00
2014.06.11 18:19:31.553,1.35341,1.35344,1.99,2.07
2014.06.11 18:19:33.714,1.35341,1.35344,1.55,2.82
2014.06.11 18:19:33.917,1.35341,1.35344,1.69,2.82
2014.06.11 18:19:34.372,1.35341,1.35344,2.74,1.32
2014.06.11 18:19:34.892,1.35341,1.35343,2.74,1.50
2014.06.11 18:19:35.395,1.35341,1.35344,2.74,2.82
2014.06.11 18:19:35.911,1.35341,1.35344,2.44,2.82
2014.06.11 18:19:37.222,1.35341,1.35344,2.74,2.82
2014.06.11 18:19:37.747,1.35341,1.35344,2.74,2.82
2014.06.11 18:19:40.388,1.35342,1.35344,1.30,2.82
2014.06.11 18:19:43.169,1.35342,1.35344,1.00,2.82
2014.06.11 18:19:45.626,1.35342,1.35344,1.30,3.57
2014.06.11 18:19:46.282,1.35342,1.35344,1.00,3.57
2014.06.11 18:19:46.989,1.35341,1.35344,3.19,3.57
2014.06.11 18:19:47.903,1.35341,1.35344,2.74,2.82
2014.06.11 18:19:48.418,1.35341,1.35344,2.74,2.82
2014.06.11 18:19:50.314,1.35341,1.35344,1.69,2.82
2014.06.11 18:19:55.188,1.35341,1.35344,1.99,2.82
2014.06.11 18:19:55.950,1.35341,1.35344,1.99,2.82
2014.06.11 18:19:56.052,1.35341,1.35344,1.69,3.94
2014.06.11 18:19:57.265,1.35341,1.35344,1.99,5.44
2014.06.11 18:19:57.845,1.35341,1.35344,1.69,5.44
2014.06.11 18:19:58.346,1.35341,1.35344,1.80,5.07
2014.06.11 18:19:58.889,1.35341,1.35344,1.80,4.32
2014.06.11 18:19:59.810,1.35341,1.35344,1.80,4.32
2014.06.11 18:20:00.395,1.35341,1.35344,1.80,4.88
2014.06.11 18:20:01.642,1.35341,1.35344,1.80,5.82
2014.06.11 18:20:05.347,1.35341,1.35344,1.99,3.57
2014.06.11 18:20:06.149,1.35341,1.35344,1.99,3.57
2014.06.11 18:20:06.759,1.35341,1.35343,1.50,1.69
2014.06.11 18:20:07.084,1.35341,1.35344,2.25,4.32
2014.06.11 18:20:08.130,1.35341,1.35344,2.44,3.57
2014.06.11 18:20:09.043,1.35341,1.35343,1.69,1.50
2014.06.11 18:20:10.701,1.35341,1.35344,1.80,4.13
2014.06.11 18:20:13.455,1.35341,1.35344,1.99,3.57
2014.06.11 18:20:14.494,1.35341,1.35344,1.69,3.57
2014.06.11 18:20:17.141,1.35341,1.35344,1.99,3.57
2014.06.11 18:20:17.212,1.35341,1.35344,1.99,3.57
2014.06.11 18:20:17.416,1.35341,1.35344,1.99,3.57
2014.06.11 18:20:17.773,1.35341,1.35343,1.99,1.50
2014.06.11 18:20:17.976,1.35341,1.35344,1.99,3.57
2014.06.11 18:20:18.077,1.35341,1.35343,1.69,1.50
2014.06.11 18:20:18.642,1.35341,1.35344,1.99,5.07
2014.06.11 18:20:19.053,1.35341,1.35344,1.80,5.63
2014.06.11 18:20:19.275,1.35341,1.35344,1.80,5.82
2014.06.11 18:20:19.746,1.35341,1.35344,1.80,4.13
2014.06.11 18:20:19.847,1.35341,1.35343,1.50,1.25
2014.06.11 18:20:20.392,1.35341,1.35343,1.80,1.69
2014.06.11 18:20:21.002,1.35341,1.35344,1.80,5.07
2014.06.11 18:20:21.765,1.35341,1.35344,1.80,4.32
2014.06.11 18:20:22.299,1.35341,1.35343,1.80,3.19
2014.06.11 18:20:23.319,1.35341,1.35344,1.80,4.13
2014.06.11 18:20:25.068,1.35341,1.35343,1.80,1.69
2014.06.11 18:20:27.074,1.35341,1.35344,2.55,5.63
2014.06.11 18:20:27.276,1.35341,1.35344,2.25,5.07
2014.06.11 18:20:27.451,1.35341,1.35344,2.55,4.88
2014.06.11 18:20:27.745,1.35341,1.35344,2.55,5.07
2014.06.11 18:20:28.252,1.35341,1.35344,2.74,4.32
2014.06.11 18:20:30.297,1.35341,1.35344,3.12,3.19
2014.06.11 18:20:31.185,1.35341,1.35344,3.12,2.44
2014.06.11 18:20:31.907,1.35341,1.35344,3.12,2.44
2014.06.11 18:20:34.932,1.35341,1.35344,1.62,2.44
2014.06.11 18:20:35.097,1.35341,1.35344,1.62,2.44
2014.06.11 18:20:35.848,1.35341,1.35344,1.62,2.44
2014.06.11 18:20:36.327,1.35341,1.35344,1.32,2.44
2014.06.11 18:20:37.241,1.35342,1.35344,2.93,2.44
2014.06.11 18:20:38.884,1.35342,1.35344,3.12,1.00
2014.06.11 18:20:39.565,1.35342,1.35344,3.12,1.00
2014.06.11 18:20:40.324,1.35342,1.35344,3.12,1.00
2014.06.11 18:20:41.790,1.35342,1.35344,2.82,1.00
2014.06.11 18:20:42.897,1.35342,1.35344,3.12,1.00
2014.06.11 18:20:43.775,1.35342,1.35344,2.63,1.25
2014.06.11 18:20:45.302,1.35342,1.35344,2.93,1.25
2014.06.11 18:20:46.280,1.35342,1.35344,1.13,2.44
2014.06.11 18:20:47.740,1.35342,1.35344,1.43,2.44
2014.06.11 18:20:48.420,1.35342,1.35344,1.13,2.44
2014.06.11 18:20:50.072,1.35341,1.35344,3.12,2.44
2014.06.11 18:20:50.326,1.35341,1.35344,2.82,2.44
2014.06.11 18:20:53.766,1.35341,1.35344,3.12,2.44
2014.06.11 18:20:54.375,1.35341,1.35344,3.12,2.44
2014.06.11 18:20:54.906,1.35341,1.35344,3.12,2.44
2014.06.11 18:20:56.016,1.35341,1.35344,2.07,3.19
2014.06.11 18:20:57.184,1.35341,1.35344,1.99,3.57
2014.06.11 18:20:57.735,1.35341,1.35344,1.80,5.07
2014.06.11 18:20:58.240,1.35341,1.35344,1.80,4.88
2014.06.11 18:20:58.762,1.35341,1.35344,1.50,5.07
2014.06.11 18:20:59.802,1.35341,1.35344,3.30,3.38
2014.06.11 18:21:00.304,1.35341,1.35344,1.80,5.07
2014.06.11 18:21:00.816,1.35342,1.35344,2.18,1.50
2014.06.11 18:21:01.357,1.35341,1.35344,3.38,3.19
2014.06.11 18:21:01.863,1.35341,1.35342,1.50,1.54
2014.06.11 18:21:02.678,1.3534,1.35342,3.38,1.54
2014.06.11 18:21:03.042,1.3534,1.35343,3.57,2.67
2014.06.11 18:21:07.547,1.3534,1.35342,4.99,1.35
2014.06.11 18:21:08.049,1.3534,1.35342,4.69,1.35
2014.06.11 18:21:11.355,1.3534,1.35342,4.62,1.35
2014.06.11 18:21:11.860,1.3534,1.35342,4.32,1.35
2014.06.11 18:21:12.397,1.3534,1.35342,4.62,1.35
2014.06.11 18:21:17.937,1.3534,1.35342,2.63,1.84
2014.06.11 18:21:18.038,1.35337,1.35341,5.63,8.88
2014.06.11 18:21:18.346,1.35335,1.35336,1.88,2.25
2014.06.11 18:21:18.600,1.35333,1.35334,1.13,1.00
2014.06.11 18:21:18.906,1.35331,1.35333,1.99,1.00
2014.06.11 18:21:19.322,1.35329,1.35331,1.50,9.19
2014.06.11 18:21:19.626,1.35324,1.35326,2.44,1.00
2014.06.11 18:21:19.677,1.35324,1.35326,2.44,1.00
2014.06.11 18:21:20.030,1.35323,1.35325,2.44,1.00
2014.06.11 18:21:20.537,1.35321,1.35323,1.25,1.00
2014.06.11 18:21:21.192,1.3532,1.35322,3.94,1.00
2014.06.11 18:21:21.546,1.35321,1.35324,1.00,3.38
2014.06.11 18:21:21.961,1.3532,1.35322,3.57,1.00
2014.06.11 18:21:24.047,1.3532,1.35322,4.24,1.00
2014.06.11 18:21:24.700,1.3532,1.35322,3.94,1.00
2014.06.11 18:21:25.297,1.3532,1.35322,4.69,1.00
2014.06.11 18:21:25.705,1.35322,1.35324,1.00,4.32
2014.06.11 18:21:30.186,1.35322,1.35324,1.00,4.32
2014.06.11 18:21:32.616,1.35321,1.35323,1.25,1.00
2014.06.11 18:21:32.819,1.3532,1.35321,5.25,1.00
2014.06.11 18:21:33.385,1.3532,1.35322,1.00,4.13
2014.06.11 18:21:34.065,1.3532,1.35322,1.00,3.87
2014.06.11 18:21:34.725,1.35319,1.35321,1.00,1.80
2014.06.11 18:21:40.343,1.35318,1.3532,4.32,1.00
2014.06.11 18:21:40.647,1.3532,1.35321,1.00,1.80
2014.06.11 18:21:42.574,1.3532,1.35322,1.00,3.19
2014.06.11 18:21:44.272,1.3532,1.35322,1.00,1.62
2014.06.11 18:21:44.827,1.3532,1.35322,1.50,1.62
2014.06.11 18:21:45.723,1.3532,1.35322,1.25,2.93
2014.06.11 18:21:46.227,1.3532,1.35322,1.25,1.13
2014.06.11 18:21:47.752,1.3532,1.35322,1.25,1.43
2014.06.11 18:21:48.324,1.3532,1.35322,1.00,1.62
2014.06.11 18:21:48.831,1.3532,1.35322,1.00,1.62
2014.06.11 18:21:49.365,1.3532,1.35322,1.00,2.37
2014.06.11 18:21:49.466,1.35321,1.35323,1.00,4.20
2014.06.11 18:21:51.068,1.3532,1.35322,1.00,1.62
2014.06.11 18:21:51.577,1.3532,1.35322,1.25,1.43
2014.06.11 18:21:52.338,1.3532,1.35322,1.25,1.13
2014.06.11 18:21:52.850,1.3532,1.35322,1.25,1.30
2014.06.11 18:21:53.469,1.3532,1.35322,1.00,1.24
2014.06.11 18:21:56.157,1.3532,1.35322,1.00,1.62
2014.06.11 18:21:57.214,1.3532,1.35322,2.25,1.32
2014.06.11 18:22:06.819,1.35319,1.35322,3.57,1.50
2014.06.11 18:22:07.888,1.35319,1.35322,2.82,1.69
2014.06.11 18:22:08.761,1.35319,1.35322,2.82,1.99
2014.06.11 18:22:09.269,1.35319,1.35322,2.82,1.69
2014.06.11 18:22:10.200,1.35319,1.35322,3.57,1.80
2014.06.11 18:22:11.374,1.35319,1.35322,3.57,1.80
2014.06.11 18:22:12.939,1.35319,1.35322,5.07,1.80
2014.06.11 18:22:16.125,1.35319,1.35322,5.07,1.80
2014.06.11 18:22:16.795,1.35319,1.35322,5.07,1.50
2014.06.11 18:22:19.275,1.35319,1.35322,5.07,1.80
2014.06.11 18:22:19.920,1.35319,1.35322,5.07,1.80
2014.06.11 18:22:20.478,1.35319,1.35322,5.07,1.80
2014.06.11 18:22:21.003,1.35319,1.35322,5.07,1.50
2014.06.11 18:22:21.900,1.35319,1.35322,5.07,1.80
2014.06.11 18:22:22.610,1.35319,1.35322,5.07,1.50
2014.06.11 18:22:23.644,1.35319,1.35322,4.32,3.60
2014.06.11 18:22:24.149,1.35319,1.3532,1.25,1.73
2014.06.11 18:22:24.654,1.35319,1.35321,2.44,1.80
2014.06.11 18:22:25.208,1.35319,1.35322,3.57,2.07
2014.06.11 18:22:25.826,1.35319,1.35322,4.32,1.88
2014.06.11 18:22:26.419,1.35319,1.35322,4.32,1.80
2014.06.11 18:22:26.823,1.35319,1.35322,4.32,1.13
2014.06.11 18:22:27.330,1.35319,1.35322,5.07,1.30
2014.06.11 18:22:27.539,1.35319,1.3532,2.82,1.05
2014.06.11 18:22:28.360,1.35319,1.35321,1.32,1.50
2014.06.11 18:22:28.978,1.35319,1.35322,2.82,1.32
2014.06.11 18:22:29.504,1.35319,1.35322,2.82,1.55
2014.06.11 18:22:29.708,1.35319,1.35322,2.82,1.99
2014.06.11 18:22:30.215,1.3532,1.35322,1.00,2.07
2014.06.11 18:22:30.316,1.35321,1.35322,1.00,1.13
2014.06.11 18:22:30.518,1.35327,1.35331,13.20,2.25
2014.06.11 18:22:30.723,1.3533,1.35333,1.00,5.07
2014.06.11 18:22:30.774,1.3533,1.35333,1.00,3.57
2014.06.11 18:22:30.992,1.35332,1.35334,1.00,5.63
2014.06.11 18:22:31.964,1.3533,1.35333,1.00,3.57
2014.06.11 18:22:40.732,1.35329,1.35332,3.49,1.43
2014.06.11 18:22:40.783,1.35329,1.35331,1.69,3.38
2014.06.11 18:22:40.834,1.35328,1.3533,3.94,5.63
2014.06.11 18:22:41.087,1.35324,1.35326,1.00,4.17
2014.06.11 18:22:41.887,1.35321,1.35325,2.44,8.63
2014.06.11 18:22:42.190,1.35321,1.35324,1.50,2.82
2014.06.11 18:22:42.493,1.35318,1.3532,2.07,1.00
2014.06.11 18:22:44.245,1.35318,1.3532,2.07,1.30
2014.06.11 18:22:47.289,1.35319,1.35321,1.00,3.19
2014.06.11 18:22:47.795,1.3532,1.35322,1.05,3.57
2014.06.11 18:22:48.423,1.3532,1.35322,1.50,1.69
2014.06.11 18:22:58.735,1.35321,1.35324,1.00,3.60
2014.06.11 18:22:59.151,1.3532,1.35322,1.69,1.00
2014.06.11 18:23:00.240,1.35321,1.35324,1.00,3.60
2014.06.11 18:23:00.393,1.3532,1.35322,4.69,1.00
2014.06.11 18:23:00.767,1.35321,1.35324,1.69,2.18
2014.06.11 18:23:00.818,1.35321,1.35324,1.69,2.18
2014.06.11 18:23:01.389,1.35321,1.35324,1.69,1.43
2014.06.11 18:23:01.713,1.35321,1.35324,2.82,1.43
2014.06.11 18:23:02.250,1.35326,1.35328,3.01,7.50
2014.06.11 18:23:02.504,1.35328,1.35331,3.57,1.50
2014.06.11 18:23:02.605,1.35328,1.35331,3.87,1.80
2014.06.11 18:23:03.316,1.35329,1.35332,1.69,2.37
2014.06.11 18:23:03.669,1.35329,1.3533,1.69,1.50
2014.06.11 18:23:04.124,1.35328,1.35332,3.30,12.00
2014.06.11 18:23:04.631,1.35329,1.35332,1.50,2.74
2014.06.11 18:23:05.135,1.35329,1.35332,1.69,1.99
2014.06.11 18:23:06.461,1.35329,1.35332,1.69,1.99
2014.06.11 18:23:06.965,1.35329,1.35332,1.69,1.99
2014.06.11 18:23:07.980,1.35329,1.35332,1.69,1.99
2014.06.11 18:23:10.903,1.35329,1.35332,1.69,2.37
2014.06.11 18:23:11.798,1.35329,1.35332,1.69,2.37
2014.06.11 18:23:12.306,1.35328,1.35332,5.07,3.87
2014.06.11 18:23:13.822,1.35329,1.35332,1.25,3.12
2014.06.11 18:23:14.377,1.35329,1.35332,1.25,3.12
2014.06.11 18:23:15.532,1.35329,1.35332,1.25,3.12
2014.06.11 18:23:16.239,1.35329,1.35332,1.25,3.12
2014.06.11 18:23:16.905,1.35329,1.35332,1.25,3.12
2014.06.11 18:23:18.247,1.35329,1.35332,2.44,1.62
2014.06.11 18:23:20.140,1.35329,1.35332,2.44,1.62
2014.06.11 18:23:21.857,1.35329,1.35332,1.69,2.37
2014.06.11 18:23:22.792,1.35328,1.35332,5.07,3.87
2014.06.11 18:23:23.304,1.35328,1.35332,5.07,3.87
2014.06.11 18:23:23.863,1.35328,1.35332,5.07,3.87
2014.06.11 18:23:24.418,1.35328,1.35332,5.07,3.57
2014.06.11 18:23:25.486,1.35328,1.35332,5.07,3.87
2014.06.11 18:23:26.225,1.35328,1.35332,5.07,3.87
2014.06.11 18:23:27.094,1.35328,1.35332,5.07,3.87
2014.06.11 18:23:28.703,1.35328,1.35332,5.07,3.87
2014.06.11 18:23:29.881,1.3533,1.35332,1.00,1.25
2014.06.11 18:23:32.971,1.35329,1.35332,3.12,1.25
2014.06.11 18:23:33.481,1.35329,1.35332,3.12,1.25
2014.06.11 18:23:34.093,1.35329,1.35332,3.12,1.25
2014.06.11 18:23:34.735,1.3533,1.35332,1.50,1.25
2014.06.11 18:23:35.404,1.35329,1.35332,2.82,1.25
2014.06.11 18:23:36.286,1.35329,1.35332,3.12,1.25
2014.06.11 18:23:37.026,1.35329,1.35332,2.74,1.32
2014.06.11 18:23:39.873,1.3533,1.35332,1.00,1.25
2014.06.11 18:23:43.193,1.35329,1.35332,2.74,1.32
2014.06.11 18:23:44.871,1.3533,1.35332,1.05,1.32
2014.06.11 18:23:51.299,1.35329,1.35332,2.82,1.25
2014.06.11 18:23:51.811,1.3533,1.35332,1.50,1.25
2014.06.11 18:23:52.923,1.35329,1.35332,3.12,1.25
2014.06.11 18:23:53.627,1.35329,1.35332,3.12,1.25
2014.06.11 18:24:00.487,1.35329,1.35332,3.12,1.25
2014.06.11 18:24:01.033,1.3533,1.35332,1.80,1.25
2014.06.11 18:24:04.117,1.35331,1.35334,1.00,7.80
2014.06.11 18:24:07.722,1.3533,1.35333,1.50,3.57
2014.06.11 18:24:08.865,1.35332,1.35334,1.00,6.90
2014.06.11 18:24:11.144,1.35329,1.35333,3.87,5.07
2014.06.11 18:24:12.347,1.35329,1.35333,4.62,4.32
2014.06.11 18:24:21.204,1.35329,1.35333,3.57,5.07
2014.06.11 18:24:26.287,1.35329,1.35333,5.37,4.32
2014.06.11 18:24:27.441,1.35329,1.35333,3.57,4.32
2014.06.11 18:24:30.945,1.3533,1.35333,2.07,1.69
2014.06.11 18:24:31.920,1.35329,1.35333,3.87,4.32
2014.06.11 18:24:32.426,1.35329,1.35332,2.37,2.07
2014.06.11 18:24:45.938,1.35329,1.35332,2.07,1.69
2014.06.11 18:24:46.452,1.35332,1.35335,2.50,11.25
2014.06.11 18:24:46.980,1.35331,1.35334,1.13,3.79
2014.06.11 18:24:47.557,1.35333,1.35334,2.25,2.29
2014.06.11 18:24:48.475,1.35331,1.35334,1.50,3.42
2014.06.11 18:24:50.552,1.35329,1.35332,5.07,1.00
2014.06.11 18:24:50.612,1.35328,1.35331,7.62,1.00
2014.06.11 18:24:50.664,1.35328,1.3533,3.12,1.00
2014.06.11 18:24:51.038,1.35328,1.3533,1.99,1.00
2014.06.11 18:24:58.864,1.35329,1.35331,1.80,1.69
2014.06.11 18:24:59.823,1.35329,1.35332,2.37,1.69
2014.06.11 18:25:19.922,1.35329,1.35333,3.12,2.82
2014.06.11 18:25:29.713,1.3533,1.35333,1.30,3.57
2014.06.11 18:25:48.038,1.35328,1.35332,6.12,3.57
2014.06.11 18:25:51.193,1.35328,1.35332,6.12,3.57
2014.06.11 18:25:51.562,1.35329,1.35332,1.99,2.07
2014.06.11 18:25:52.055,1.35329,1.35332,1.99,2.07
2014.06.11 18:25:53.677,1.35329,1.35332,2.74,1.32
2014.06.11 18:25:53.911,1.35329,1.35333,2.44,3.57
2014.06.11 18:26:06.052,1.35329,1.35331,2.37,1.00
2014.06.11 18:26:06.759,1.35328,1.3533,1.69,1.00
2014.06.11 18:26:07.539,1.35329,1.3533,1.50,1.00
2014.06.11 18:26:07.741,1.35328,1.3533,3.57,4.13
2014.06.11 18:26:07.944,1.35325,1.35328,2.25,5.60
2014.06.11 18:26:08.298,1.35325,1.35326,1.00,1.00
2014.06.11 18:26:08.816,1.35324,1.35326,1.69,1.00
2014.06.11 18:26:09.673,1.35324,1.35326,1.50,1.55
2014.06.11 18:26:10.833,1.35324,1.35327,1.50,2.97
2014.06.11 18:26:11.137,1.35324,1.35327,3.00,2.22
2014.06.11 18:26:11.289,1.35325,1.35328,8.10,1.50
2014.06.11 18:26:11.390,1.35327,1.35329,5.44,1.00
2014.06.11 18:26:11.592,1.35328,1.3533,1.00,2.97
2014.06.11 18:26:12.429,1.35328,1.3533,1.00,3.34
2014.06.11 18:26:16.085,1.35328,1.3533,1.00,3.79
2014.06.11 18:26:16.619,1.35328,1.3533,1.00,4.09
2014.06.11 18:26:17.123,1.35328,1.3533,1.00,9.42
2014.06.11 18:26:17.187,1.35327,1.35329,1.50,1.19
2014.06.11 18:26:18.022,1.35326,1.35328,1.05,1.32
2014.06.11 18:26:18.176,1.35326,1.35327,1.50,1.25
2014.06.11 18:26:18.556,1.35325,1.35328,1.50,1.32
2014.06.11 18:26:19.062,1.35325,1.35329,3.87,3.19
2014.06.11 18:26:19.734,1.35325,1.35329,1.88,11.45
2014.06.11 18:26:19.986,1.35325,1.35328,1.50,3.87
2014.06.11 18:26:20.289,1.35323,1.35328,7.32,4.93
2014.06.11 18:26:21.059,1.35325,1.35328,1.50,5.38
2014.06.11 18:26:26.444,1.35323,1.35327,5.07,1.55
2014.06.11 18:26:27.017,1.35325,1.35327,1.50,1.99
2014.06.11 18:26:27.559,1.35323,1.35326,2.82,1.55
2014.06.11 18:26:28.166,1.35325,1.35326,1.50,1.25
2014.06.11 18:26:28.816,1.35323,1.35326,2.82,1.55
2014.06.11 18:26:29.321,1.35325,1.35326,1.50,1.25
2014.06.11 18:26:29.666,1.35325,1.35326,1.50,1.25
2014.06.11 18:26:31.866,1.35324,1.35326,1.00,1.55
2014.06.11 18:26:32.619,1.35325,1.35326,1.50,1.25
2014.06.11 18:26:43.457,1.35322,1.35325,7.17,1.00
2014.06.11 18:26:43.610,1.35322,1.35324,3.57,1.00
2014.06.11 18:26:43.863,1.35322,1.35324,1.00,2.44
2014.06.11 18:26:59.153,1.35321,1.35322,1.88,1.00
2014.06.11 18:27:02.492,1.35322,1.35324,1.00,2.25
2014.06.11 18:27:14.424,1.35323,1.35324,1.13,2.29
2014.06.11 18:27:15.266,1.35322,1.35324,1.50,2.29
2014.06.11 18:27:16.254,1.35323,1.35324,1.13,2.29
2014.06.11 18:27:22.864,1.35322,1.35324,1.50,3.04
2014.06.11 18:27:23.370,1.35323,1.35324,2.63,3.04
2014.06.11 18:27:25.606,1.35322,1.35324,2.63,2.29
2014.06.11 18:27:26.112,1.35323,1.35326,2.63,2.67
2014.06.11 18:27:32.791,1.35325,1.35326,1.00,3.04
2014.06.11 18:27:33.322,1.35323,1.35326,1.63,3.42
2014.06.11 18:27:40.424,1.35325,1.35326,1.00,2.29
2014.06.11 18:27:46.549,1.35323,1.35326,1.13,2.29
2014.06.11 18:27:47.549,1.35323,1.35326,2.13,2.29
2014.06.11 18:27:51.278,1.35323,1.35326,1.38,3.04
2014.06.11 18:27:52.561,1.35323,1.35325,1.13,1.25
2014.06.11 18:27:53.836,1.35322,1.35325,2.07,1.69
2014.06.11 18:27:54.340,1.35321,1.35323,2.55,2.10
2014.06.11 18:27:54.646,1.35317,1.35319,1.50,3.57
2014.06.11 18:27:54.950,1.35317,1.35319,3.75,1.25
2014.06.11 18:27:55.152,1.35317,1.35319,3.00,1.54
2014.06.11 18:27:55.405,1.35317,1.35319,3.25,1.00
2014.06.11 18:27:55.829,1.35317,1.35319,4.00,1.35
2014.06.11 18:27:56.206,1.35317,1.3532,3.00,6.19
2014.06.11 18:27:56.842,1.35317,1.35319,1.88,4.92
2014.06.11 18:27:56.893,1.35318,1.35319,1.00,5.10
2014.06.11 18:27:58.627,1.35317,1.35319,2.63,1.32
2014.06.11 18:27:58.728,1.35317,1.35321,4.81,10.13
2014.06.11 18:27:58.991,1.35317,1.35319,6.00,2.25
2014.06.11 18:27:59.043,1.35317,1.35319,4.38,3.94
2014.06.11 18:27:59.497,1.35317,1.35319,2.50,4.35
2014.06.11 18:28:00.002,1.35317,1.35318,1.50,1.69
2014.06.11 18:28:09.122,1.35317,1.35319,5.25,8.48
2014.06.11 18:28:09.223,1.35317,1.35319,8.88,1.00
2014.06.11 18:28:09.627,1.35319,1.35321,2.13,6.75
2014.06.11 18:28:11.279,1.35318,1.35319,1.50,1.00
2014.06.11 18:28:11.439,1.35317,1.35319,2.63,1.69
2014.06.11 18:28:11.905,1.35318,1.35321,1.00,6.94
2014.06.11 18:28:40.579,1.35318,1.35319,1.50,1.88
2014.06.11 18:28:40.630,1.35318,1.35319,1.50,4.32
2014.06.11 18:28:40.732,1.35316,1.35318,1.50,1.00
2014.06.11 18:28:41.100,1.35317,1.35319,3.00,3.38
2014.06.11 18:28:41.202,1.35317,1.35319,3.00,7.69
2014.06.11 18:28:41.505,1.35317,1.35319,3.00,9.94
2014.06.11 18:28:41.960,1.35313,1.35317,5.07,1.69
2014.06.11 18:28:42.112,1.35315,1.35317,2.63,1.32
2014.06.11 18:28:42.618,1.35315,1.35317,1.50,2.07
2014.06.11 18:28:43.628,1.35315,1.35317,1.50,2.07
2014.06.11 18:28:44.883,1.35315,1.35317,1.50,1.69
2014.06.11 18:28:45.049,1.35312,1.35314,3.19,1.00
2014.06.11 18:28:45.204,1.35312,1.35314,2.44,1.00
2014.06.11 18:28:46.011,1.35312,1.35314,1.69,1.00
2014.06.11 18:28:48.283,1.35312,1.35314,1.50,1.69
2014.06.11 18:28:53.040,1.35312,1.35314,1.50,1.25
2014.06.11 18:28:54.034,1.35312,1.35314,1.50,1.69
2014.06.11 18:29:09.304,1.35312,1.35314,1.50,1.25
2014.06.11 18:29:16.802,1.35312,1.35314,1.50,1.69
2014.06.11 18:29:35.947,1.35312,1.35314,1.50,1.25
2014.06.11 18:29:36.150,1.35312,1.35314,1.50,1.69
2014.06.11 18:29:36.605,1.35312,1.35314,1.50,1.25
2014.06.11 18:29:49.771,1.35311,1.35314,1.32,1.69
2014.06.11 18:29:50.283,1.35312,1.35314,1.00,1.69
2014.06.11 18:29:53.636,1.35312,1.35314,1.00,1.25
2014.06.11 18:29:57.968,1.35315,1.35317,8.00,1.00
2014.06.11 18:29:58.323,1.35318,1.35321,1.50,4.69
2014.06.11 18:30:14.299,1.35317,1.35321,8.93,10.36
2014.06.11 18:30:14.401,1.35316,1.35317,1.00,1.35
2014.06.11 18:30:14.452,1.35315,1.35317,2.07,1.35
2014.06.11 18:30:14.756,1.35314,1.35317,1.00,3.42
2014.06.11 18:30:15.068,1.35314,1.35317,1.00,4.92
2014.06.11 18:30:15.581,1.35313,1.35316,5.07,1.25
2014.06.11 18:30:19.620,1.35315,1.35317,1.00,5.48
2014.06.11 18:30:19.824,1.35317,1.35319,7.69,1.00
2014.06.11 18:30:20.382,1.35318,1.35321,1.00,5.25
2014.06.11 18:31:28.221,1.3532,1.35321,1.00,2.44
2014.06.11 18:31:31.815,1.35318,1.35321,2.63,3.19
2014.06.11 18:31:32.487,1.35317,1.35319,10.13,1.00
2014.06.11 18:31:32.993,1.35319,1.35321,1.00,2.25
2014.06.11 18:31:33.517,1.3532,1.35321,1.00,1.25
2014.06.11 18:31:37.614,1.35318,1.35321,2.63,1.69
2014.06.11 18:31:39.621,1.3532,1.35321,1.00,1.69
2014.06.11 18:31:46.479,1.35318,1.35321,2.63,1.69
2014.06.11 18:31:47.550,1.3532,1.35321,1.00,1.25
2014.06.11 18:31:53.860,1.35318,1.35321,2.63,3.19
2014.06.11 18:31:55.341,1.35316,1.3532,6.00,2.10
2014.06.11 18:31:55.494,1.35316,1.35317,1.00,2.10
2014.06.11 18:31:56.024,1.35315,1.35317,1.50,2.29
2014.06.11 18:31:57.672,1.35314,1.35317,2.63,2.29
2014.06.11 18:31:58.594,1.35315,1.35317,1.00,3.04
2014.06.11 18:32:01.801,1.35314,1.35317,2.63,2.29
2014.06.11 18:32:02.315,1.35315,1.35317,1.00,2.29
2014.06.11 18:32:03.579,1.35314,1.35317,2.63,3.04
2014.06.11 18:32:04.290,1.35315,1.35317,1.50,3.04
2014.06.11 18:32:05.612,1.35314,1.35317,2.63,3.04
2014.06.11 18:32:06.145,1.35315,1.35317,1.50,3.04
2014.06.11 18:32:18.628,1.35313,1.35316,4.32,1.25
2014.06.11 18:32:22.620,1.35313,1.35316,4.32,1.25
2014.06.11 18:32:22.722,1.35313,1.35315,1.32,1.00
2014.06.11 18:32:23.243,1.35311,1.35313,3.57,1.00
2014.06.11 18:32:23.546,1.35308,1.35312,15.69,7.51
2014.06.11 18:32:23.650,1.35307,1.35309,3.00,1.88
2014.06.11 18:32:23.852,1.35307,1.35309,7.32,2.25
2014.06.11 18:32:24.257,1.35308,1.35312,3.94,5.44
2014.06.11 18:32:32.660,1.35308,1.35312,5.07,5.07
2014.06.11 18:32:33.185,1.35308,1.35311,4.32,1.00
2014.06.11 18:32:34.136,1.35308,1.35312,5.07,5.07
2014.06.11 18:32:35.061,1.35308,1.35312,4.69,5.07
2014.06.11 18:32:36.063,1.35308,1.35312,4.69,7.32
2014.06.11 18:32:37.867,1.35308,1.35311,3.19,1.88
2014.06.11 18:32:45.163,1.35308,1.35311,2.44,2.07
2014.06.11 18:32:53.096,1.35308,1.35312,4.69,7.32
2014.06.11 18:32:53.570,1.35308,1.35312,5.07,7.32
2014.06.11 18:32:55.439,1.35308,1.35312,4.32,6.57
2014.06.11 18:32:58.951,1.35308,1.35312,5.07,5.07
2014.06.11 18:32:59.576,1.35309,1.35312,1.69,2.82
2014.06.11 18:33:01.052,1.3531,1.35313,1.25,2.82
2014.06.11 18:33:03.240,1.3531,1.35313,1.00,3.57
2014.06.11 18:33:16.174,1.3531,1.35313,2.44,1.32
2014.06.11 18:33:35.865,1.3531,1.35313,2.63,1.69
2014.06.11 18:33:37.651,1.35312,1.35314,1.00,7.28
2014.06.11 18:33:45.483,1.3531,1.35313,2.25,2.07
2014.06.11 18:33:48.090,1.3531,1.35313,2.44,1.32
2014.06.11 18:33:49.861,1.3531,1.35313,2.44,1.68
2014.06.11 18:33:51.642,1.3531,1.35312,2.25,1.62
2014.06.11 18:33:52.613,1.35309,1.35311,1.25,1.00
2014.06.11 18:33:59.929,1.35307,1.3531,8.93,1.37
2014.06.11 18:34:10.455,1.35308,1.3531,1.69,1.12
2014.06.11 18:34:39.810,1.35308,1.35309,1.50,1.00
2014.06.11 18:34:40.744,1.35307,1.35309,9.87,1.00
2014.06.11 18:34:41.307,1.35308,1.35309,1.50,1.00
2014.06.11 18:34:46.292,1.35306,1.35308,8.55,1.38
2014.06.11 18:34:46.596,1.35299,1.35301,5.59,1.35
2014.06.11 18:34:46.647,1.35298,1.353,1.88,2.50
2014.06.11 18:34:47.509,1.35298,1.35299,3.19,1.00
2014.06.11 18:34:47.712,1.35298,1.35299,3.79,1.00
2014.06.11 18:34:53.560,1.35299,1.353,2.10,1.00
2014.06.11 18:34:56.435,1.35298,1.353,1.69,1.00
2014.06.11 18:35:00.030,1.35299,1.35301,2.10,2.29
2014.06.11 18:35:03.004,1.35297,1.353,7.32,1.00
2014.06.11 18:35:03.559,1.35299,1.35301,1.50,2.29
2014.06.11 18:35:04.089,1.35298,1.353,1.05,1.00
2014.06.11 18:35:05.594,1.353,1.35302,2.28,1.25
2014.06.11 18:35:12.651,1.353,1.35302,5.47,1.00
2014.06.11 18:35:14.161,1.353,1.35302,6.22,1.00
2014.06.11 18:35:14.666,1.35301,1.35304,3.38,1.69
2014.06.11 18:35:15.214,1.35301,1.35304,3.57,1.25
2014.06.11 18:35:26.686,1.35302,1.35304,1.00,1.25
2014.06.11 18:36:14.684,1.35302,1.35304,3.75,1.25
2014.06.11 18:36:14.785,1.35302,1.35304,3.75,1.25
2014.06.11 18:36:14.886,1.35302,1.35304,3.75,1.25
2014.06.11 18:36:14.988,1.35302,1.35304,3.75,1.25
2014.06.11 18:36:15.089,1.35302,1.35304,3.75,1.25
2014.06.11 18:36:15.190,1.35302,1.35304,3.75,1.25
2014.06.11 18:36:15.291,1.35302,1.35304,3.75,1.25
2014.06.11 18:36:15.392,1.35302,1.35304,3.75,1.25
2014.06.11 18:36:15.493,1.35302,1.35304,3.75,1.25
2014.06.11 18:36:15.594,1.35302,1.35304,3.75,1.25
2014.06.11 18:36:15.695,1.35302,1.35304,3.75,1.25
2014.06.11 18:36:15.796,1.35302,1.35304,3.75,1.25
2014.06.11 18:36:15.897,1.35302,1.35304,3.75,1.25
2014.06.11 18:36:15.998,1.35302,1.35304,3.75,1.25
2014.06.11 18:36:16.104,1.35302,1.35304,3.75,1.25
2014.06.11 18:36:16.206,1.35302,1.35304,3.75,1.25
2014.06.11 18:36:16.307,1.35302,1.35304,3.75,1.25
2014.06.11 18:36:16.408,1.35302,1.35304,3.75,1.25
2014.06.11 18:36:16.509,1.35302,1.35304,3.75,1.25
2014.06.11 18:36:16.610,1.35302,1.35304,3.75,1.25
2014.06.11 18:36:16.936,1.35302,1.35304,3.75,1.25
2014.06.11 18:36:17.038,1.35302,1.35304,3.75,1.25
2014.06.11 18:36:17.139,1.35302,1.35304,3.75,1.25
2014.06.11 18:36:17.240,1.35302,1.35304,3.75,1.25
2014.06.11 18:36:17.341,1.35302,1.35304,3.75,1.25
2014.06.11 18:36:17.442,1.35302,1.35304,3.75,1.25
2014.06.11 18:36:17.543,1.35302,1.35304,3.94,1.00
2014.06.11 18:36:17.645,1.35302,1.35304,3.94,1.00
2014.06.11 18:36:17.746,1.35302,1.35304,3.94,1.00
2014.06.11 18:36:17.847,1.35302,1.35304,3.94,1.00
2014.06.11 18:36:17.949,1.35302,1.35304,3.94,1.00
2014.06.11 18:36:18.050,1.35302,1.35304,3.94,1.00
2014.06.11 18:36:18.151,1.35302,1.35304,3.94,1.00
2014.06.11 18:36:18.252,1.35302,1.35304,3.94,1.00
2014.06.11 18:36:18.353,1.35302,1.35304,3.94,1.00
2014.06.11 18:36:18.454,1.35302,1.35304,3.94,1.00
2014.06.11 18:36:18.555,1.35302,1.35304,3.94,1.00
2014.06.11 18:36:18.656,1.35302,1.35304,3.94,1.00
2014.06.11 18:36:18.757,1.35302,1.35304,3.94,1.00
2014.06.11 18:36:18.844,1.35302,1.35304,3.94,1.00
2014.06.11 18:36:18.945,1.35302,1.35304,3.94,1.00
2014.06.11 18:36:19.056,1.35302,1.35304,3.94,1.00
2014.06.11 18:36:19.157,1.35302,1.35304,3.94,1.00
2014.06.11 18:36:19.404,1.35302,1.35304,3.94,1.00
2014.06.11 18:36:19.555,1.35302,1.35304,3.94,1.00
2014.06.11 18:36:19.664,1.35302,1.35304,3.94,1.00
2014.06.11 18:36:19.765,1.35302,1.35304,3.94,1.00
2014.06.11 18:36:19.867,1.35302,1.35304,3.94,1.00
2014.06.11 18:36:19.968,1.35302,1.35304,3.94,1.00
2014.06.11 18:36:20.070,1.35302,1.35304,3.94,1.00
2014.06.11 18:36:20.172,1.35302,1.35304,3.94,1.00
2014.06.11 18:36:20.276,1.35302,1.35304,3.94,1.00
2014.06.11 18:36:20.377,1.35302,1.35304,3.94,1.00
2014.06.11 18:36:20.478,1.35302,1.35304,3.94,1.00
2014.06.11 18:36:20.680,1.35302,1.35304,3.94,1.00
2014.06.11 18:36:20.781,1.35302,1.35304,3.94,1.00
2014.06.11 18:36:21.005,1.35302,1.35304,3.94,1.00
2014.06.11 18:36:21.106,1.35302,1.35304,3.94,1.00
2014.06.11 18:36:21.207,1.35302,1.35304,3.94,1.00
2014.06.11 18:36:21.308,1.35302,1.35304,3.94,1.00
2014.06.11 18:36:21.409,1.35302,1.35304,3.94,1.00
2014.06.11 18:36:21.611,1.35302,1.35304,3.94,1.00
2014.06.11 18:36:21.914,1.35302,1.35304,3.94,1.00
2014.06.11 18:36:22.015,1.35302,1.35304,3.94,1.00
2014.06.11 18:36:22.166,1.35302,1.35304,3.94,1.00
2014.06.11 18:36:22.267,1.35302,1.35304,3.94,1.00
2014.06.11 18:36:22.369,1.35302,1.35304,3.94,1.00
2014.06.11 18:36:22.469,1.35302,1.35304,3.94,1.00
2014.06.11 18:36:22.571,1.35302,1.35304,3.94,1.00
2014.06.11 18:36:22.672,1.35302,1.35304,3.94,1.00
2014.06.11 18:36:22.773,1.35302,1.35304,3.94,1.00
2014.06.11 18:36:22.874,1.35302,1.35304,3.94,1.00
2014.06.11 18:36:22.975,1.35302,1.35304,3.94,1.00
2014.06.11 18:36:23.076,1.35302,1.35304,3.94,1.00
2014.06.11 18:36:23.177,1.35302,1.35304,3.94,1.00
2014.06.11 18:36:23.278,1.35302,1.35304,3.94,1.00
2014.06.11 18:36:23.379,1.35302,1.35304,3.94,1.00
2014.06.11 18:36:23.480,1.35302,1.35304,3.94,1.00
2014.06.11 18:36:23.536,1.35302,1.35304,3.94,1.00
2014.06.11 18:36:23.637,1.35302,1.35304,3.57,1.00
2014.06.11 18:36:23.750,1.35302,1.35304,3.57,1.00
2014.06.11 18:36:23.852,1.35302,1.35304,3.57,1.00
2014.06.11 18:36:23.954,1.35302,1.35304,3.57,1.00
2014.06.11 18:36:24.055,1.35302,1.35304,3.57,1.00
2014.06.11 18:36:24.157,1.35302,1.35304,3.57,1.00
2014.06.11 18:36:24.259,1.35302,1.35304,3.57,1.00
2014.06.11 18:36:24.361,1.35302,1.35304,3.57,1.00
2014.06.11 18:36:24.462,1.35302,1.35304,3.57,1.00
2014.06.11 18:36:24.563,1.35302,1.35304,3.57,1.00
2014.06.11 18:36:24.698,1.35302,1.35304,3.57,1.00
2014.06.11 18:36:24.799,1.35302,1.35304,3.57,1.00
2014.06.11 18:36:24.916,1.35302,1.35304,3.57,1.00
2014.06.11 18:36:24.966,1.35302,1.35304,3.57,1.00
2014.06.11 18:36:25.067,1.35302,1.35304,3.57,1.00
2014.06.11 18:36:25.168,1.35302,1.35304,3.57,1.00
2014.06.11 18:36:25.269,1.35302,1.35304,3.57,1.00
2014.06.11 18:36:25.370,1.35302,1.35304,3.57,1.00
2014.06.11 18:36:25.472,1.35302,1.35304,3.57,1.00
2014.06.11 18:36:25.573,1.35302,1.35304,3.57,1.00
2014.06.11 18:36:25.674,1.35302,1.35304,3.57,1.00
2014.06.11 18:36:25.775,1.35302,1.35304,3.57,1.00
2014.06.11 18:36:25.886,1.35302,1.35304,3.57,1.00
2014.06.11 18:36:25.987,1.35302,1.35304,3.57,1.00
2014.06.11 18:36:26.088,1.35302,1.35304,3.57,1.00
2014.06.11 18:36:26.189,1.35302,1.35304,3.57,1.00
2014.06.11 18:36:26.290,1.35302,1.35304,3.57,1.00
2014.06.11 18:36:26.391,1.35302,1.35304,3.57,1.00
2014.06.11 18:36:26.689,1.35302,1.35304,3.57,1.00
2014.06.11 18:36:26.796,1.35302,1.35304,3.57,1.00
2014.06.11 18:36:26.897,1.35302,1.35304,3.57,1.00
2014.06.11 18:36:26.998,1.35302,1.35304,3.57,1.00
2014.06.11 18:36:27.099,1.35302,1.35304,3.57,1.00
2014.06.11 18:36:27.200,1.35302,1.35304,3.57,1.00
2014.06.11 18:36:27.301,1.35302,1.35304,3.57,1.00
2014.06.11 18:36:27.403,1.35302,1.35304,3.57,1.00
2014.06.11 18:36:27.504,1.35302,1.35304,4.69,1.00
2014.06.11 18:36:27.807,1.35302,1.35304,7.32,1.00
2014.06.11 18:36:27.908,1.35302,1.35304,7.32,1.00
2014.06.11 18:36:28.009,1.35302,1.35304,7.32,1.00
2014.06.11 18:36:28.110,1.35302,1.35304,7.32,1.00
2014.06.11 18:36:28.211,1.35302,1.35304,7.32,1.00
2014.06.11 18:36:28.312,1.35302,1.35304,7.32,1.00
2014.06.11 18:36:28.413,1.35302,1.35304,7.32,1.00
2014.06.11 18:36:28.514,1.35302,1.35304,7.32,1.00
2014.06.11 18:36:29.513,1.35302,1.35304,6.57,1.00
2014.06.11 18:36:29.620,1.35302,1.35304,6.57,1.00
2014.06.11 18:36:29.823,1.35302,1.35304,6.57,1.00
2014.06.11 18:36:29.924,1.35302,1.35304,6.57,1.00
2014.06.11 18:36:30.025,1.35302,1.35304,6.57,1.00
2014.06.11 18:36:30.126,1.35302,1.35304,6.57,1.00
2014.06.11 18:36:30.177,1.35302,1.35304,6.57,1.00
2014.06.11 18:36:30.429,1.35302,1.35304,6.57,1.00
2014.06.11 18:36:30.533,1.35302,1.35304,6.57,1.00
2014.06.11 18:36:30.634,1.35302,1.35304,6.57,1.00
2014.06.11 18:36:30.787,1.35302,1.35304,6.57,1.00
2014.06.11 18:36:30.889,1.35302,1.35304,6.57,1.00
2014.06.11 18:36:30.990,1.35302,1.35304,6.57,1.00
2014.06.11 18:36:31.092,1.35302,1.35304,6.57,1.00
2014.06.11 18:36:31.193,1.35302,1.35304,6.57,1.00
2014.06.11 18:36:31.294,1.35302,1.35304,6.57,1.00
2014.06.11 18:36:31.395,1.35302,1.35304,6.57,1.00
2014.06.11 18:36:31.697,1.35302,1.35304,6.57,1.00
2014.06.11 18:36:31.999,1.35302,1.35304,6.57,1.00
2014.06.11 18:36:32.101,1.35302,1.35304,6.57,1.00
2014.06.11 18:36:32.203,1.35302,1.35304,6.57,1.00
2014.06.11 18:36:32.304,1.35302,1.35304,6.57,1.00
2014.06.11 18:36:32.405,1.35302,1.35304,6.57,1.00
2014.06.11 18:36:32.506,1.35302,1.35304,6.57,1.00
2014.06.11 18:36:32.607,1.35302,1.35304,6.57,1.00
2014.06.11 18:36:32.708,1.35302,1.35304,6.57,1.00
2014.06.11 18:36:32.809,1.35302,1.35304,6.57,1.00
2014.06.11 18:36:33.110,1.35302,1.35304,6.57,1.00
2014.06.11 18:36:33.211,1.35302,1.35304,6.57,1.00
2014.06.11 18:36:33.313,1.35302,1.35304,6.57,1.00
2014.06.11 18:36:33.415,1.35302,1.35304,6.57,1.00
2014.06.11 18:36:33.516,1.35302,1.35304,6.57,1.00
2014.06.11 18:36:33.617,1.35302,1.35304,6.57,1.00
2014.06.11 18:36:33.718,1.35302,1.35304,6.57,1.00
2014.06.11 18:36:33.819,1.35302,1.35304,6.57,1.00
2014.06.11 18:36:34.069,1.35302,1.35304,6.57,1.00
2014.06.11 18:36:34.473,1.35302,1.35304,7.32,1.00
2014.06.11 18:36:34.575,1.35302,1.35304,7.32,1.00
2014.06.11 18:36:34.676,1.35302,1.35304,7.32,1.00
2014.06.11 18:36:34.777,1.35302,1.35304,7.32,1.00
2014.06.11 18:36:34.907,1.35302,1.35304,7.30,1.00
2014.06.11 18:36:35.380,1.35302,1.35304,7.30,1.00
2014.06.11 18:36:35.481,1.35302,1.35304,6.55,1.00
2014.06.11 18:36:35.582,1.35302,1.35304,6.55,1.00
2014.06.11 18:36:35.683,1.35302,1.35304,6.55,1.00
2014.06.11 18:36:35.784,1.35302,1.35304,6.55,1.00
2014.06.11 18:36:35.885,1.35303,1.35304,1.13,1.00
2014.06.11 18:36:35.986,1.35303,1.35304,1.13,1.00
2014.06.11 18:36:36.188,1.35302,1.35304,6.55,1.00
2014.06.11 18:36:36.290,1.35302,1.35304,6.55,1.00
2014.06.11 18:36:36.491,1.35302,1.35304,6.55,1.00
2014.06.11 18:36:36.593,1.35302,1.35304,6.55,1.00
2014.06.11 18:36:36.694,1.35303,1.35304,1.88,1.00
2014.06.11 18:36:36.795,1.35303,1.35304,1.88,1.00
2014.06.11 18:36:36.901,1.35303,1.35304,1.88,1.00
2014.06.11 18:36:37.003,1.35303,1.35304,1.88,1.00
2014.06.11 18:36:37.511,1.35302,1.35304,6.55,1.00
2014.06.11 18:36:37.612,1.35302,1.35304,6.55,1.00
2014.06.11 18:36:37.713,1.35303,1.35304,1.88,1.00
2014.06.11 18:36:37.814,1.35303,1.35304,1.88,1.00
2014.06.11 18:36:38.964,1.35302,1.35304,5.80,1.00
2014.06.11 18:36:39.065,1.35302,1.35304,6.55,1.00
2014.06.11 18:36:39.128,1.35302,1.35304,6.55,1.00
2014.06.11 18:36:39.280,1.35302,1.35304,6.55,1.00
2014.06.11 18:36:39.381,1.35302,1.35304,6.55,1.00
2014.06.11 18:36:39.482,1.35302,1.35304,6.55,1.00
2014.06.11 18:36:39.583,1.35302,1.35304,6.55,1.00
2014.06.11 18:36:39.684,1.35302,1.35304,6.55,1.00
2014.06.11 18:36:39.786,1.35302,1.35304,6.55,1.00
2014.06.11 18:36:39.887,1.35302,1.35304,6.55,1.00
2014.06.11 18:36:39.988,1.35302,1.35304,6.55,1.00
2014.06.11 18:36:40.089,1.35302,1.35304,6.55,1.00
2014.06.11 18:36:40.190,1.35302,1.35304,6.57,1.00
2014.06.11 18:36:40.291,1.35302,1.35304,6.57,1.00
2014.06.11 18:36:40.392,1.35302,1.35304,6.57,1.00
2014.06.11 18:36:40.493,1.35302,1.35304,6.57,1.00
2014.06.11 18:36:40.594,1.35302,1.35304,6.57,1.00
2014.06.11 18:36:40.695,1.35302,1.35304,6.57,1.00
2014.06.11 18:36:40.796,1.35302,1.35304,6.57,1.00
2014.06.11 18:36:40.897,1.35302,1.35304,6.57,1.00
2014.06.11 18:36:40.998,1.35302,1.35304,6.57,1.00
2014.06.11 18:36:41.099,1.35302,1.35304,6.57,1.00
2014.06.11 18:36:41.380,1.35302,1.35304,6.57,1.00
2014.06.11 18:36:41.481,1.35302,1.35304,6.57,1.00
2014.06.11 18:36:41.583,1.35302,1.35304,6.57,1.00
2014.06.11 18:36:41.684,1.35302,1.35304,6.57,1.00
2014.06.11 18:36:41.903,1.35302,1.35304,6.57,1.00
2014.06.11 18:36:41.954,1.35302,1.35304,6.57,1.00
2014.06.11 18:36:42.004,1.35302,1.35304,6.57,1.00
2014.06.11 18:36:42.106,1.35302,1.35304,6.57,1.00
2014.06.11 18:36:42.308,1.35302,1.35304,7.32,1.00
2014.06.11 18:36:42.409,1.35302,1.35304,8.07,1.00
2014.06.11 18:36:42.510,1.35302,1.35304,8.07,1.00
2014.06.11 18:36:42.611,1.35302,1.35304,8.07,1.00
2014.06.11 18:36:42.712,1.35302,1.35304,8.07,1.00
2014.06.11 18:36:42.813,1.35302,1.35304,8.07,1.00
2014.06.11 18:36:42.921,1.35302,1.35304,8.07,1.00
2014.06.11 18:36:43.022,1.35302,1.35304,8.07,1.00
2014.06.11 18:36:43.124,1.35302,1.35304,8.07,1.00
2014.06.11 18:36:43.225,1.35302,1.35304,8.82,1.00
2014.06.11 18:36:43.326,1.35302,1.35304,8.82,1.00
2014.06.11 18:36:43.427,1.35302,1.35304,8.82,1.00
2014.06.11 18:36:43.528,1.35302,1.35304,8.82,1.00
2014.06.11 18:36:43.629,1.35302,1.35304,8.82,1.00
2014.06.11 18:36:43.731,1.35302,1.35304,8.82,1.00
2014.06.11 18:36:43.840,1.35302,1.35304,8.82,1.00
2014.06.11 18:36:43.942,1.35302,1.35304,8.82,1.00
2014.06.11 18:36:44.043,1.35302,1.35304,8.82,1.00
2014.06.11 18:36:44.146,1.35302,1.35304,8.82,1.00
2014.06.11 18:36:44.247,1.35302,1.35304,8.82,1.00
2014.06.11 18:36:44.349,1.35302,1.35304,8.82,1.00
2014.06.11 18:36:44.450,1.35302,1.35304,8.82,1.00
2014.06.11 18:36:44.552,1.35302,1.35304,8.82,1.00
2014.06.11 18:36:44.654,1.35302,1.35304,8.82,1.00
2014.06.11 18:36:46.523,1.35302,1.35304,5.82,1.00
2014.06.11 18:36:46.602,1.35302,1.35304,5.82,1.00
2014.06.11 18:36:46.703,1.35302,1.35304,5.82,1.00
2014.06.11 18:36:46.855,1.35302,1.35304,5.07,1.00
2014.06.11 18:36:46.956,1.35302,1.35304,5.07,1.00
2014.06.11 18:36:47.057,1.35302,1.35304,5.07,1.00
2014.06.11 18:36:47.159,1.35302,1.35304,5.07,1.00
2014.06.11 18:36:47.209,1.35302,1.35304,5.07,1.00
2014.06.11 18:36:47.310,1.35302,1.35304,5.07,1.00
2014.06.11 18:36:47.462,1.35302,1.35304,5.07,1.00
2014.06.11 18:36:47.563,1.35302,1.35304,5.07,1.00
2014.06.11 18:36:47.665,1.35302,1.35304,5.07,1.00
2014.06.11 18:36:49.448,1.35302,1.35304,5.82,1.00
2014.06.11 18:36:49.550,1.35302,1.35304,5.82,1.00
2014.06.11 18:36:49.651,1.35302,1.35304,5.82,1.00
2014.06.11 18:36:49.752,1.35304,1.35306,1.00,2.29
2014.06.11 18:36:49.854,1.35302,1.35305,6.57,1.13
2014.06.11 18:36:49.956,1.35302,1.35305,6.57,1.13
2014.06.11 18:36:50.057,1.35302,1.35305,6.57,1.13
2014.06.11 18:36:50.158,1.35302,1.35305,6.57,1.13
2014.06.11 18:36:52.985,1.35303,1.35305,3.57,1.50
2014.06.11 18:36:53.616,1.35303,1.35306,5.07,1.88
2014.06.11 18:36:53.667,1.35305,1.35307,2.13,1.00
2014.06.11 18:36:53.972,1.35306,1.35309,1.50,6.87
2014.06.11 18:36:54.022,1.35306,1.35307,1.00,1.00
2014.06.11 18:36:54.225,1.35306,1.35308,1.00,1.32
2014.06.11 18:36:54.326,1.35306,1.35308,1.00,2.07
2014.06.11 18:36:54.427,1.35306,1.35308,1.00,2.07
2014.06.11 18:36:54.528,1.35306,1.35308,1.00,2.44
2014.06.11 18:36:54.730,1.35306,1.35308,1.00,2.44
2014.06.11 18:36:54.944,1.35306,1.35308,1.00,2.44
2014.06.11 18:36:55.023,1.35305,1.35308,6.94,2.44
2014.06.11 18:36:55.124,1.35304,1.35308,6.00,2.82
2014.06.11 18:36:55.427,1.35305,1.35308,6.19,2.74
2014.06.11 18:36:55.528,1.35304,1.35308,8.63,3.12
2014.06.11 18:36:55.629,1.35305,1.35308,7.69,2.74
2014.06.11 18:36:55.731,1.35304,1.35308,7.13,3.12
2014.06.11 18:36:56.192,1.35305,1.35308,7.32,2.44
2014.06.11 18:36:56.697,1.35304,1.35307,3.19,3.57
2014.06.11 18:36:57.316,1.35304,1.35307,3.94,3.19
2014.06.11 18:36:58.485,1.35304,1.35307,2.07,3.94
2014.06.11 18:37:08.591,1.35304,1.35307,4.69,1.25
2014.06.11 18:37:08.693,1.35304,1.35307,4.32,1.63
2014.06.11 18:37:16.838,1.35306,1.35307,1.69,1.00
2014.06.11 18:37:16.890,1.35307,1.3531,4.73,11.25
2014.06.11 18:37:17.397,1.35306,1.35307,1.00,2.25
2014.06.11 18:37:17.549,1.35305,1.35307,3.94,2.25
2014.06.11 18:37:17.751,1.35307,1.35308,2.44,1.50
2014.06.11 18:37:18.092,1.35305,1.35307,2.82,1.00
2014.06.11 18:37:19.289,1.35304,1.35307,2.44,2.44
2014.06.11 18:37:20.995,1.35304,1.35307,1.69,3.19
2014.06.11 18:37:38.685,1.35306,1.35309,3.00,3.68
2014.06.11 18:37:39.214,1.35305,1.35307,1.69,1.00
2014.06.11 18:37:48.430,1.35306,1.35308,1.00,5.25
2014.06.11 18:37:48.735,1.35308,1.35309,4.88,2.63
2014.06.11 18:37:48.886,1.35307,1.35308,2.63,1.00
2014.06.11 18:37:48.988,1.35305,1.35307,3.38,1.25
2014.06.11 18:37:49.533,1.35304,1.35307,2.63,3.19
2014.06.11 18:37:52.797,1.35304,1.35307,1.69,2.44
2014.06.11 18:37:55.885,1.35304,1.35307,1.69,2.44
2014.06.11 18:37:55.936,1.35303,1.35305,2.25,1.00
2014.06.11 18:37:57.132,1.35304,1.35306,1.38,3.75
2014.06.11 18:37:57.779,1.35303,1.35306,4.32,1.69
2014.06.11 18:38:10.545,1.35303,1.35307,5.82,2.44
2014.06.11 18:38:11.054,1.35303,1.35306,4.32,1.50
2014.06.11 18:38:16.329,1.35303,1.35307,6.57,2.44
2014.06.11 18:38:18.511,1.35303,1.35306,5.07,1.00
2014.06.11 18:38:19.057,1.35303,1.35307,5.82,2.44
2014.06.11 18:38:20.994,1.35303,1.35307,5.82,2.44
2014.06.11 18:38:22.614,1.35303,1.35307,5.82,2.44
2014.06.11 18:38:24.159,1.35303,1.35307,5.82,2.44
2014.06.11 18:38:30.332,1.35304,1.35306,1.25,1.50
2014.06.11 18:38:32.431,1.35303,1.35306,3.57,1.69
2014.06.11 18:38:38.550,1.35303,1.35307,6.57,2.44
2014.06.11 18:38:39.663,1.35304,1.35307,1.25,2.44
2014.06.11 18:38:40.405,1.35304,1.35306,1.25,1.00
2014.06.11 18:38:41.275,1.35303,1.35306,5.82,1.50
2014.06.11 18:38:42.357,1.35304,1.35307,1.25,2.44
2014.06.11 18:38:42.877,1.35303,1.35307,7.32,2.44
2014.06.11 18:38:43.410,1.35304,1.35307,1.25,2.44
2014.06.11 18:38:43.924,1.35303,1.35306,5.82,1.50
2014.06.11 18:38:44.935,1.35303,1.35307,7.32,2.44
2014.06.11 18:38:45.465,1.35304,1.35306,1.25,1.00
2014.06.11 18:38:45.970,1.35303,1.35307,5.82,2.44
2014.06.11 18:38:50.412,1.35303,1.35307,7.32,2.44
2014.06.11 18:38:54.902,1.35303,1.35306,6.57,1.00
2014.06.11 18:38:55.460,1.35303,1.35307,6.57,2.44
2014.06.11 18:38:57.329,1.35304,1.35306,1.69,1.00
2014.06.11 18:38:58.370,1.35304,1.35307,1.69,2.44
2014.06.11 18:38:58.898,1.35304,1.35306,1.69,1.50
2014.06.11 18:39:03.683,1.35303,1.35307,5.82,2.44
2014.06.11 18:39:04.192,1.35303,1.35306,4.32,1.50
2014.06.11 18:39:05.778,1.35303,1.35307,6.94,2.44
2014.06.11 18:39:06.291,1.35303,1.35306,5.44,1.50
2014.06.11 18:39:09.652,1.35304,1.35307,2.82,1.25
2014.06.11 18:39:27.943,1.35304,1.35307,4.39,1.25
2014.06.11 18:39:28.477,1.35304,1.35307,2.89,2.44
2014.06.11 18:39:30.174,1.35304,1.35307,4.39,1.25
2014.06.11 18:39:42.830,1.35304,1.35307,6.64,1.00
2014.06.11 18:39:46.065,1.35304,1.35307,6.64,1.00
2014.06.11 18:39:46.521,1.35306,1.35309,1.32,8.14
2014.06.11 18:39:47.050,1.35306,1.35307,1.25,1.00
2014.06.11 18:39:47.555,1.35304,1.35307,3.19,1.25
2014.06.11 18:39:49.412,1.35305,1.35308,2.82,5.44
2014.06.11 18:39:50.810,1.35305,1.35308,5.44,4.88
2014.06.11 18:39:52.951,1.35305,1.35308,3.19,5.07
2014.06.11 18:39:53.457,1.35304,1.35307,3.19,2.25
2014.06.11 18:40:30.854,1.35304,1.35306,1.32,1.00
2014.06.11 18:40:37.388,1.35304,1.35307,1.69,5.81
2014.06.11 18:40:38.254,1.35304,1.35307,2.44,2.82
2014.06.11 18:40:45.228,1.35303,1.35307,6.57,2.44
2014.06.11 18:40:52.004,1.35304,1.35307,1.25,2.44
2014.06.11 18:40:54.325,1.35304,1.35307,1.63,2.44
2014.06.11 18:40:57.723,1.35304,1.35307,1.38,3.94
2014.06.11 18:40:58.225,1.35304,1.35307,1.13,3.94
2014.06.11 18:40:59.296,1.35304,1.35307,1.32,3.94
2014.06.11 18:40:59.398,1.35304,1.35307,2.07,1.69
2014.06.11 18:40:59.730,1.35304,1.35307,2.82,1.25
2014.06.11 18:41:05.682,1.35304,1.35307,1.63,2.44
2014.06.11 18:41:29.570,1.35304,1.35308,3.57,6.94
2014.06.11 18:41:32.224,1.35307,1.35309,1.00,5.10
2014.06.11 18:41:33.652,1.35304,1.35307,3.57,1.50
2014.06.11 18:41:40.174,1.35304,1.35308,5.07,7.24
2014.06.11 18:41:49.688,1.35304,1.35308,5.07,6.94
2014.06.11 18:41:50.276,1.35306,1.35308,1.00,7.05
2014.06.11 18:41:51.140,1.35306,1.35308,1.00,6.94
2014.06.11 18:41:52.047,1.35307,1.35309,1.00,5.10
2014.06.11 18:41:53.057,1.35304,1.35307,5.82,1.00
2014.06.11 18:42:05.197,1.35304,1.35307,4.32,1.55
2014.06.11 18:42:06.197,1.35304,1.35307,3.19,1.24
2014.06.11 18:42:06.921,1.35304,1.35307,1.69,2.74
2014.06.11 18:42:07.464,1.35304,1.35306,1.69,1.00
2014.06.11 18:42:08.323,1.35303,1.35307,7.32,3.19
2014.06.11 18:42:08.861,1.35303,1.35307,7.32,3.49
2014.06.11 18:42:10.249,1.35303,1.35307,5.07,2.55
2014.06.11 18:42:10.940,1.35303,1.35307,7.32,2.74
2014.06.11 18:42:11.467,1.35303,1.35307,6.57,2.74
2014.06.11 18:42:12.285,1.35303,1.35307,6.19,3.49
2014.06.11 18:42:16.298,1.35303,1.35307,6.57,3.19
