2012.07.27 04:00:00.538,1.22866,1.22877,2.25,1.88
2012.07.27 04:00:01.070,1.22866,1.22877,2.25,1.88
2012.07.27 04:00:01.769,1.22868,1.22876,1.50,1.50
2012.07.27 04:00:04.184,1.22867,1.22877,1.13,1.88
2012.07.27 04:00:04.706,1.22866,1.22877,1.13,1.88
2012.07.27 04:00:06.539,1.22867,1.22877,2.25,1.88
2012.07.27 04:00:07.345,1.22866,1.22877,1.50,1.88
2012.07.27 04:00:19.483,1.22866,1.22875,1.13,1.50
2012.07.27 04:00:19.840,1.2287,1.22878,2.25,1.50
2012.07.27 04:00:20.370,1.2287,1.22879,4.50,1.50
2012.07.27 04:00:20.433,1.2287,1.22881,4.50,3.30
2012.07.27 04:00:21.044,1.2287,1.2288,4.50,1.20
2012.07.27 04:00:56.722,1.22868,1.22875,2.25,1.50
2012.07.27 04:00:56.849,1.22866,1.22875,1.50,2.63
2012.07.27 04:00:56.973,1.22864,1.22874,2.25,2.63
2012.07.27 04:00:57.240,1.22862,1.22873,3.75,1.13
2012.07.27 04:00:57.835,1.22862,1.22872,2.25,2.25
2012.07.27 04:00:58.366,1.22861,1.22871,3.00,1.88
2012.07.27 04:01:01.238,1.2286,1.22871,3.00,1.50
2012.07.27 04:01:02.789,1.2286,1.22872,3.00,4.88
2012.07.27 04:01:09.498,1.22861,1.22871,2.25,1.13
2012.07.27 04:01:10.027,1.22861,1.22871,2.25,1.50
2012.07.27 04:01:17.405,1.22861,1.22871,2.25,3.75
2012.07.27 04:01:19.847,1.22861,1.22872,2.25,2.63
2012.07.27 04:01:20.373,1.22862,1.22873,1.50,3.00
2012.07.27 04:01:20.900,1.22861,1.22874,3.75,6.83
2012.07.27 04:01:22.058,1.22862,1.22872,2.25,2.63
2012.07.27 04:01:22.596,1.22862,1.22872,2.25,1.88
2012.07.27 04:01:27.913,1.22862,1.22871,2.25,1.50
2012.07.27 04:01:29.199,1.22862,1.22873,2.25,4.95
2012.07.27 04:01:29.321,1.22861,1.22872,2.25,2.25
2012.07.27 04:01:29.444,1.22861,1.22871,2.25,3.00
2012.07.27 04:01:29.973,1.2286,1.22872,3.00,3.38
2012.07.27 04:01:30.477,1.2286,1.22871,3.00,1.50
2012.07.27 04:01:37.635,1.2286,1.22871,3.00,1.50
2012.07.27 04:01:46.643,1.2286,1.22872,3.00,5.63
2012.07.27 04:01:47.058,1.22862,1.22873,2.25,2.33
2012.07.27 04:01:52.040,1.22862,1.22871,2.25,1.50
2012.07.27 04:01:52.934,1.22862,1.22873,3.75,4.95
2012.07.27 04:01:54.381,1.22862,1.22874,3.75,2.12
2012.07.27 04:01:54.620,1.22862,1.22871,2.25,2.25
2012.07.27 04:01:55.054,1.22859,1.22867,3.00,1.50
2012.07.27 04:01:55.358,1.22857,1.22865,2.63,3.00
2012.07.27 04:01:55.541,1.22853,1.22863,1.80,1.50
2012.07.27 04:01:56.074,1.22855,1.22864,3.75,1.50
2012.07.27 04:01:56.373,1.22855,1.22866,5.25,3.00
2012.07.27 04:01:56.437,1.22857,1.22866,1.50,2.25
2012.07.27 04:01:56.503,1.22859,1.22867,1.50,1.13
2012.07.27 04:01:56.859,1.22861,1.22868,1.50,1.50
2012.07.27 04:01:57.042,1.22858,1.22868,3.00,1.50
2012.07.27 04:02:27.901,1.22858,1.22868,3.00,1.50
2012.07.27 04:02:28.854,1.22858,1.2287,5.25,2.63
2012.07.27 04:02:37.782,1.22858,1.22869,1.50,4.13
2012.07.27 04:02:48.790,1.22858,1.22869,1.50,4.50
2012.07.27 04:02:50.191,1.22857,1.2287,3.75,3.00
2012.07.27 04:02:50.423,1.22857,1.2287,3.75,3.00
2012.07.27 04:02:53.215,1.22857,1.22868,3.75,1.13
2012.07.27 04:03:02.778,1.22857,1.22867,2.25,2.63
2012.07.27 04:03:03.313,1.22856,1.22868,3.75,1.13
2012.07.27 04:03:20.812,1.22857,1.22867,1.50,2.63
2012.07.27 04:03:25.315,1.22856,1.2287,4.50,5.25
2012.07.27 04:03:26.764,1.22856,1.22867,4.50,4.13
2012.07.27 04:03:28.080,1.22857,1.2287,1.50,3.00
2012.07.27 04:03:28.436,1.2286,1.2287,1.50,2.25
2012.07.27 04:03:28.964,1.2286,1.2287,1.50,2.63
2012.07.27 04:03:29.504,1.22859,1.2287,4.13,2.63
2012.07.27 04:03:58.486,1.22859,1.22869,2.25,3.00
2012.07.27 04:03:59.304,1.22857,1.2287,5.63,2.63
2012.07.27 04:03:59.664,1.22855,1.22867,6.00,2.25
2012.07.27 04:03:59.788,1.22855,1.22867,4.50,2.25
2012.07.27 04:04:00.029,1.22854,1.22866,3.00,5.25
2012.07.27 04:04:00.212,1.22853,1.22865,3.00,4.13
2012.07.27 04:04:01.032,1.22852,1.22865,2.25,4.50
2012.07.27 04:04:04.310,1.22852,1.22863,2.25,2.63
2012.07.27 04:04:05.621,1.22854,1.22865,1.50,3.00
2012.07.27 04:04:05.686,1.22858,1.22866,2.25,2.63
2012.07.27 04:04:05.812,1.22858,1.22867,2.25,1.88
2012.07.27 04:04:06.053,1.22861,1.22869,2.25,2.25
2012.07.27 04:04:06.297,1.22862,1.22871,1.13,1.50
2012.07.27 04:04:06.479,1.22863,1.22872,1.13,1.50
2012.07.27 04:04:06.835,1.22864,1.22874,3.00,1.50
2012.07.27 04:04:07.363,1.22864,1.22875,3.00,3.38
2012.07.27 04:04:09.658,1.22864,1.22874,3.00,1.50
2012.07.27 04:04:18.855,1.22864,1.22875,3.75,2.63
2012.07.27 04:04:48.070,1.22871,1.22876,2.25,1.50
2012.07.27 04:04:48.198,1.22871,1.22878,2.25,1.13
2012.07.27 04:04:48.322,1.2287,1.22878,3.00,2.25
2012.07.27 04:04:48.445,1.22872,1.22879,2.25,1.50
2012.07.27 04:04:48.628,1.2287,1.22878,3.00,1.50
2012.07.27 04:04:48.924,1.22868,1.22879,1.13,3.38
2012.07.27 04:04:48.990,1.22866,1.22877,3.44,5.25
2012.07.27 04:04:49.521,1.22867,1.22875,1.19,2.25
2012.07.27 04:04:49.644,1.22865,1.22876,3.75,1.88
2012.07.27 04:04:50.158,1.22865,1.22876,3.00,1.50
2012.07.27 04:04:58.888,1.22864,1.22875,4.13,1.13
2012.07.27 04:05:00.700,1.22864,1.22875,4.13,1.13
2012.07.27 04:05:01.029,1.22862,1.22873,2.25,2.25
2012.07.27 04:05:03.747,1.22861,1.22871,2.25,1.88
2012.07.27 04:05:08.861,1.22861,1.22871,2.25,2.25
2012.07.27 04:05:16.432,1.2286,1.2287,3.00,1.50
2012.07.27 04:05:19.697,1.22861,1.22871,2.25,1.50
2012.07.27 04:05:20.337,1.22862,1.22872,1.50,2.25
2012.07.27 04:05:20.809,1.22865,1.22873,1.50,1.50
2012.07.27 04:05:21.211,1.22863,1.22873,3.38,1.50
2012.07.27 04:05:39.427,1.22863,1.22874,2.25,2.25
2012.07.27 04:05:39.972,1.22865,1.22876,3.00,3.38
2012.07.27 04:05:40.328,1.22864,1.22876,2.25,1.88
2012.07.27 04:05:40.886,1.22863,1.22876,4.88,2.25
2012.07.27 04:05:41.421,1.22864,1.22876,1.50,1.88
2012.07.27 04:05:42.335,1.22863,1.22876,7.50,3.75
2012.07.27 04:05:42.577,1.22862,1.22874,1.13,4.50
2012.07.27 04:05:42.642,1.22861,1.22873,3.00,3.38
2012.07.27 04:05:43.310,1.22862,1.22874,2.25,6.38
2012.07.27 04:05:43.377,1.22862,1.22875,4.50,3.38
2012.07.27 04:05:49.471,1.22861,1.22872,4.50,3.75
2012.07.27 04:05:49.995,1.22861,1.22873,2.25,2.25
2012.07.27 04:05:52.200,1.22862,1.22874,1.50,3.00
2012.07.27 04:05:55.388,1.22861,1.22873,1.50,2.63
2012.07.27 04:05:55.567,1.22861,1.22872,1.50,1.50
2012.07.27 04:05:56.096,1.2286,1.22872,2.25,3.00
2012.07.27 04:06:03.960,1.22859,1.2287,5.25,1.50
2012.07.27 04:06:06.676,1.22859,1.22871,4.50,2.63
2012.07.27 04:06:11.428,1.22859,1.2287,4.50,2.63
2012.07.27 04:06:18.352,1.22859,1.2287,4.50,3.38
2012.07.27 04:06:18.883,1.22858,1.2287,1.50,1.50
2012.07.27 04:06:21.223,1.22859,1.2287,2.25,3.00
2012.07.27 04:06:21.748,1.22859,1.22868,1.50,1.50
2012.07.27 04:06:27.331,1.22859,1.22871,1.50,4.13
2012.07.27 04:06:27.452,1.2286,1.22872,1.50,1.88
2012.07.27 04:06:27.691,1.22862,1.22873,1.50,2.25
2012.07.27 04:06:28.169,1.22863,1.22874,1.50,1.88
2012.07.27 04:06:28.527,1.22862,1.22873,5.63,1.50
2012.07.27 04:06:28.828,1.22862,1.22872,3.00,2.63
2012.07.27 04:06:29.183,1.22859,1.2287,5.25,2.25
2012.07.27 04:06:29.833,1.22859,1.2287,6.00,2.25
2012.07.27 04:06:30.833,1.2286,1.22872,3.00,1.88
2012.07.27 04:06:31.478,1.22861,1.22872,1.88,1.88
2012.07.27 04:06:31.601,1.22861,1.2287,1.88,1.50
2012.07.27 04:06:33.351,1.22861,1.22868,2.25,1.50
2012.07.27 04:06:33.976,1.2286,1.2287,2.25,2.25
2012.07.27 04:06:34.977,1.2286,1.2287,3.00,2.25
2012.07.27 04:06:35.104,1.22863,1.22873,1.50,5.10
2012.07.27 04:06:35.229,1.22864,1.22875,4.35,1.50
2012.07.27 04:06:35.355,1.22866,1.22877,3.00,3.23
2012.07.27 04:06:35.418,1.22867,1.22879,2.25,6.35
2012.07.27 04:06:35.776,1.22869,1.22877,1.50,1.50
2012.07.27 04:06:36.131,1.22871,1.22879,2.25,1.50
2012.07.27 04:06:36.640,1.22871,1.22881,2.25,4.50
2012.07.27 04:06:37.237,1.22871,1.22881,2.25,4.50
2012.07.27 04:06:39.393,1.22871,1.22881,2.25,4.88
2012.07.27 04:06:46.308,1.22871,1.22881,2.25,4.50
2012.07.27 04:07:00.736,1.22871,1.22881,2.25,3.75
2012.07.27 04:07:01.272,1.22871,1.22881,2.25,3.75
2012.07.27 04:07:11.824,1.22868,1.22878,3.00,1.50
2012.07.27 04:07:12.182,1.22866,1.22877,3.00,1.88
2012.07.27 04:07:12.305,1.22866,1.22877,4.88,2.63
2012.07.27 04:07:12.369,1.22866,1.22877,2.63,4.50
2012.07.27 04:07:12.672,1.22864,1.22872,3.00,1.13
2012.07.27 04:07:12.796,1.22863,1.22873,2.25,3.75
2012.07.27 04:07:12.978,1.22861,1.22872,2.25,1.88
2012.07.27 04:07:13.530,1.2286,1.22873,3.75,8.25
2012.07.27 04:07:13.713,1.2286,1.22873,4.50,3.75
2012.07.27 04:07:13.835,1.22863,1.22876,2.25,9.00
2012.07.27 04:07:14.305,1.22865,1.22876,1.50,6.00
2012.07.27 04:07:15.743,1.22865,1.22876,1.50,6.00
2012.07.27 04:07:15.922,1.22863,1.22875,4.50,2.25
2012.07.27 04:07:31.171,1.22864,1.22874,1.50,3.00
2012.07.27 04:07:31.409,1.22867,1.22876,1.50,1.50
2012.07.27 04:07:31.535,1.22867,1.22877,1.50,1.50
2012.07.27 04:07:32.065,1.22865,1.22878,6.38,1.50
2012.07.27 04:07:32.187,1.22865,1.22878,5.63,1.50
2012.07.27 04:07:32.714,1.22865,1.22876,2.25,2.25
2012.07.27 04:07:33.898,1.22865,1.22876,3.00,2.25
2012.07.27 04:07:34.022,1.22869,1.22878,2.25,2.25
2012.07.27 04:07:34.501,1.22869,1.22879,2.25,3.00
2012.07.27 04:07:35.147,1.2287,1.22879,2.25,3.00
2012.07.27 04:07:35.680,1.2287,1.22881,6.00,1.50
2012.07.27 04:07:36.220,1.2287,1.22882,4.50,1.88
2012.07.27 04:07:36.575,1.22871,1.22882,1.50,1.88
2012.07.27 04:07:42.039,1.22871,1.22882,3.00,1.88
2012.07.27 04:07:42.598,1.22871,1.22882,2.25,1.88
2012.07.27 04:07:43.138,1.22873,1.22883,1.50,1.13
2012.07.27 04:07:43.440,1.22875,1.22884,1.50,3.00
2012.07.27 04:07:43.562,1.22875,1.22884,1.50,1.13
2012.07.27 04:07:43.990,1.22873,1.22884,1.50,2.63
2012.07.27 04:07:48.472,1.22873,1.22884,2.25,1.50
2012.07.27 04:07:48.995,1.22875,1.22886,1.88,3.98
2012.07.27 04:07:49.463,1.22873,1.22884,2.63,3.00
2012.07.27 04:07:50.321,1.22873,1.22884,2.63,3.00
2012.07.27 04:07:51.107,1.22873,1.22884,2.63,3.00
2012.07.27 04:07:52.005,1.22873,1.22884,2.63,2.25
2012.07.27 04:07:52.699,1.22875,1.22885,1.13,2.25
2012.07.27 04:07:53.051,1.22875,1.22885,1.88,1.50
2012.07.27 04:07:53.236,1.22877,1.22889,1.88,1.50
2012.07.27 04:07:53.359,1.22877,1.22887,1.13,2.25
2012.07.27 04:07:53.603,1.22876,1.22884,3.38,2.25
2012.07.27 04:07:57.399,1.22875,1.22886,2.25,3.00
2012.07.27 04:08:03.825,1.22874,1.22884,3.38,2.25
2012.07.27 04:08:04.404,1.22875,1.22885,5.63,2.25
2012.07.27 04:08:04.761,1.22877,1.22885,1.13,2.25
2012.07.27 04:08:05.289,1.22875,1.22885,5.63,2.25
2012.07.27 04:08:06.892,1.22875,1.22885,5.63,2.25
2012.07.27 04:08:07.193,1.22875,1.22885,6.75,2.25
2012.07.27 04:08:07.726,1.22875,1.22884,1.13,2.25
2012.07.27 04:08:10.539,1.22874,1.22886,3.00,3.75
2012.07.27 04:08:12.605,1.22874,1.22886,3.00,4.50
2012.07.27 04:08:26.477,1.22873,1.22883,5.25,2.25
2012.07.27 04:08:26.542,1.22873,1.22883,4.50,2.25
2012.07.27 04:08:26.843,1.22873,1.22879,2.25,1.50
2012.07.27 04:08:26.907,1.22869,1.22879,3.00,1.50
2012.07.27 04:08:27.207,1.22869,1.22879,2.25,3.00
2012.07.27 04:08:27.620,1.22867,1.22876,2.25,2.25
2012.07.27 04:08:27.744,1.22865,1.22874,1.50,1.50
2012.07.27 04:08:27.925,1.22865,1.22876,1.50,2.25
2012.07.27 04:08:28.794,1.22865,1.22876,2.25,2.25
2012.07.27 04:08:28.976,1.22867,1.22879,1.13,3.75
2012.07.27 04:08:29.603,1.22867,1.22876,1.13,2.25
2012.07.27 04:08:30.288,1.22865,1.22876,4.50,1.50
2012.07.27 04:08:38.801,1.22865,1.22876,3.75,1.50
2012.07.27 04:08:41.697,1.22865,1.22876,4.50,2.25
2012.07.27 04:08:42.228,1.22866,1.22874,1.13,1.50
2012.07.27 04:08:43.075,1.22864,1.22873,1.50,2.25
2012.07.27 04:08:43.140,1.22862,1.22873,1.50,2.25
2012.07.27 04:08:43.440,1.22861,1.22871,1.50,1.50
2012.07.27 04:08:43.624,1.2286,1.22872,3.00,3.00
2012.07.27 04:08:44.093,1.22859,1.22868,1.13,2.25
2012.07.27 04:08:53.627,1.22858,1.22866,1.94,1.50
2012.07.27 04:09:01.224,1.22857,1.22868,4.19,1.13
2012.07.27 04:09:07.109,1.22861,1.2287,1.50,1.88
2012.07.27 04:09:07.234,1.22862,1.22871,1.88,1.50
2012.07.27 04:09:07.477,1.22864,1.22873,2.10,2.25
2012.07.27 04:09:07.810,1.22866,1.22876,3.00,3.75
2012.07.27 04:09:08.292,1.22867,1.22878,3.00,2.25
2012.07.27 04:09:08.416,1.2287,1.22879,2.25,1.50
2012.07.27 04:09:08.946,1.22872,1.22881,1.50,3.32
2012.07.27 04:09:09.298,1.22872,1.22882,1.50,1.50
2012.07.27 04:09:13.702,1.22872,1.22882,1.50,2.25
2012.07.27 04:09:28.870,1.22873,1.22883,1.50,4.35
2012.07.27 04:09:38.582,1.22874,1.22883,1.50,2.85
2012.07.27 04:09:39.258,1.22874,1.22882,1.50,2.25
2012.07.27 04:09:39.787,1.22874,1.22881,1.50,2.63
2012.07.27 04:09:39.908,1.22872,1.22881,1.50,3.38
2012.07.27 04:09:40.436,1.22871,1.2288,1.50,2.63
2012.07.27 04:09:44.893,1.22871,1.2288,1.50,2.63
2012.07.27 04:09:45.133,1.22868,1.22878,2.25,1.13
2012.07.27 04:09:45.363,1.22865,1.22875,6.75,2.25
2012.07.27 04:09:45.902,1.22867,1.22876,1.50,1.50
2012.07.27 04:09:47.161,1.22867,1.22877,2.25,3.38
2012.07.27 04:10:00.268,1.22867,1.22875,1.50,1.50
2012.07.27 04:10:01.411,1.22867,1.22876,1.50,1.50
2012.07.27 04:10:13.446,1.22867,1.22875,1.50,1.50
2012.07.27 04:10:13.566,1.22867,1.22877,1.50,3.75
2012.07.27 04:10:16.659,1.22865,1.22876,1.50,2.63
2012.07.27 04:10:17.012,1.22863,1.22875,2.25,2.25
2012.07.27 04:10:17.623,1.22864,1.22875,1.50,1.13
2012.07.27 04:10:21.506,1.22864,1.22874,1.50,1.50
2012.07.27 04:10:24.474,1.22863,1.22874,3.75,1.50
2012.07.27 04:10:27.709,1.22864,1.22874,1.50,1.50
2012.07.27 04:10:47.331,1.22864,1.22875,1.50,2.63
2012.07.27 04:10:47.395,1.22864,1.22875,1.50,2.63
2012.07.27 04:10:48.827,1.22866,1.22877,1.50,4.50
2012.07.27 04:10:58.802,1.22866,1.22876,1.50,3.00
2012.07.27 04:11:07.077,1.22866,1.22876,1.50,1.50
2012.07.27 04:11:12.050,1.22865,1.22875,1.50,1.50
2012.07.27 04:11:22.908,1.22865,1.22875,1.50,3.75
2012.07.27 04:11:27.888,1.22865,1.22874,1.50,1.50
2012.07.27 04:11:29.318,1.22865,1.22874,1.50,2.25
2012.07.27 04:11:29.671,1.22867,1.22876,3.00,3.38
2012.07.27 04:11:30.084,1.22868,1.22878,1.50,4.13
2012.07.27 04:11:30.264,1.22866,1.22878,2.25,5.63
2012.07.27 04:11:30.976,1.22866,1.22878,2.25,5.63
2012.07.27 04:11:33.568,1.22866,1.22875,1.50,1.50
2012.07.27 04:11:33.634,1.22864,1.22875,4.69,3.75
2012.07.27 04:11:34.166,1.22863,1.22873,4.50,2.25
2012.07.27 04:11:35.496,1.22865,1.22875,1.50,6.75
2012.07.27 04:12:13.065,1.22863,1.22873,3.75,3.00
2012.07.27 04:12:13.248,1.22861,1.22873,3.75,3.38
2012.07.27 04:12:13.607,1.22861,1.22867,1.50,1.50
2012.07.27 04:12:13.934,1.22853,1.22862,2.25,1.50
2012.07.27 04:12:14.000,1.2285,1.22861,4.50,1.50
2012.07.27 04:12:14.185,1.22852,1.22862,1.50,2.25
2012.07.27 04:12:14.251,1.22854,1.22863,1.50,1.13
2012.07.27 04:12:15.043,1.22851,1.22863,3.00,1.50
2012.07.27 04:12:18.031,1.22851,1.22861,3.75,3.00
2012.07.27 04:12:18.563,1.22853,1.22862,1.50,1.50
2012.07.27 04:12:19.094,1.22854,1.22865,1.50,3.75
2012.07.27 04:12:20.246,1.22857,1.22866,1.50,2.48
2012.07.27 04:12:20.660,1.22857,1.22866,1.50,1.13
2012.07.27 04:12:21.247,1.2286,1.22868,1.50,4.88
2012.07.27 04:12:21.833,1.2286,1.22867,1.50,2.25
2012.07.27 04:12:22.140,1.22862,1.22869,1.50,1.50
2012.07.27 04:12:22.204,1.22862,1.2287,1.50,2.70
2012.07.27 04:12:22.562,1.22861,1.22871,3.38,2.10
2012.07.27 04:12:22.686,1.22862,1.22873,1.50,2.25
2012.07.27 04:12:22.810,1.22864,1.22875,1.50,4.13
2012.07.27 04:12:22.873,1.22862,1.22874,1.50,1.50
2012.07.27 04:12:23.054,1.22864,1.22873,1.50,1.88
2012.07.27 04:12:23.588,1.22864,1.22872,1.50,1.50
2012.07.27 04:12:23.945,1.22862,1.22872,2.25,3.00
2012.07.27 04:12:24.431,1.22862,1.22871,1.50,1.50
2012.07.27 04:12:24.614,1.22858,1.22869,4.50,1.88
2012.07.27 04:12:25.145,1.22859,1.22868,1.50,2.25
2012.07.27 04:12:28.264,1.22859,1.22867,1.50,1.50
2012.07.27 04:12:28.683,1.22859,1.22868,1.50,3.75
2012.07.27 04:12:29.209,1.22859,1.2287,1.50,1.88
2012.07.27 04:12:29.571,1.22859,1.2287,5.25,1.05
2012.07.27 04:12:29.926,1.22863,1.22871,1.88,1.65
2012.07.27 04:12:30.049,1.22863,1.22874,1.88,1.50
2012.07.27 04:12:30.170,1.22863,1.22875,1.88,6.68
2012.07.27 04:12:30.875,1.22863,1.22874,1.88,1.13
2012.07.27 04:12:31.119,1.2286,1.22871,2.25,3.00
2012.07.27 04:12:31.243,1.22858,1.2287,3.75,1.50
2012.07.27 04:12:31.782,1.22858,1.22868,2.25,2.25
2012.07.27 04:12:34.739,1.22858,1.22867,2.63,3.00
2012.07.27 04:12:35.266,1.2286,1.2287,1.50,1.88
2012.07.27 04:12:37.484,1.2286,1.22868,1.50,3.00
2012.07.27 04:12:43.892,1.2286,1.22868,1.50,3.00
2012.07.27 04:12:44.535,1.22859,1.22869,2.25,1.50
2012.07.27 04:12:48.158,1.22859,1.22868,2.25,3.00
2012.07.27 04:12:51.022,1.22859,1.22868,1.50,3.00
2012.07.27 04:12:51.378,1.22863,1.22869,1.50,2.25
2012.07.27 04:12:51.908,1.22863,1.2287,1.50,3.00
2012.07.27 04:12:52.553,1.22863,1.22871,1.50,1.50
2012.07.27 04:12:58.138,1.22865,1.22872,1.50,1.50
2012.07.27 04:12:58.431,1.22865,1.22873,1.50,1.50
2012.07.27 04:12:58.847,1.22866,1.22875,1.50,4.80
2012.07.27 04:12:59.440,1.22865,1.22875,3.00,4.05
2012.07.27 04:13:15.087,1.22865,1.22874,1.50,3.75
2012.07.27 04:13:15.624,1.22865,1.22875,1.50,1.50
2012.07.27 04:13:43.596,1.22865,1.22874,1.50,3.75
2012.07.27 04:13:43.660,1.22863,1.22873,1.50,3.00
2012.07.27 04:13:44.190,1.22862,1.22873,3.75,3.00
2012.07.27 04:13:47.424,1.22862,1.22872,3.00,2.25
2012.07.27 04:13:47.918,1.22864,1.22872,1.13,2.25
2012.07.27 04:13:48.221,1.22868,1.22877,3.00,2.25
2012.07.27 04:13:48.518,1.22868,1.22877,2.25,2.25
2012.07.27 04:13:48.641,1.22868,1.22877,2.25,2.25
2012.07.27 04:14:05.888,1.22868,1.22877,2.25,3.75
2012.07.27 04:15:05.824,1.22868,1.22877,1.88,3.00
2012.07.27 04:15:14.773,1.22868,1.22878,2.63,1.50
2012.07.27 04:15:38.680,1.22872,1.22879,1.50,1.50
2012.07.27 04:15:39.035,1.22873,1.22882,1.88,1.50
2012.07.27 04:15:39.573,1.22874,1.22884,1.13,2.25
2012.07.27 04:15:40.107,1.22874,1.22884,1.13,1.50
2012.07.27 04:15:40.626,1.22874,1.22884,1.13,3.00
2012.07.27 04:15:41.491,1.22874,1.22882,1.13,3.00
2012.07.27 04:15:41.848,1.22871,1.22882,1.50,4.50
2012.07.27 04:15:41.972,1.2287,1.22879,1.50,3.75
2012.07.27 04:15:42.505,1.2287,1.22882,3.00,3.00
2012.07.27 04:15:42.742,1.2287,1.22882,3.00,3.00
2012.07.27 04:15:42.806,1.2287,1.22882,3.00,3.00
2012.07.27 04:15:44.391,1.22871,1.22881,2.63,2.25
2012.07.27 04:15:44.749,1.2287,1.22879,2.63,2.25
2012.07.27 04:15:44.992,1.2287,1.22882,6.38,3.75
2012.07.27 04:15:50.665,1.2287,1.22881,3.00,1.50
2012.07.27 04:15:51.766,1.22869,1.2288,1.50,3.00
2012.07.27 04:15:52.067,1.22868,1.22875,1.50,1.50
2012.07.27 04:15:52.463,1.22868,1.22877,2.25,1.50
2012.07.27 04:15:52.991,1.22868,1.2288,3.75,3.00
2012.07.27 04:15:55.226,1.22868,1.22877,1.50,1.50
2012.07.27 04:15:55.737,1.22868,1.22877,1.50,2.25
2012.07.27 04:15:59.428,1.22868,1.22877,1.50,2.25
2012.07.27 04:16:07.254,1.22868,1.22877,1.50,1.50
2012.07.27 04:16:10.053,1.22869,1.22877,2.25,3.00
2012.07.27 04:16:10.294,1.22865,1.22875,3.00,2.25
2012.07.27 04:16:10.358,1.22867,1.22877,3.00,4.50
2012.07.27 04:16:10.541,1.22867,1.22879,5.25,3.00
2012.07.27 04:16:10.720,1.22867,1.22879,5.25,2.25
2012.07.27 04:16:11.137,1.22864,1.22875,1.50,2.25
2012.07.27 04:16:11.896,1.22867,1.22876,1.50,2.25
2012.07.27 04:16:12.198,1.22869,1.22878,1.50,2.25
2012.07.27 04:16:12.730,1.2287,1.22878,1.50,1.50
2012.07.27 04:16:12.794,1.22868,1.22878,1.50,3.00
2012.07.27 04:16:13.211,1.22868,1.22876,1.50,1.50
2012.07.27 04:16:13.569,1.2287,1.22875,1.50,1.50
2012.07.27 04:16:13.810,1.22867,1.22875,2.25,2.25
2012.07.27 04:16:14.478,1.22866,1.22875,1.50,3.00
2012.07.27 04:16:22.050,1.22863,1.22875,3.75,4.88
2012.07.27 04:16:22.574,1.22863,1.22876,2.25,3.00
2012.07.27 04:16:24.287,1.22865,1.22876,2.25,1.50
2012.07.27 04:16:24.351,1.22868,1.22878,1.50,3.00
2012.07.27 04:16:24.826,1.22865,1.22877,2.25,3.00
2012.07.27 04:16:24.948,1.22865,1.22877,2.25,3.00
2012.07.27 04:16:25.069,1.22865,1.22877,2.25,3.00
2012.07.27 04:16:25.596,1.22865,1.22877,2.25,3.75
2012.07.27 04:16:35.048,1.22867,1.22877,2.25,1.50
2012.07.27 04:16:54.846,1.22867,1.22877,2.25,1.50
2012.07.27 04:16:55.144,1.22864,1.22875,1.50,3.00
2012.07.27 04:16:55.502,1.22863,1.22877,5.25,4.13
2012.07.27 04:17:01.417,1.22863,1.22875,5.25,4.13
2012.07.27 04:17:01.920,1.22863,1.22877,5.25,3.38
2012.07.27 04:17:02.349,1.22863,1.22875,4.50,2.63
2012.07.27 04:17:09.529,1.22863,1.22873,2.25,1.50
2012.07.27 04:17:09.824,1.22866,1.22874,1.50,1.13
2012.07.27 04:17:10.351,1.22864,1.22876,2.25,1.88
2012.07.27 04:17:11.099,1.22864,1.22874,2.25,2.25
2012.07.27 04:17:13.535,1.22865,1.22873,1.50,1.50
2012.07.27 04:17:14.057,1.22864,1.22874,2.25,3.75
2012.07.27 04:17:17.638,1.22864,1.22874,2.63,3.75
2012.07.27 04:17:22.218,1.22864,1.22874,2.25,4.50
2012.07.27 04:17:22.282,1.22862,1.22872,3.00,2.25
2012.07.27 04:17:22.808,1.22864,1.22873,1.50,2.25
2012.07.27 04:17:28.616,1.22864,1.22872,1.50,1.50
2012.07.27 04:17:28.678,1.22862,1.22873,3.00,1.13
2012.07.27 04:17:28.859,1.22862,1.22873,1.50,3.75
2012.07.27 04:17:29.390,1.2286,1.22872,3.38,1.88
2012.07.27 04:17:29.971,1.2286,1.22872,2.25,3.75
2012.07.27 04:17:39.251,1.2286,1.22868,1.50,3.00
2012.07.27 04:17:39.607,1.22857,1.22868,1.13,3.75
2012.07.27 04:17:40.155,1.22855,1.22868,3.00,3.00
2012.07.27 04:17:41.115,1.22855,1.22868,3.00,3.75
2012.07.27 04:17:41.643,1.22855,1.22868,3.00,3.75
2012.07.27 04:17:42.187,1.22855,1.22868,3.00,3.00
2012.07.27 04:17:42.742,1.22855,1.22868,3.00,2.63
2012.07.27 04:17:43.038,1.22855,1.22868,3.00,4.88
2012.07.27 04:17:43.161,1.22855,1.22866,3.00,2.25
2012.07.27 04:17:43.343,1.22854,1.22866,2.25,3.75
2012.07.27 04:17:43.871,1.22854,1.22864,1.50,3.00
2012.07.27 04:17:44.372,1.22854,1.22864,1.50,3.00
2012.07.27 04:17:46.316,1.22855,1.22865,1.50,1.50
2012.07.27 04:17:46.438,1.22855,1.22866,1.50,2.25
2012.07.27 04:17:48.310,1.22856,1.22867,1.50,3.75
2012.07.27 04:17:48.835,1.22856,1.22866,2.25,2.25
2012.07.27 04:17:52.233,1.22858,1.22867,1.50,1.50
2012.07.27 04:17:54.267,1.22858,1.22868,2.25,2.63
2012.07.27 04:17:54.332,1.22858,1.2287,2.25,6.75
2012.07.27 04:17:54.859,1.22861,1.22872,1.50,4.50
2012.07.27 04:17:55.384,1.22861,1.22872,1.50,2.85
2012.07.27 04:18:07.001,1.22861,1.22871,2.25,1.50
2012.07.27 04:18:07.550,1.22859,1.22871,4.19,2.25
2012.07.27 04:18:10.272,1.22859,1.2287,2.25,1.50
2012.07.27 04:18:14.156,1.22859,1.2287,2.25,1.50
2012.07.27 04:18:15.767,1.22859,1.22871,2.25,2.63
2012.07.27 04:18:17.198,1.22859,1.22871,2.25,2.25
2012.07.27 04:18:18.843,1.22859,1.22869,2.25,1.50
2012.07.27 04:18:19.365,1.22857,1.22869,2.25,3.38
2012.07.27 04:18:20.053,1.22857,1.22869,2.25,1.88
2012.07.27 04:18:20.734,1.22857,1.2287,2.25,2.25
2012.07.27 04:18:21.244,1.22857,1.22871,3.75,5.48
2012.07.27 04:18:21.607,1.2286,1.2287,1.50,2.25
2012.07.27 04:18:30.746,1.2286,1.22869,1.50,1.50
2012.07.27 04:18:36.886,1.2286,1.22869,1.50,1.50
2012.07.27 04:18:38.980,1.2286,1.2287,1.50,2.63
2012.07.27 04:18:39.722,1.2286,1.2287,1.50,2.63
2012.07.27 04:18:41.964,1.22861,1.22869,1.50,1.50
2012.07.27 04:18:42.321,1.22863,1.22871,1.50,1.50
2012.07.27 04:18:42.853,1.22861,1.22873,3.75,4.50
2012.07.27 04:18:43.487,1.22861,1.22873,4.50,3.00
2012.07.27 04:18:44.943,1.22861,1.22872,4.50,1.88
2012.07.27 04:18:45.562,1.22861,1.22872,3.00,1.88
2012.07.27 04:19:11.774,1.22859,1.22869,3.00,1.50
2012.07.27 04:19:11.838,1.22858,1.2287,3.00,3.75
2012.07.27 04:19:12.020,1.22859,1.22869,1.50,2.25
2012.07.27 04:19:12.320,1.22857,1.22869,1.50,3.38
2012.07.27 04:19:12.501,1.22858,1.22868,2.25,1.50
2012.07.27 04:19:16.496,1.22856,1.22866,2.25,2.25
2012.07.27 04:19:17.035,1.22856,1.22866,2.25,3.00
2012.07.27 04:19:25.093,1.22857,1.22867,3.00,2.25
2012.07.27 04:19:25.334,1.2286,1.22868,1.50,2.25
2012.07.27 04:19:25.692,1.2286,1.2287,2.25,1.50
2012.07.27 04:19:26.220,1.22861,1.22872,2.25,1.13
2012.07.27 04:19:28.764,1.22861,1.22873,2.25,3.60
2012.07.27 04:19:48.815,1.22861,1.22872,2.25,2.63
2012.07.27 04:20:16.090,1.22861,1.22871,2.25,1.35
2012.07.27 04:20:16.213,1.2286,1.22871,2.25,3.75
2012.07.27 04:20:16.452,1.22859,1.2287,1.13,4.73
2012.07.27 04:20:16.809,1.22856,1.22868,3.00,2.63
2012.07.27 04:20:18.807,1.22858,1.22868,2.25,2.25
2012.07.27 04:20:43.339,1.22858,1.22868,2.25,3.00
2012.07.27 04:20:43.635,1.2286,1.2287,2.25,2.25
2012.07.27 04:20:43.700,1.22861,1.22871,2.25,1.80
2012.07.27 04:20:44.172,1.22862,1.22872,2.25,1.05
2012.07.27 04:20:44.723,1.22863,1.22873,1.50,2.48
2012.07.27 04:20:45.224,1.22862,1.22873,2.25,2.48
2012.07.27 04:20:45.754,1.22863,1.22873,1.50,1.13
2012.07.27 04:20:47.543,1.22864,1.22873,1.50,1.43
2012.07.27 04:20:48.044,1.22862,1.22873,1.50,2.93
2012.07.27 04:20:48.456,1.22861,1.2287,1.50,1.50
2012.07.27 04:20:49.010,1.2286,1.22872,3.75,1.88
2012.07.27 04:20:52.324,1.2286,1.2287,3.00,2.25
2012.07.27 04:20:52.504,1.2286,1.22869,2.25,2.25
2012.07.27 04:21:46.676,1.2286,1.22871,1.50,1.73
2012.07.27 04:21:46.801,1.22865,1.22872,3.00,1.65
2012.07.27 04:21:47.105,1.22863,1.22873,2.25,1.05
2012.07.27 04:21:47.581,1.22863,1.22875,2.29,2.55
2012.07.27 04:21:47.823,1.22864,1.22875,1.50,1.80
2012.07.27 04:21:48.006,1.22863,1.22875,3.75,3.30
2012.07.27 04:21:48.310,1.22863,1.22875,1.50,4.05
2012.07.27 04:21:48.686,1.22863,1.22875,1.50,2.25
2012.07.27 04:21:53.217,1.22865,1.22875,1.50,5.25
2012.07.27 04:21:53.570,1.22862,1.22875,2.25,3.00
2012.07.27 04:21:54.204,1.22864,1.22875,1.50,2.25
2012.07.27 04:21:55.058,1.22863,1.22875,2.25,2.63
2012.07.27 04:21:55.588,1.22864,1.22875,1.50,1.43
2012.07.27 04:21:56.121,1.22864,1.22875,1.50,1.43
2012.07.27 04:21:56.360,1.22866,1.22875,1.50,1.43
2012.07.27 04:21:56.890,1.22865,1.22877,1.50,3.98
2012.07.27 04:21:57.888,1.22865,1.22875,1.50,3.75
2012.07.27 04:21:58.427,1.22865,1.22875,1.50,4.05
2012.07.27 04:21:59.658,1.22866,1.22877,1.13,2.10
2012.07.27 04:22:00.017,1.22869,1.22879,1.50,5.25
2012.07.27 04:22:00.547,1.22869,1.22881,1.50,6.15
2012.07.27 04:22:04.991,1.22869,1.22879,2.25,2.25
2012.07.27 04:22:07.715,1.22869,1.22879,2.25,2.25
2012.07.27 04:22:16.545,1.22869,1.22879,2.25,2.25
2012.07.27 04:22:19.704,1.22869,1.22879,2.25,2.25
2012.07.27 04:22:22.705,1.22869,1.22879,1.50,4.35
2012.07.27 04:22:22.828,1.22867,1.22878,2.25,3.00
2012.07.27 04:22:22.891,1.22866,1.22878,2.63,3.60
2012.07.27 04:22:28.944,1.22866,1.22878,2.25,3.75
2012.07.27 04:22:38.840,1.22866,1.22878,2.25,3.60
2012.07.27 04:22:48.849,1.22866,1.22878,2.25,4.35
2012.07.27 04:22:52.260,1.22867,1.22877,1.50,1.13
2012.07.27 04:22:53.022,1.22866,1.22877,2.25,1.13
2012.07.27 04:22:58.860,1.22866,1.22878,2.25,3.75
2012.07.27 04:23:10.303,1.22866,1.22878,5.25,4.13
2012.07.27 04:23:10.943,1.22869,1.22878,2.25,2.63
2012.07.27 04:23:13.892,1.22868,1.22877,1.50,1.50
2012.07.27 04:23:14.443,1.22866,1.22877,1.50,3.00
2012.07.27 04:23:21.205,1.2287,1.2288,1.65,1.50
2012.07.27 04:23:21.331,1.22874,1.22882,2.03,3.98
2012.07.27 04:23:21.398,1.22873,1.22879,1.13,2.25
2012.07.27 04:23:21.525,1.22874,1.22881,1.50,1.50
2012.07.27 04:23:21.590,1.22875,1.22884,1.92,1.88
2012.07.27 04:23:21.976,1.22875,1.22882,1.50,1.50
2012.07.27 04:23:22.041,1.22872,1.22882,4.13,2.25
2012.07.27 04:23:22.397,1.2287,1.22881,4.50,1.50
2012.07.27 04:23:22.462,1.2287,1.22881,3.00,1.50
2012.07.27 04:23:22.765,1.22869,1.22882,3.00,4.50
2012.07.27 04:23:23.302,1.2287,1.22882,1.50,3.00
2012.07.27 04:23:23.833,1.22871,1.2288,2.25,2.25
2012.07.27 04:23:24.190,1.2287,1.22878,2.25,1.50
2012.07.27 04:23:26.049,1.22871,1.22878,2.25,1.50
2012.07.27 04:23:26.113,1.22871,1.2288,2.25,2.25
2012.07.27 04:23:27.813,1.2287,1.22879,3.00,1.50
2012.07.27 04:23:28.606,1.2287,1.22879,2.25,2.25
2012.07.27 04:23:29.022,1.22867,1.22876,1.50,1.50
2012.07.27 04:23:32.555,1.22866,1.22876,3.38,2.25
2012.07.27 04:23:38.936,1.22866,1.22876,3.38,2.25
2012.07.27 04:23:44.031,1.22867,1.22879,2.25,3.75
2012.07.27 04:23:44.440,1.2287,1.22876,2.25,2.25
2012.07.27 04:23:44.504,1.22867,1.22876,1.13,2.25
2012.07.27 04:23:49.825,1.22867,1.22876,1.88,2.25
2012.07.27 04:23:50.123,1.2287,1.22878,2.25,2.25
2012.07.27 04:23:50.304,1.2287,1.2288,4.50,3.75
2012.07.27 04:23:50.834,1.22871,1.2288,2.25,2.25
2012.07.27 04:23:51.360,1.22871,1.2288,2.25,2.25
2012.07.27 04:23:51.881,1.22872,1.22882,1.50,3.00
2012.07.27 04:23:56.180,1.22871,1.2288,2.25,1.50
2012.07.27 04:23:57.495,1.2287,1.2288,4.50,1.50
2012.07.27 04:24:01.112,1.22872,1.2288,2.25,1.50
2012.07.27 04:24:02.211,1.2287,1.2288,5.25,2.25
2012.07.27 04:24:05.177,1.22871,1.2288,2.25,2.25
2012.07.27 04:24:05.698,1.2287,1.2288,4.50,2.25
2012.07.27 04:24:09.668,1.2287,1.22878,3.00,1.50
2012.07.27 04:24:13.342,1.2287,1.2288,4.50,3.00
2012.07.27 04:24:18.580,1.2287,1.2288,5.25,3.00
2012.07.27 04:24:22.264,1.2287,1.2288,3.00,1.50
2012.07.27 04:24:28.683,1.2287,1.2288,4.13,1.50
2012.07.27 04:24:28.918,1.2287,1.22881,3.38,3.38
2012.07.27 04:24:35.415,1.2287,1.2288,2.25,1.50
2012.07.27 04:24:35.717,1.22869,1.22877,1.50,1.50
2012.07.27 04:24:36.074,1.22866,1.22876,2.25,1.50
2012.07.27 04:24:36.140,1.22866,1.22873,1.50,2.25
2012.07.27 04:24:36.669,1.22864,1.22875,3.00,2.25
2012.07.27 04:24:38.652,1.22864,1.22874,2.25,1.50
2012.07.27 04:24:38.716,1.22864,1.22874,2.25,2.25
2012.07.27 04:24:39.249,1.22863,1.22873,3.00,3.30
2012.07.27 04:24:41.145,1.22863,1.22872,3.00,2.55
2012.07.27 04:24:41.505,1.22863,1.22871,2.25,3.75
2012.07.27 04:24:41.867,1.22861,1.22872,3.75,1.88
2012.07.27 04:24:42.140,1.22859,1.2287,2.25,1.50
2012.07.27 04:24:43.657,1.22859,1.22869,2.25,1.88
2012.07.27 04:24:43.809,1.22859,1.22869,2.25,1.88
2012.07.27 04:24:44.631,1.22859,1.22869,1.88,3.75
2012.07.27 04:24:47.677,1.22859,1.22869,3.75,3.00
2012.07.27 04:24:47.977,1.22861,1.22871,1.50,3.00
2012.07.27 04:24:48.219,1.22862,1.22872,1.50,1.50
2012.07.27 04:24:48.636,1.22865,1.22875,1.50,3.75
2012.07.27 04:24:49.412,1.22865,1.22875,1.50,2.25
2012.07.27 04:24:50.183,1.22863,1.22876,2.25,1.88
2012.07.27 04:24:52.310,1.22862,1.22875,4.50,2.25
2012.07.27 04:24:52.833,1.22863,1.22874,2.25,3.00
2012.07.27 04:24:55.027,1.22863,1.22873,2.25,1.88
2012.07.27 04:24:55.503,1.22861,1.22871,1.50,1.88
2012.07.27 04:25:02.016,1.22863,1.22871,1.50,1.50
2012.07.27 04:25:02.374,1.2286,1.22872,4.50,3.00
2012.07.27 04:25:04.098,1.22861,1.22873,2.25,4.50
2012.07.27 04:25:04.600,1.22862,1.22874,1.50,3.75
2012.07.27 04:25:09.821,1.22861,1.22871,1.50,2.25
2012.07.27 04:25:14.592,1.22861,1.22871,1.50,1.50
2012.07.27 04:25:19.310,1.22862,1.22871,2.25,1.50
2012.07.27 04:25:19.834,1.22863,1.22873,1.50,3.75
2012.07.27 04:25:24.126,1.22861,1.22871,3.75,1.50
2012.07.27 04:25:24.306,1.22863,1.22873,1.50,3.75
2012.07.27 04:25:26.884,1.22863,1.22874,1.50,3.00
2012.07.27 04:25:30.474,1.22863,1.22872,1.50,1.50
2012.07.27 04:25:30.598,1.22861,1.22872,1.50,2.25
2012.07.27 04:25:31.126,1.22862,1.22874,3.75,4.13
2012.07.27 04:25:31.649,1.22862,1.22874,3.75,4.13
2012.07.27 04:25:32.166,1.22863,1.22874,3.00,2.25
2012.07.27 04:25:32.698,1.22864,1.22874,2.25,2.25
2012.07.27 04:25:33.211,1.22865,1.22873,1.50,1.50
2012.07.27 04:25:36.391,1.22865,1.22873,3.75,1.50
2012.07.27 04:25:43.847,1.22866,1.22874,1.50,2.25
2012.07.27 04:25:44.382,1.22865,1.22875,2.25,1.50
2012.07.27 04:25:48.335,1.22864,1.22874,1.50,2.25
2012.07.27 04:25:48.977,1.22867,1.22874,1.50,1.50
2012.07.27 04:25:49.157,1.22865,1.22875,1.50,1.50
2012.07.27 04:25:53.306,1.22867,1.22874,1.50,1.50
2012.07.27 04:26:06.418,1.22867,1.22874,1.50,1.50
2012.07.27 04:26:18.073,1.22864,1.22874,4.50,1.50
2012.07.27 04:26:20.736,1.22867,1.22877,1.50,3.38
2012.07.27 04:26:25.197,1.22865,1.22874,3.00,1.50
2012.07.27 04:26:36.209,1.22865,1.22874,1.50,1.50
2012.07.27 04:26:36.333,1.22863,1.22874,2.25,2.25
2012.07.27 04:26:36.917,1.22863,1.22875,2.25,2.63
2012.07.27 04:26:37.039,1.22865,1.22876,1.50,1.88
2012.07.27 04:26:37.567,1.22866,1.22875,1.50,1.13
2012.07.27 04:26:37.865,1.22864,1.22875,3.75,1.13
2012.07.27 04:26:38.398,1.22865,1.22875,1.50,2.63
2012.07.27 04:26:45.039,1.22867,1.22875,1.50,2.25
2012.07.27 04:26:45.565,1.22868,1.22877,1.50,1.50
2012.07.27 04:26:48.071,1.22866,1.22877,1.50,1.88
2012.07.27 04:26:48.628,1.22866,1.22877,1.50,1.88
2012.07.27 04:26:51.958,1.22866,1.22875,1.50,2.63
2012.07.27 04:26:52.140,1.22863,1.22875,5.25,3.38
2012.07.27 04:26:52.204,1.22865,1.22876,3.75,1.73
2012.07.27 04:26:56.246,1.22864,1.22874,1.50,1.50
2012.07.27 04:26:56.601,1.22866,1.22874,1.50,1.50
2012.07.27 04:26:57.174,1.22865,1.22874,1.50,1.50
2012.07.27 04:27:10.710,1.22865,1.22875,2.25,2.63
2012.07.27 04:27:11.234,1.22866,1.22876,1.50,1.13
2012.07.27 04:27:11.865,1.22864,1.22876,5.25,2.63
2012.07.27 04:27:23.419,1.22864,1.22875,4.50,1.50
2012.07.27 04:27:30.915,1.22864,1.22875,3.75,1.50
2012.07.27 04:27:38.503,1.22864,1.22876,4.13,3.75
2012.07.27 04:27:55.096,1.22864,1.22876,3.75,3.38
2012.07.27 04:27:55.445,1.22866,1.22876,1.50,1.88
2012.07.27 04:28:09.407,1.22866,1.22877,2.25,2.48
2012.07.27 04:28:18.497,1.22866,1.22877,5.25,2.25
2012.07.27 04:28:19.144,1.22868,1.22877,1.50,1.50
2012.07.27 04:28:28.670,1.22867,1.22876,2.25,2.25
2012.07.27 04:28:29.440,1.22868,1.22876,1.50,2.25
2012.07.27 04:28:29.798,1.22869,1.22877,1.50,2.25
2012.07.27 04:28:29.982,1.2287,1.22878,2.25,1.43
2012.07.27 04:28:30.226,1.2287,1.2288,1.50,3.15
2012.07.27 04:28:30.410,1.22877,1.22886,5.25,3.15
2012.07.27 04:28:30.475,1.22877,1.22886,5.25,1.43
2012.07.27 04:28:30.538,1.22877,1.22888,5.25,3.00
2012.07.27 04:28:30.604,1.22877,1.22888,3.75,1.13
2012.07.27 04:28:30.907,1.22879,1.2289,3.75,3.53
2012.07.27 04:28:31.510,1.22879,1.2289,2.25,2.25
2012.07.27 04:28:31.631,1.22879,1.2289,3.75,2.25
2012.07.27 04:28:33.854,1.22879,1.2289,3.00,3.00
2012.07.27 04:28:34.355,1.22879,1.2289,3.00,3.00
2012.07.27 04:28:34.945,1.22879,1.2289,3.00,4.88
2012.07.27 04:28:36.138,1.22879,1.2289,3.00,3.00
2012.07.27 04:28:37.387,1.22879,1.2289,4.50,1.65
2012.07.27 04:28:37.624,1.22879,1.2289,4.50,3.00
2012.07.27 04:28:37.746,1.2288,1.2289,3.00,1.65
2012.07.27 04:28:45.562,1.2288,1.2289,3.75,2.25
2012.07.27 04:28:45.921,1.22874,1.22885,1.50,1.50
2012.07.27 04:28:46.172,1.22872,1.22884,8.10,1.50
2012.07.27 04:28:46.403,1.22872,1.22884,5.25,2.10
2012.07.27 04:28:46.761,1.22872,1.22883,3.75,1.88
2012.07.27 04:28:48.940,1.22872,1.22884,4.50,2.85
2012.07.27 04:28:49.063,1.22875,1.22885,1.50,5.63
2012.07.27 04:28:49.423,1.22876,1.22886,2.25,1.13
2012.07.27 04:28:49.548,1.22876,1.22888,2.25,1.50
2012.07.27 04:28:49.729,1.22876,1.22887,3.75,1.50
2012.07.27 04:28:50.265,1.22875,1.22886,2.25,5.63
2012.07.27 04:28:50.507,1.22873,1.22884,3.00,3.75
2012.07.27 04:28:51.681,1.22874,1.22884,1.50,2.25
2012.07.27 04:28:51.745,1.22874,1.22885,3.00,1.13
2012.07.27 04:28:52.221,1.22877,1.22888,1.88,1.50
2012.07.27 04:28:52.753,1.22877,1.22888,2.63,3.00
2012.07.27 04:28:53.282,1.22877,1.22888,2.25,3.00
2012.07.27 04:28:55.814,1.22877,1.22886,1.88,1.50
2012.07.27 04:28:55.878,1.22877,1.22886,1.50,2.25
2012.07.27 04:28:56.000,1.22874,1.22885,2.25,3.00
2012.07.27 04:28:59.259,1.22873,1.22886,6.00,4.50
2012.07.27 04:29:01.820,1.22873,1.22886,6.00,2.63
2012.07.27 04:29:08.973,1.22876,1.22886,1.50,1.50
2012.07.27 04:29:09.273,1.22876,1.22888,3.00,1.13
2012.07.27 04:29:09.807,1.22879,1.22889,2.63,2.25
2012.07.27 04:29:10.106,1.22879,1.22889,1.13,2.25
2012.07.27 04:29:17.422,1.2288,1.22888,2.25,2.25
2012.07.27 04:29:17.962,1.2288,1.2289,2.25,4.50
2012.07.27 04:29:18.770,1.2288,1.2289,2.25,4.50
2012.07.27 04:29:19.180,1.2288,1.22888,2.25,2.25
2012.07.27 04:29:19.706,1.2288,1.22888,2.25,3.00
2012.07.27 04:29:23.374,1.2288,1.22889,2.25,1.88
2012.07.27 04:29:25.311,1.22879,1.22889,3.00,2.63
2012.07.27 04:29:25.616,1.22876,1.22886,3.75,2.63
2012.07.27 04:29:25.974,1.22877,1.22886,1.50,1.88
2012.07.27 04:29:26.273,1.22879,1.22889,1.13,1.13
2012.07.27 04:29:31.536,1.22881,1.22891,1.50,1.50
2012.07.27 04:29:31.717,1.22881,1.22892,1.50,2.25
2012.07.27 04:29:32.275,1.22881,1.22892,1.50,1.50
2012.07.27 04:29:36.847,1.22881,1.22893,3.00,3.60
2012.07.27 04:29:38.515,1.22881,1.2289,3.00,1.50
2012.07.27 04:29:38.756,1.2288,1.22891,2.25,3.00
2012.07.27 04:29:38.880,1.2288,1.22888,2.25,1.50
2012.07.27 04:29:39.067,1.22877,1.22888,4.50,2.25
2012.07.27 04:29:39.190,1.22877,1.2289,4.50,2.25
2012.07.27 04:29:39.700,1.2288,1.22891,3.75,2.25
2012.07.27 04:29:40.228,1.22878,1.22891,2.25,4.50
2012.07.27 04:29:42.826,1.22878,1.2289,1.50,3.00
2012.07.27 04:29:43.354,1.22877,1.22889,3.38,3.75
2012.07.27 04:29:45.743,1.22877,1.22889,3.38,3.75
2012.07.27 04:29:46.317,1.22877,1.22889,4.13,2.25
2012.07.27 04:29:48.610,1.22878,1.22889,2.25,2.63
2012.07.27 04:29:49.141,1.22877,1.22889,3.75,2.63
2012.07.27 04:29:49.320,1.22877,1.22889,4.50,1.88
2012.07.27 04:29:49.679,1.22879,1.22891,1.13,2.25
2012.07.27 04:29:50.351,1.22879,1.22892,3.00,5.25
2012.07.27 04:29:50.537,1.2288,1.22892,3.00,1.50
2012.07.27 04:29:50.896,1.22883,1.22893,2.25,3.75
2012.07.27 04:29:51.368,1.22882,1.22894,2.25,4.50
2012.07.27 04:29:51.904,1.22881,1.22892,2.25,2.85
2012.07.27 04:29:52.436,1.2288,1.22892,3.75,2.48
2012.07.27 04:29:52.617,1.2288,1.22892,1.50,3.98
2012.07.27 04:29:54.103,1.22881,1.22892,3.75,1.88
2012.07.27 04:29:54.168,1.22881,1.22892,4.13,1.50
2012.07.27 04:29:54.233,1.22881,1.22892,6.75,1.50
2012.07.27 04:29:54.535,1.22884,1.22894,4.88,1.13
2012.07.27 04:29:54.838,1.22887,1.22896,2.25,1.28
2012.07.27 04:29:55.258,1.22887,1.22898,2.25,1.50
2012.07.27 04:29:55.323,1.22887,1.22895,2.25,1.13
2012.07.27 04:29:55.388,1.22885,1.22894,5.25,1.13
2012.07.27 04:29:55.864,1.22883,1.22894,6.00,3.38
2012.07.27 04:29:55.989,1.22883,1.22892,4.50,2.25
2012.07.27 04:29:56.235,1.2288,1.22889,1.50,1.13
2012.07.27 04:29:56.358,1.2288,1.22891,3.75,2.25
2012.07.27 04:29:56.541,1.22881,1.22893,2.25,3.00
2012.07.27 04:29:56.986,1.22884,1.22895,5.25,1.50
2012.07.27 04:29:57.520,1.22884,1.22896,5.25,1.50
2012.07.27 04:29:58.953,1.22885,1.22895,2.25,1.50
2012.07.27 04:29:59.254,1.22887,1.22898,2.25,3.75
2012.07.27 04:29:59.318,1.22887,1.22898,1.13,2.25
2012.07.27 04:29:59.681,1.22887,1.22898,4.50,2.25
2012.07.27 04:30:00.214,1.22887,1.22899,3.38,1.50
2012.07.27 04:30:03.151,1.22888,1.229,2.25,3.75
2012.07.27 04:30:03.682,1.22889,1.22899,1.50,1.50
2012.07.27 04:30:05.214,1.22889,1.229,2.25,2.63
2012.07.27 04:30:05.769,1.22889,1.229,1.50,2.63
2012.07.27 04:30:08.598,1.22889,1.229,5.25,3.00
2012.07.27 04:30:09.013,1.22891,1.22902,3.00,3.75
2012.07.27 04:30:09.078,1.22893,1.22902,1.50,2.25
2012.07.27 04:30:09.609,1.22892,1.22902,3.00,1.88
2012.07.27 04:30:10.142,1.22892,1.22902,3.00,1.88
2012.07.27 04:30:10.759,1.22892,1.22903,3.75,3.38
2012.07.27 04:30:12.078,1.22892,1.22902,3.75,1.88
2012.07.27 04:30:12.599,1.22892,1.22902,3.75,1.88
2012.07.27 04:30:14.156,1.2289,1.22902,7.13,4.13
2012.07.27 04:30:14.750,1.2289,1.22902,6.75,2.63
2012.07.27 04:30:14.929,1.2289,1.22902,6.75,4.13
2012.07.27 04:30:16.459,1.2289,1.22902,4.13,2.25
2012.07.27 04:30:18.769,1.2289,1.22902,4.88,2.25
2012.07.27 04:30:20.330,1.2289,1.22902,5.63,2.25
2012.07.27 04:30:23.959,1.2289,1.22901,5.63,1.50
2012.07.27 04:30:25.026,1.2289,1.22901,5.63,1.50
2012.07.27 04:30:28.916,1.2289,1.22901,7.50,1.50
2012.07.27 04:30:32.695,1.22892,1.22902,2.63,1.13
2012.07.27 04:30:33.456,1.22891,1.22903,1.88,4.13
2012.07.27 04:30:34.910,1.22891,1.22903,1.50,4.13
2012.07.27 04:30:43.869,1.2289,1.229,5.25,1.50
2012.07.27 04:30:44.391,1.2289,1.22902,4.50,4.13
2012.07.27 04:30:44.929,1.2289,1.22901,4.50,1.88
2012.07.27 04:30:46.851,1.2289,1.22901,4.13,1.50
2012.07.27 04:30:47.371,1.2289,1.22901,4.88,4.13
2012.07.27 04:30:47.491,1.2289,1.22901,4.88,3.75
2012.07.27 04:30:47.552,1.2289,1.22898,4.88,1.50
2012.07.27 04:30:47.675,1.2289,1.229,3.00,2.25
2012.07.27 04:30:47.917,1.22889,1.22898,4.50,1.88
2012.07.27 04:30:48.157,1.22885,1.22896,5.55,1.50
2012.07.27 04:30:48.691,1.22885,1.22896,5.55,3.00
2012.07.27 04:30:48.756,1.22887,1.22896,1.50,1.50
2012.07.27 04:30:49.114,1.22889,1.22899,1.13,2.25
2012.07.27 04:30:49.993,1.22889,1.22901,3.00,4.13
2012.07.27 04:30:50.119,1.22889,1.22898,2.25,2.25
2012.07.27 04:30:50.243,1.22885,1.22897,3.00,2.25
2012.07.27 04:30:50.899,1.22887,1.22898,3.00,1.50
2012.07.27 04:30:53.299,1.22889,1.229,1.88,1.50
2012.07.27 04:30:53.862,1.22889,1.229,1.50,1.50
2012.07.27 04:30:55.142,1.22889,1.22899,1.50,1.50
2012.07.27 04:30:59.512,1.22889,1.229,1.50,2.25
2012.07.27 04:31:02.426,1.22889,1.22901,2.63,2.25
2012.07.27 04:31:02.897,1.2289,1.22902,2.25,3.00
2012.07.27 04:31:04.068,1.2289,1.229,3.75,1.50
2012.07.27 04:31:04.536,1.2289,1.22902,5.25,1.13
2012.07.27 04:31:09.581,1.2289,1.22902,6.00,1.13
2012.07.27 04:31:10.109,1.2289,1.229,4.50,1.50
2012.07.27 04:31:10.886,1.2289,1.229,4.50,1.50
2012.07.27 04:31:11.185,1.2289,1.22898,3.00,1.50
2012.07.27 04:31:11.483,1.22889,1.229,1.50,2.25
2012.07.27 04:31:12.014,1.22889,1.229,2.25,3.00
2012.07.27 04:31:12.375,1.22886,1.22898,3.75,2.63
2012.07.27 04:31:13.741,1.22886,1.22899,2.63,3.00
2012.07.27 04:31:15.473,1.22889,1.229,1.50,3.00
2012.07.27 04:31:16.005,1.22889,1.22901,3.00,2.63
2012.07.27 04:31:16.538,1.22889,1.229,4.50,2.25
2012.07.27 04:31:21.060,1.22889,1.22898,1.50,1.50
2012.07.27 04:31:21.369,1.22887,1.22897,3.75,2.63
2012.07.27 04:31:21.434,1.22887,1.22897,3.00,2.63
2012.07.27 04:31:21.499,1.22885,1.22895,1.50,2.25
2012.07.27 04:31:21.622,1.22884,1.22893,3.00,1.50
2012.07.27 04:31:22.158,1.2288,1.22893,4.94,5.25
2012.07.27 04:31:22.692,1.22882,1.22894,2.63,1.50
2012.07.27 04:31:23.113,1.22883,1.22894,6.60,1.50
2012.07.27 04:31:23.238,1.22886,1.22898,1.50,4.13
2012.07.27 04:31:23.769,1.22886,1.22898,2.25,3.00
2012.07.27 04:31:24.407,1.22886,1.22898,1.50,3.00
2012.07.27 04:31:36.161,1.22887,1.22898,2.25,3.00
2012.07.27 04:31:36.575,1.22887,1.22896,2.25,2.63
2012.07.27 04:31:36.911,1.22882,1.2289,1.50,1.88
2012.07.27 04:31:37.096,1.2288,1.2289,5.25,1.50
2012.07.27 04:31:37.162,1.2288,1.2289,3.00,1.50
2012.07.27 04:31:37.642,1.2288,1.22892,3.75,1.13
2012.07.27 04:31:37.767,1.2288,1.22891,2.25,1.88
2012.07.27 04:31:38.142,1.22881,1.22892,3.75,3.00
2012.07.27 04:31:38.566,1.22881,1.22891,3.00,1.50
2012.07.27 04:31:38.689,1.22879,1.22889,5.25,2.25
2012.07.27 04:31:38.756,1.22879,1.22889,5.25,2.25
2012.07.27 04:31:38.822,1.22879,1.22889,1.50,3.75
2012.07.27 04:31:39.178,1.22876,1.22888,3.38,1.50
2012.07.27 04:31:39.246,1.22876,1.22888,2.63,1.50
2012.07.27 04:31:39.427,1.22876,1.22886,1.88,2.25
2012.07.27 04:31:40.137,1.22876,1.22888,5.25,3.00
2012.07.27 04:31:40.496,1.22876,1.22887,3.75,2.25
2012.07.27 04:31:41.016,1.22875,1.22886,1.50,1.88
2012.07.27 04:31:41.312,1.22875,1.22886,1.50,1.50
2012.07.27 04:31:46.476,1.22875,1.22886,1.50,2.25
2012.07.27 04:31:46.962,1.22875,1.22886,1.50,2.25
2012.07.27 04:31:55.557,1.22874,1.22886,6.00,2.25
2012.07.27 04:31:55.790,1.22874,1.22886,6.00,3.00
2012.07.27 04:32:04.499,1.22874,1.22884,4.50,1.50
2012.07.27 04:32:04.564,1.22874,1.22886,3.75,3.75
2012.07.27 04:32:04.920,1.22874,1.22886,2.25,3.75
2012.07.27 04:32:05.452,1.22873,1.22884,6.38,1.50
2012.07.27 04:32:06.004,1.22873,1.22886,5.63,2.25
2012.07.27 04:32:12.983,1.22874,1.22886,3.00,2.25
2012.07.27 04:32:16.676,1.22874,1.22886,3.00,2.25
2012.07.27 04:32:17.088,1.22876,1.22886,2.25,1.50
2012.07.27 04:32:17.213,1.22876,1.22887,3.00,1.88
2012.07.27 04:32:17.278,1.22877,1.22888,2.25,2.25
2012.07.27 04:32:17.864,1.22879,1.22889,1.50,1.50
2012.07.27 04:32:18.392,1.22878,1.22889,1.50,2.25
2012.07.27 04:32:21.879,1.22877,1.22888,1.88,1.50
2012.07.27 04:32:22.411,1.22876,1.22887,1.50,3.00
2012.07.27 04:32:23.013,1.22876,1.22887,1.50,2.25
2012.07.27 04:32:31.205,1.22876,1.22887,1.50,2.25
2012.07.27 04:32:37.268,1.22876,1.22887,1.13,3.00
2012.07.27 04:32:49.334,1.22875,1.22887,3.00,3.00
2012.07.27 04:32:49.685,1.22874,1.22886,7.73,1.50
2012.07.27 04:32:49.978,1.22874,1.22887,6.98,4.50
2012.07.27 04:32:50.521,1.22874,1.22884,3.38,3.00
2012.07.27 04:32:52.771,1.22874,1.22884,4.50,1.50
2012.07.27 04:32:54.929,1.22874,1.22884,4.50,1.50
2012.07.27 04:32:57.838,1.22874,1.22884,4.50,1.50
2012.07.27 04:32:58.346,1.22874,1.22884,4.50,1.50
2012.07.27 04:32:59.852,1.22874,1.22884,3.00,1.50
2012.07.27 04:33:02.931,1.22874,1.22884,2.25,1.50
2012.07.27 04:33:03.766,1.22874,1.22885,2.25,3.75
2012.07.27 04:33:05.581,1.22874,1.22887,3.00,4.50
2012.07.27 04:33:05.818,1.22875,1.22887,2.25,3.75
2012.07.27 04:33:06.241,1.22877,1.22887,1.50,2.25
2012.07.27 04:33:06.943,1.22877,1.22887,1.50,2.25
2012.07.27 04:33:09.047,1.22877,1.22887,1.50,1.88
2012.07.27 04:33:13.235,1.22877,1.22887,2.25,1.50
2012.07.27 04:33:13.590,1.22877,1.22888,1.50,2.63
2012.07.27 04:33:14.116,1.22879,1.22888,1.50,2.63
2012.07.27 04:33:15.755,1.22879,1.22888,1.50,2.25
2012.07.27 04:33:23.271,1.22877,1.22888,3.00,4.50
2012.07.27 04:33:37.906,1.22878,1.22888,1.50,3.00
2012.07.27 04:33:43.785,1.22877,1.22888,3.00,3.75
2012.07.27 04:33:44.347,1.22877,1.22887,3.00,1.50
2012.07.27 04:33:44.732,1.22877,1.22888,4.50,3.00
2012.07.27 04:33:45.274,1.22877,1.22888,5.25,1.50
2012.07.27 04:33:46.051,1.22877,1.22888,4.50,1.50
2012.07.27 04:33:52.257,1.22877,1.22888,5.25,1.50
2012.07.27 04:34:05.614,1.22877,1.22888,5.25,1.59
2012.07.27 04:34:06.023,1.22876,1.22887,2.10,2.45
2012.07.27 04:34:06.519,1.22876,1.22886,1.50,2.56
2012.07.27 04:34:06.760,1.22873,1.22885,6.00,1.21
2012.07.27 04:34:07.290,1.22873,1.22885,3.75,1.96
2012.07.27 04:34:08.545,1.22873,1.22886,3.75,4.88
2012.07.27 04:34:10.464,1.22874,1.22884,2.25,1.50
2012.07.27 04:34:10.528,1.22874,1.22884,2.25,1.50
2012.07.27 04:34:11.064,1.22876,1.22885,2.25,1.88
2012.07.27 04:34:11.596,1.22874,1.22884,2.25,3.53
2012.07.27 04:34:11.718,1.22874,1.22884,2.25,3.53
2012.07.27 04:34:13.090,1.22874,1.22885,2.25,4.13
2012.07.27 04:34:15.920,1.22874,1.22883,2.25,1.50
2012.07.27 04:34:16.043,1.22874,1.22882,1.50,1.50
2012.07.27 04:34:16.107,1.22871,1.2288,3.00,1.50
2012.07.27 04:34:16.405,1.22869,1.2288,3.00,1.50
2012.07.27 04:34:16.943,1.22869,1.22879,3.00,1.50
2012.07.27 04:34:20.355,1.2287,1.2288,1.50,1.88
2012.07.27 04:34:20.708,1.22872,1.2288,1.50,1.88
2012.07.27 04:34:21.236,1.22872,1.2288,1.50,1.13
2012.07.27 04:34:23.795,1.22872,1.22881,1.50,1.50
2012.07.27 04:34:24.299,1.22872,1.22881,1.50,2.25
2012.07.27 04:34:26.734,1.22872,1.22881,1.50,1.50
2012.07.27 04:34:28.078,1.22872,1.22881,1.50,2.25
2012.07.27 04:34:28.593,1.22872,1.22881,1.50,1.50
2012.07.27 04:34:36.270,1.22872,1.22881,1.50,1.50
2012.07.27 04:34:39.639,1.22873,1.22881,2.25,1.50
2012.07.27 04:34:39.821,1.22875,1.22885,1.50,1.88
2012.07.27 04:34:40.003,1.22878,1.22887,1.50,3.60
2012.07.27 04:34:40.415,1.22876,1.22887,2.25,6.60
2012.07.27 04:34:41.085,1.22875,1.22886,3.75,2.25
2012.07.27 04:34:41.149,1.22875,1.22886,3.75,2.25
2012.07.27 04:34:46.256,1.22876,1.22886,4.50,1.50
2012.07.27 04:34:46.609,1.22876,1.22885,2.25,3.00
2012.07.27 04:34:46.791,1.22873,1.22883,3.00,1.50
2012.07.27 04:34:47.321,1.22873,1.22882,1.50,3.00
2012.07.27 04:34:49.962,1.22871,1.22882,3.00,3.00
2012.07.27 04:34:50.490,1.22871,1.22881,1.50,3.75
2012.07.27 04:34:52.159,1.22871,1.22881,3.75,1.50
2012.07.27 04:34:52.694,1.22871,1.22882,5.25,1.13
2012.07.27 04:34:55.032,1.22874,1.22884,1.50,2.63
2012.07.27 04:34:55.272,1.22873,1.22884,2.25,1.88
2012.07.27 04:34:55.805,1.22876,1.22886,1.50,1.50
2012.07.27 04:34:56.274,1.22875,1.22888,6.75,3.00
2012.07.27 04:34:56.397,1.22875,1.22887,5.25,2.25
2012.07.27 04:34:56.461,1.22875,1.22888,5.25,2.25
2012.07.27 04:34:56.584,1.22875,1.22887,5.25,1.50
2012.07.27 04:34:57.524,1.22875,1.22887,1.50,4.50
2012.07.27 04:34:57.705,1.22876,1.22887,1.88,1.50
2012.07.27 04:34:58.061,1.22876,1.22887,1.88,1.50
2012.07.27 04:34:58.186,1.22875,1.22885,1.13,1.50
2012.07.27 04:34:58.547,1.22876,1.22888,1.13,1.50
2012.07.27 04:35:28.937,1.22878,1.22888,1.50,2.25
2012.07.27 04:35:29.292,1.22876,1.22887,3.75,3.00
2012.07.27 04:35:29.532,1.22875,1.22886,3.00,2.25
2012.07.27 04:35:29.957,1.22874,1.22883,1.13,1.50
2012.07.27 04:35:30.546,1.22873,1.22883,2.25,2.25
2012.07.27 04:35:31.137,1.22873,1.22884,3.75,1.50
2012.07.27 04:35:31.494,1.22878,1.22886,1.50,1.50
2012.07.27 04:35:32.031,1.22878,1.22887,1.50,1.88
2012.07.27 04:35:32.154,1.22876,1.22887,3.75,1.88
2012.07.27 04:35:32.689,1.22874,1.22885,3.00,1.50
2012.07.27 04:35:32.754,1.22874,1.22885,1.50,1.50
2012.07.27 04:35:33.877,1.22874,1.22885,2.25,1.50
2012.07.27 04:35:34.173,1.22873,1.22884,4.50,1.50
2012.07.27 04:35:34.533,1.22872,1.22881,1.50,2.25
2012.07.27 04:35:34.717,1.22869,1.22879,2.25,2.25
2012.07.27 04:35:35.250,1.22869,1.2288,1.50,2.25
2012.07.27 04:35:35.375,1.22869,1.22882,4.13,3.00
2012.07.27 04:35:35.617,1.22873,1.22884,1.50,1.50
2012.07.27 04:35:35.977,1.22875,1.22886,1.50,3.00
2012.07.27 04:35:36.041,1.22876,1.22886,1.50,1.50
2012.07.27 04:35:36.935,1.22876,1.22888,1.50,1.50
2012.07.27 04:35:39.547,1.22877,1.22886,1.50,1.50
2012.07.27 04:35:39.799,1.22877,1.22888,1.50,1.50
2012.07.27 04:35:46.618,1.22877,1.22888,1.50,1.50
2012.07.27 04:35:58.704,1.22877,1.22889,2.25,1.50
2012.07.27 04:35:59.061,1.22876,1.22885,1.50,1.50
2012.07.27 04:35:59.368,1.22876,1.22882,1.50,1.50
2012.07.27 04:35:59.549,1.22872,1.22881,1.50,3.00
2012.07.27 04:35:59.613,1.22872,1.22881,1.50,3.00
2012.07.27 04:35:59.972,1.2287,1.22879,1.50,1.13
2012.07.27 04:36:00.037,1.2287,1.22879,1.50,1.13
2012.07.27 04:36:00.102,1.22867,1.22879,2.25,1.13
2012.07.27 04:36:00.521,1.22867,1.22879,2.25,1.13
2012.07.27 04:36:00.707,1.2287,1.22883,1.50,3.38
2012.07.27 04:36:00.890,1.22872,1.22883,1.50,1.88
2012.07.27 04:36:01.428,1.22873,1.22885,3.00,3.00
2012.07.27 04:36:03.003,1.22874,1.22885,2.63,3.00
2012.07.27 04:36:03.697,1.22874,1.22885,3.38,3.00
2012.07.27 04:36:05.452,1.22874,1.22885,1.50,3.00
2012.07.27 04:36:05.575,1.22874,1.22885,1.50,4.50
2012.07.27 04:36:05.986,1.22872,1.22883,1.50,1.50
2012.07.27 04:36:06.516,1.22872,1.22884,3.00,3.38
2012.07.27 04:36:07.037,1.22872,1.22884,3.00,1.88
2012.07.27 04:36:18.655,1.22875,1.22886,1.50,1.50
2012.07.27 04:36:18.950,1.22873,1.22886,3.00,3.75
2012.07.27 04:36:19.536,1.22872,1.22884,4.50,1.50
2012.07.27 04:36:20.063,1.22872,1.22884,2.25,1.50
2012.07.27 04:36:20.536,1.22873,1.22884,1.50,1.50
2012.07.27 04:36:20.777,1.22874,1.22884,1.50,2.25
2012.07.27 04:36:21.074,1.22874,1.22885,1.50,3.00
2012.07.27 04:37:02.896,1.22873,1.22884,4.13,3.75
2012.07.27 04:37:03.019,1.22873,1.22882,1.13,1.50
2012.07.27 04:37:03.378,1.22871,1.22881,1.50,1.13
2012.07.27 04:37:03.504,1.22869,1.2288,1.50,2.25
2012.07.27 04:37:04.221,1.22869,1.22881,4.50,2.70
2012.07.27 04:37:04.674,1.22871,1.22882,6.00,1.35
2012.07.27 04:37:05.033,1.22871,1.22882,2.25,2.85
2012.07.27 04:37:05.097,1.2287,1.2288,3.00,1.13
2012.07.27 04:37:05.635,1.22868,1.22879,3.00,2.25
2012.07.27 04:37:05.873,1.22868,1.22879,3.00,2.25
2012.07.27 04:37:06.114,1.22869,1.2288,1.50,1.05
2012.07.27 04:37:06.474,1.22871,1.22881,2.25,1.05
2012.07.27 04:37:06.599,1.22873,1.22884,1.50,3.30
2012.07.27 04:37:06.722,1.22874,1.22885,5.63,1.50
2012.07.27 04:37:07.312,1.22875,1.22885,2.25,1.05
2012.07.27 04:37:07.435,1.22873,1.22885,4.88,1.05
2012.07.27 04:37:07.615,1.22873,1.22885,4.50,1.50
2012.07.27 04:37:08.147,1.22874,1.22885,1.50,3.75
2012.07.27 04:37:08.327,1.22874,1.22885,1.50,3.75
2012.07.27 04:37:12.989,1.22874,1.22885,1.50,3.75
2012.07.27 04:37:13.686,1.22874,1.22885,1.50,3.75
2012.07.27 04:37:17.717,1.22874,1.22885,1.88,3.75
2012.07.27 04:37:18.249,1.22874,1.22885,1.88,3.75
2012.07.27 04:37:18.945,1.22874,1.22885,1.88,3.75
2012.07.27 04:37:19.470,1.22872,1.22883,7.50,1.50
2012.07.27 04:37:20.314,1.22872,1.22883,6.00,1.50
2012.07.27 04:37:21.930,1.22872,1.22883,3.00,1.50
2012.07.27 04:37:22.821,1.22872,1.22883,2.25,1.50
2012.07.27 04:37:23.119,1.2287,1.22881,5.25,1.50
2012.07.27 04:37:23.299,1.22871,1.22883,3.00,2.25
2012.07.27 04:37:25.037,1.22873,1.22883,1.50,1.50
2012.07.27 04:37:28.033,1.22873,1.22885,3.38,2.25
2012.07.27 04:37:35.710,1.22873,1.22884,3.38,1.50
2012.07.27 04:37:36.347,1.22872,1.22883,4.50,1.13
2012.07.27 04:37:36.879,1.22872,1.22882,3.00,1.13
2012.07.27 04:37:37.237,1.2287,1.22879,3.00,1.50
2012.07.27 04:37:37.768,1.22869,1.22879,3.00,1.50
2012.07.27 04:37:37.833,1.2287,1.22881,2.25,2.25
2012.07.27 04:37:44.037,1.2287,1.22881,6.00,1.50
2012.07.27 04:38:07.706,1.2287,1.22881,6.75,3.00
2012.07.27 04:38:07.943,1.2287,1.2288,3.75,7.07
2012.07.27 04:38:08.128,1.22865,1.22875,1.50,1.88
2012.07.27 04:38:08.251,1.22864,1.22875,1.50,3.38
2012.07.27 04:38:08.786,1.22863,1.22875,1.50,2.63
2012.07.27 04:38:09.321,1.22861,1.22874,1.50,1.50
2012.07.27 04:38:15.670,1.22861,1.22873,1.50,2.25
2012.07.27 04:38:26.384,1.22863,1.22874,1.50,1.50
2012.07.27 04:39:13.391,1.22862,1.22874,5.25,2.25
2012.07.27 04:39:13.922,1.22863,1.22876,1.50,4.05
2012.07.27 04:39:14.737,1.22864,1.22876,1.50,6.23
2012.07.27 04:39:15.371,1.22863,1.22876,3.00,4.05
2012.07.27 04:39:21.346,1.22864,1.22876,1.50,3.38
2012.07.27 04:39:23.299,1.22863,1.22875,1.50,3.00
2012.07.27 04:39:23.827,1.22863,1.22876,2.25,3.60
2012.07.27 04:39:24.357,1.22864,1.22877,1.50,4.73
2012.07.27 04:39:25.842,1.22863,1.22876,4.50,1.80
2012.07.27 04:39:26.199,1.22865,1.22877,1.50,3.23
2012.07.27 04:39:26.558,1.22863,1.22875,3.00,2.45
2012.07.27 04:39:27.090,1.22864,1.22876,1.50,3.30
2012.07.27 04:39:27.620,1.22863,1.22876,6.75,2.25
2012.07.27 04:39:29.187,1.22863,1.22874,3.00,4.25
2012.07.27 04:39:29.719,1.22863,1.22875,3.00,1.13
2012.07.27 04:39:30.249,1.22865,1.22876,1.50,4.05
2012.07.27 04:39:30.780,1.22864,1.22876,1.50,2.40
2012.07.27 04:39:30.846,1.22862,1.22876,3.00,2.40
2012.07.27 04:39:30.909,1.22862,1.22876,3.00,2.40
2012.07.27 04:39:31.496,1.22864,1.22876,1.50,2.18
2012.07.27 04:39:32.108,1.22865,1.22876,1.50,4.05
2012.07.27 04:39:33.911,1.22863,1.22874,3.38,1.50
2012.07.27 04:39:34.268,1.22862,1.22872,1.50,1.50
2012.07.27 04:39:34.622,1.22862,1.22875,3.00,3.75
2012.07.27 04:39:35.152,1.22865,1.22876,1.50,4.43
2012.07.27 04:39:37.319,1.22863,1.22875,3.75,1.88
2012.07.27 04:39:39.329,1.22864,1.22875,1.50,2.18
2012.07.27 04:39:39.393,1.22864,1.22875,1.50,2.18
2012.07.27 04:39:39.917,1.22862,1.22875,6.75,2.63
2012.07.27 04:39:43.853,1.22862,1.22873,6.00,2.82
2012.07.27 04:39:44.214,1.22862,1.2287,2.25,2.55
2012.07.27 04:39:44.277,1.22859,1.2287,1.50,1.80
2012.07.27 04:39:44.342,1.22861,1.22871,2.25,1.58
2012.07.27 04:39:44.700,1.22863,1.22872,2.25,1.73
2012.07.27 04:39:44.765,1.22863,1.22873,2.25,2.25
2012.07.27 04:39:45.303,1.22863,1.22874,3.00,2.85
2012.07.27 04:39:45.827,1.22863,1.22876,3.00,4.73
2012.07.27 04:40:15.060,1.22863,1.22873,2.63,1.50
2012.07.27 04:40:15.359,1.22862,1.22873,2.25,2.10
2012.07.27 04:40:16.245,1.22862,1.22874,1.50,2.18
2012.07.27 04:40:16.776,1.22863,1.22875,2.25,1.43
2012.07.27 04:40:35.118,1.22863,1.22876,3.38,6.73
2012.07.27 04:40:35.802,1.22864,1.22875,1.13,1.05
2012.07.27 04:40:36.334,1.22865,1.22877,4.50,2.63
2012.07.27 04:40:36.535,1.22865,1.22878,5.25,1.88
2012.07.27 04:40:36.599,1.22866,1.22879,2.25,2.18
2012.07.27 04:40:36.662,1.22868,1.22879,1.50,2.18
2012.07.27 04:40:36.906,1.2287,1.2288,2.25,1.28
2012.07.27 04:40:37.379,1.22873,1.2288,1.50,1.05
2012.07.27 04:40:37.911,1.22873,1.22882,1.50,1.35
2012.07.27 04:40:38.443,1.22872,1.22883,2.25,4.13
2012.07.27 04:40:38.569,1.2287,1.22881,3.75,2.25
2012.07.27 04:40:38.633,1.22869,1.22881,2.25,3.75
2012.07.27 04:40:43.300,1.22871,1.22881,2.25,1.50
2012.07.27 04:40:43.538,1.22872,1.22883,1.50,1.43
2012.07.27 04:40:45.776,1.22872,1.22883,3.00,2.25
2012.07.27 04:40:46.135,1.22869,1.22881,2.25,4.43
2012.07.27 04:40:46.668,1.22869,1.2288,3.00,3.00
2012.07.27 04:40:48.824,1.22869,1.2288,4.50,2.25
2012.07.27 04:40:49.607,1.22871,1.2288,1.50,1.50
2012.07.27 04:40:49.966,1.22875,1.22883,1.13,1.35
2012.07.27 04:40:50.356,1.22875,1.22883,3.38,1.35
2012.07.27 04:40:50.657,1.22882,1.22889,3.00,2.85
2012.07.27 04:40:51.500,1.22882,1.22892,3.00,1.50
2012.07.27 04:40:52.385,1.22882,1.2289,2.25,1.50
2012.07.27 04:40:52.631,1.22881,1.22889,2.25,1.13
2012.07.27 04:40:53.050,1.22876,1.22888,3.00,1.88
2012.07.27 04:40:53.175,1.22877,1.22888,3.00,1.88
2012.07.27 04:40:57.915,1.22877,1.22889,3.00,2.63
2012.07.27 04:40:58.447,1.22876,1.22887,1.50,1.13
2012.07.27 04:40:58.714,1.22876,1.22885,1.50,1.50
2012.07.27 04:40:59.030,1.22872,1.22881,1.50,2.25
2012.07.27 04:40:59.562,1.22872,1.22882,3.00,1.50
2012.07.27 04:40:59.684,1.22872,1.22883,2.25,1.50
2012.07.27 04:41:00.678,1.22873,1.22884,3.00,1.50
2012.07.27 04:41:02.834,1.22873,1.22884,3.75,1.50
2012.07.27 04:41:03.781,1.22874,1.22885,1.50,1.50
2012.07.27 04:41:08.163,1.22873,1.22884,1.50,2.25
2012.07.27 04:41:08.691,1.22874,1.22885,3.00,2.85
2012.07.27 04:41:18.482,1.22874,1.22885,2.25,3.38
2012.07.27 04:41:24.653,1.22872,1.22884,2.25,1.50
2012.07.27 04:41:26.320,1.22872,1.22885,3.00,4.88
2012.07.27 04:41:26.441,1.22872,1.22883,3.00,1.50
2012.07.27 04:41:26.572,1.22872,1.22885,2.25,3.38
2012.07.27 04:41:27.459,1.22872,1.22883,3.75,1.50
2012.07.27 04:41:28.071,1.22872,1.22885,1.50,3.98
2012.07.27 04:41:40.346,1.22873,1.22885,2.25,3.23
2012.07.27 04:41:43.594,1.22873,1.22885,2.25,2.25
2012.07.27 04:41:46.300,1.22872,1.22884,2.25,1.50
2012.07.27 04:41:46.423,1.22872,1.22884,2.25,1.50
2012.07.27 04:41:46.841,1.22871,1.22881,2.25,1.50
2012.07.27 04:41:47.317,1.22868,1.22881,5.25,4.13
2012.07.27 04:41:47.846,1.22868,1.2288,3.75,1.50
2012.07.27 04:41:49.501,1.22868,1.2288,3.75,1.50
2012.07.27 04:41:50.027,1.22869,1.22881,1.50,4.50
2012.07.27 04:41:50.744,1.22869,1.2288,1.50,1.13
2012.07.27 04:41:58.660,1.22869,1.2288,2.25,1.50
2012.07.27 04:42:07.345,1.22874,1.22883,3.00,1.05
2012.07.27 04:42:07.410,1.22874,1.22881,3.00,1.88
2012.07.27 04:42:07.475,1.22876,1.22884,2.25,1.35
2012.07.27 04:42:07.660,1.22876,1.22889,5.10,3.75
2012.07.27 04:42:07.724,1.22879,1.22889,1.50,2.25
2012.07.27 04:42:07.789,1.22879,1.2289,1.50,3.00
2012.07.27 04:42:08.319,1.22879,1.2289,4.50,2.25
2012.07.27 04:42:08.498,1.22879,1.2289,2.25,2.25
2012.07.27 04:42:10.977,1.2288,1.22891,2.25,6.00
2012.07.27 04:42:11.525,1.22881,1.22891,2.63,1.50
2012.07.27 04:42:12.838,1.22881,1.22892,3.38,3.75
2012.07.27 04:42:13.367,1.22881,1.22892,3.38,4.50
2012.07.27 04:42:14.643,1.22881,1.22892,3.38,4.50
2012.07.27 04:42:15.172,1.2288,1.22891,1.88,3.75
2012.07.27 04:42:15.700,1.2288,1.22891,3.00,2.25
2012.07.27 04:42:17.247,1.2288,1.22891,2.25,2.25
2012.07.27 04:42:17.897,1.22878,1.22891,6.75,4.88
2012.07.27 04:42:22.396,1.22881,1.22891,1.50,2.25
2012.07.27 04:42:24.094,1.22881,1.22889,1.50,1.50
2012.07.27 04:42:24.274,1.22878,1.22889,5.25,4.50
2012.07.27 04:42:24.337,1.22878,1.22889,6.00,3.75
2012.07.27 04:42:24.866,1.22878,1.22888,6.00,1.50
2012.07.27 04:42:25.375,1.22878,1.22889,7.50,2.25
2012.07.27 04:42:43.618,1.22881,1.2289,1.50,1.13
2012.07.27 04:42:43.800,1.22881,1.22892,1.50,3.00
2012.07.27 04:42:43.865,1.2288,1.22892,5.63,2.63
2012.07.27 04:42:44.046,1.2288,1.22892,2.63,5.63
2012.07.27 04:42:44.575,1.2288,1.22892,4.88,3.00
2012.07.27 04:42:45.118,1.2288,1.22892,6.38,1.50
2012.07.27 04:42:48.414,1.2288,1.22893,6.75,4.80
2012.07.27 04:42:48.958,1.22882,1.22893,1.50,2.55
2012.07.27 04:42:49.576,1.22881,1.22892,3.00,2.25
2012.07.27 04:42:59.589,1.22881,1.22892,2.25,2.63
2012.07.27 04:42:59.654,1.22881,1.2289,2.25,1.88
2012.07.27 04:42:59.838,1.22876,1.22886,2.25,1.13
2012.07.27 04:43:00.372,1.22874,1.22886,2.25,3.38
2012.07.27 04:43:00.987,1.22874,1.22886,1.50,1.88
2012.07.27 04:43:01.646,1.22874,1.22885,3.00,2.25
2012.07.27 04:43:11.054,1.22874,1.22885,2.25,2.25
2012.07.27 04:43:11.735,1.22874,1.22885,2.25,2.25
2012.07.27 04:43:15.610,1.22873,1.22884,3.75,3.00
2012.07.27 04:43:16.149,1.22873,1.22884,3.00,1.50
2012.07.27 04:43:16.331,1.22873,1.22885,5.25,1.80
2012.07.27 04:43:16.516,1.22876,1.22886,2.25,1.50
2012.07.27 04:43:16.582,1.22876,1.22889,6.75,3.38
2012.07.27 04:43:17.116,1.22877,1.22889,1.50,2.63
2012.07.27 04:43:17.636,1.22877,1.22889,1.50,3.00
2012.07.27 04:43:23.347,1.22878,1.22889,2.25,2.25
2012.07.27 04:43:23.933,1.22878,1.22889,3.00,1.50
2012.07.27 04:43:24.464,1.22877,1.2289,4.50,2.25
2012.07.27 04:43:27.992,1.22879,1.2289,1.50,3.00
2012.07.27 04:43:30.042,1.2288,1.2289,1.50,1.50
2012.07.27 04:43:30.579,1.2288,1.22891,3.00,2.25
2012.07.27 04:43:30.643,1.2288,1.22891,3.00,2.25
2012.07.27 04:43:31.237,1.2288,1.22891,5.25,1.50
2012.07.27 04:43:32.749,1.2288,1.22891,6.00,2.25
2012.07.27 04:43:33.285,1.22878,1.2289,1.50,3.75
2012.07.27 04:43:33.349,1.22878,1.22888,1.50,1.50
2012.07.27 04:43:33.413,1.22876,1.22888,8.25,1.50
2012.07.27 04:43:33.948,1.22876,1.22887,3.00,3.00
2012.07.27 04:43:34.130,1.22876,1.22885,2.25,1.50
2012.07.27 04:43:34.253,1.22876,1.22887,4.50,3.75
2012.07.27 04:43:35.500,1.22879,1.22887,1.50,3.00
2012.07.27 04:43:35.685,1.22879,1.2289,1.50,2.85
2012.07.27 04:43:35.984,1.2288,1.22891,1.50,2.10
2012.07.27 04:43:36.222,1.2288,1.22891,4.50,1.35
2012.07.27 04:43:36.758,1.2288,1.22892,4.50,2.25
2012.07.27 04:43:42.281,1.22882,1.22892,1.50,2.55
2012.07.27 04:43:45.181,1.22882,1.2289,1.50,1.50
2012.07.27 04:43:45.713,1.2288,1.22891,2.25,3.75
2012.07.27 04:43:45.836,1.22878,1.22889,3.75,1.50
2012.07.27 04:43:46.373,1.22879,1.2289,5.25,1.50
2012.07.27 04:43:46.908,1.22879,1.2289,1.50,3.00
2012.07.27 04:43:47.602,1.22879,1.2289,7.50,1.50
2012.07.27 04:43:53.421,1.2288,1.22892,1.50,4.05
2012.07.27 04:43:53.599,1.2288,1.22892,3.00,1.80
2012.07.27 04:43:55.901,1.2288,1.2289,2.25,1.50
2012.07.27 04:43:56.083,1.22879,1.2289,1.13,1.50
2012.07.27 04:43:56.499,1.22879,1.22889,2.63,1.35
2012.07.27 04:43:56.743,1.22876,1.22888,3.00,3.75
2012.07.27 04:43:57.276,1.22876,1.22888,1.50,3.00
2012.07.27 04:44:01.987,1.22877,1.22889,4.50,2.10
2012.07.27 04:44:02.495,1.22878,1.2289,2.25,1.50
2012.07.27 04:44:02.676,1.22879,1.22891,3.00,2.85
2012.07.27 04:44:03.221,1.22881,1.22893,2.25,4.05
2012.07.27 04:44:03.751,1.22881,1.22891,2.25,1.50
2012.07.27 04:44:04.280,1.22881,1.22889,2.25,1.50
2012.07.27 04:44:04.472,1.22881,1.22892,2.25,4.50
2012.07.27 04:44:05.881,1.22879,1.22892,5.63,4.50
2012.07.27 04:44:06.065,1.22879,1.22889,3.75,2.25
2012.07.27 04:44:06.424,1.22877,1.22887,1.50,1.50
2012.07.27 04:44:06.606,1.22877,1.2289,3.79,5.37
2012.07.27 04:44:06.847,1.22881,1.2289,1.13,3.30
2012.07.27 04:44:07.150,1.22883,1.22892,2.63,2.25
2012.07.27 04:44:07.275,1.22883,1.22894,5.63,1.35
2012.07.27 04:44:07.818,1.22881,1.22894,7.50,1.05
2012.07.27 04:44:08.124,1.22881,1.22892,3.38,1.50
2012.07.27 04:44:08.188,1.22881,1.22892,1.50,2.25
2012.07.27 04:44:08.631,1.2288,1.2289,3.38,1.50
2012.07.27 04:44:08.935,1.2288,1.2289,1.13,3.00
2012.07.27 04:44:09.057,1.22879,1.2289,2.69,3.75
2012.07.27 04:44:09.358,1.22877,1.22887,1.50,1.50
2012.07.27 04:44:09.482,1.22877,1.22888,1.50,3.75
2012.07.27 04:44:10.012,1.22877,1.22888,1.50,3.00
2012.07.27 04:44:10.369,1.22879,1.2289,2.25,3.38
2012.07.27 04:44:10.731,1.2288,1.22892,2.25,3.60
2012.07.27 04:44:11.032,1.22882,1.22893,2.25,2.25
2012.07.27 04:44:12.355,1.22882,1.22892,1.50,2.25
2012.07.27 04:44:12.889,1.22881,1.22892,2.25,4.88
2012.07.27 04:44:13.392,1.2288,1.2289,1.50,1.50
2012.07.27 04:44:15.175,1.22879,1.2289,4.50,3.23
2012.07.27 04:44:15.299,1.22879,1.2289,2.25,3.23
2012.07.27 04:44:15.775,1.22879,1.22892,3.00,4.88
2012.07.27 04:44:15.839,1.22879,1.22892,3.00,4.13
2012.07.27 04:44:17.099,1.22882,1.22892,2.25,1.50
2012.07.27 04:44:18.637,1.22882,1.22892,2.25,1.50
2012.07.27 04:44:19.177,1.22882,1.22895,3.00,7.73
2012.07.27 04:44:19.477,1.22882,1.22895,4.50,3.75
2012.07.27 04:44:20.005,1.22882,1.22895,4.50,3.75
2012.07.27 04:44:20.421,1.22885,1.22895,2.63,1.50
2012.07.27 04:44:20.723,1.22886,1.22897,3.38,1.50
2012.07.27 04:44:20.906,1.22888,1.22899,2.25,1.50
2012.07.27 04:44:21.437,1.22889,1.229,3.38,1.50
2012.07.27 04:44:21.677,1.22887,1.229,5.25,1.50
2012.07.27 04:44:22.842,1.22887,1.22899,1.50,4.50
2012.07.27 04:44:23.088,1.22886,1.22898,7.13,1.50
2012.07.27 04:44:23.448,1.22886,1.22895,2.25,1.88
2012.07.27 04:44:23.515,1.22884,1.22895,3.75,2.63
2012.07.27 04:44:23.758,1.22884,1.22894,1.50,1.50
2012.07.27 04:44:23.822,1.22884,1.22895,1.50,3.38
2012.07.27 04:44:24.355,1.22883,1.22894,1.50,3.00
2012.07.27 04:44:24.950,1.22881,1.22894,3.00,3.00
2012.07.27 04:44:25.354,1.22881,1.22893,2.25,1.50
2012.07.27 04:44:25.887,1.22881,1.22893,2.25,1.50
2012.07.27 04:44:27.313,1.22883,1.22894,1.50,1.50
2012.07.27 04:44:27.668,1.22883,1.22895,1.50,3.75
2012.07.27 04:44:28.201,1.22882,1.22893,3.75,2.25
2012.07.27 04:44:28.555,1.22886,1.22895,1.88,2.25
2012.07.27 04:44:28.620,1.22886,1.22896,1.88,2.63
2012.07.27 04:44:28.686,1.22888,1.22896,1.50,2.25
2012.07.27 04:44:28.869,1.22888,1.22898,1.50,1.50
2012.07.27 04:44:29.346,1.22888,1.22899,2.25,1.50
2012.07.27 04:44:29.644,1.22888,1.229,2.25,3.00
2012.07.27 04:44:30.288,1.22888,1.229,3.75,1.50
2012.07.27 04:44:32.276,1.22888,1.22899,3.75,1.50
2012.07.27 04:44:32.575,1.22888,1.22899,3.00,4.50
2012.07.27 04:44:32.992,1.22886,1.22897,1.50,1.50
2012.07.27 04:44:34.045,1.22886,1.22897,2.25,3.75
2012.07.27 04:44:34.477,1.22883,1.22895,3.75,3.00
2012.07.27 04:44:34.602,1.22883,1.22895,2.25,4.50
2012.07.27 04:44:34.784,1.22883,1.22894,2.25,2.25
2012.07.27 04:44:36.437,1.22883,1.22893,2.25,1.35
2012.07.27 04:44:36.977,1.22883,1.22891,2.25,1.50
2012.07.27 04:44:37.335,1.22887,1.22895,1.50,1.50
2012.07.27 04:44:37.576,1.22887,1.22896,1.50,2.25
2012.07.27 04:44:37.819,1.22889,1.22898,1.50,1.50
2012.07.27 04:44:38.002,1.22889,1.22899,1.50,1.50
2012.07.27 04:44:38.533,1.22889,1.229,1.50,1.50
2012.07.27 04:44:39.064,1.22889,1.229,1.50,1.50
2012.07.27 04:44:39.362,1.22892,1.22901,1.50,1.50
2012.07.27 04:44:39.718,1.22892,1.22902,2.25,2.25
2012.07.27 04:44:39.783,1.22891,1.22902,3.75,1.50
2012.07.27 04:44:45.146,1.22896,1.22904,2.25,1.13
2012.07.27 04:44:45.211,1.22896,1.22907,3.00,3.75
2012.07.27 04:44:45.510,1.22897,1.22907,1.13,1.50
2012.07.27 04:44:45.813,1.22897,1.22909,1.88,2.25
2012.07.27 04:44:45.877,1.22897,1.22907,1.13,1.50
2012.07.27 04:44:46.404,1.22897,1.22907,1.13,1.50
2012.07.27 04:44:47.493,1.22896,1.22907,3.00,2.63
2012.07.27 04:44:47.798,1.22893,1.22902,3.00,1.50
2012.07.27 04:44:47.984,1.22887,1.22899,3.38,3.00
2012.07.27 04:44:48.285,1.22889,1.229,3.82,1.13
2012.07.27 04:44:48.589,1.22898,1.22904,1.50,1.50
2012.07.27 04:44:48.655,1.22898,1.22905,1.50,1.13
2012.07.27 04:44:48.720,1.22898,1.22907,1.50,3.38
2012.07.27 04:44:49.024,1.22899,1.22911,3.75,1.50
2012.07.27 04:44:49.910,1.22902,1.22911,1.50,1.50
2012.07.27 04:44:50.325,1.229,1.2291,1.50,2.63
2012.07.27 04:44:50.740,1.22898,1.22909,3.00,3.00
2012.07.27 04:44:52.746,1.22898,1.22909,3.38,3.00
2012.07.27 04:44:52.811,1.22901,1.22909,1.50,1.50
2012.07.27 04:44:53.344,1.22899,1.2291,3.38,1.50
2012.07.27 04:44:54.825,1.22901,1.2291,1.50,1.50
2012.07.27 04:44:55.468,1.229,1.2291,1.50,1.50
2012.07.27 04:44:56.640,1.22901,1.22911,1.50,1.50
2012.07.27 04:44:57.175,1.229,1.22911,3.00,4.50
2012.07.27 04:44:57.764,1.22901,1.22911,1.50,3.00
2012.07.27 04:44:58.474,1.22901,1.22911,1.50,4.32
2012.07.27 04:44:58.655,1.22897,1.22909,8.14,1.13
2012.07.27 04:44:58.780,1.229,1.22909,1.50,1.13
2012.07.27 04:44:59.078,1.22897,1.22909,8.10,1.88
2012.07.27 04:44:59.663,1.229,1.22909,1.50,1.88
2012.07.27 04:45:00.685,1.229,1.22909,1.50,1.88
2012.07.27 04:45:00.865,1.22898,1.22909,2.25,3.38
2012.07.27 04:45:01.476,1.22899,1.22909,1.50,1.88
2012.07.27 04:45:02.005,1.22898,1.22909,2.25,4.88
2012.07.27 04:45:09.772,1.22898,1.22909,1.88,1.50
2012.07.27 04:45:11.006,1.22898,1.22909,3.38,3.38
2012.07.27 04:45:11.538,1.22898,1.22908,1.13,2.25
2012.07.27 04:45:12.181,1.229,1.22909,1.50,1.50
2012.07.27 04:45:12.739,1.22898,1.22909,4.13,3.00
2012.07.27 04:45:16.573,1.22898,1.22909,2.25,3.75
2012.07.27 04:45:17.720,1.22899,1.22908,2.25,1.13
2012.07.27 04:45:18.723,1.22896,1.22907,6.00,2.25
2012.07.27 04:45:22.315,1.22898,1.22908,2.25,1.50
2012.07.27 04:45:22.932,1.22899,1.22909,2.25,1.88
2012.07.27 04:45:23.463,1.22898,1.22909,3.00,3.75
2012.07.27 04:45:26.507,1.22898,1.22909,3.00,4.50
2012.07.27 04:45:26.961,1.22897,1.22907,3.75,1.13
2012.07.27 04:45:36.381,1.22898,1.22907,1.50,1.13
2012.07.27 04:45:36.750,1.22898,1.22909,2.25,5.63
2012.07.27 04:45:37.279,1.22896,1.22907,4.50,1.50
2012.07.27 04:45:40.816,1.22897,1.22907,1.50,1.50
2012.07.27 04:45:41.344,1.22896,1.22907,4.50,3.00
2012.07.27 04:45:44.268,1.22897,1.22907,1.50,1.50
2012.07.27 04:45:44.795,1.22897,1.22908,3.75,1.88
2012.07.27 04:45:45.208,1.229,1.22908,1.50,1.50
2012.07.27 04:45:46.140,1.229,1.22911,1.50,4.13
2012.07.27 04:45:46.783,1.229,1.2291,1.50,1.50
2012.07.27 04:45:47.334,1.229,1.22911,1.50,3.38
2012.07.27 04:45:47.976,1.229,1.2291,1.50,1.50
2012.07.27 04:45:48.040,1.22898,1.2291,3.75,2.25
2012.07.27 04:45:48.221,1.22898,1.22909,3.00,2.25
2012.07.27 04:45:48.343,1.22898,1.22909,3.00,3.00
2012.07.27 04:45:48.465,1.22898,1.22907,3.00,1.50
2012.07.27 04:45:48.588,1.22898,1.22909,4.50,3.75
2012.07.27 04:45:48.711,1.22897,1.22907,2.25,1.50
2012.07.27 04:45:50.791,1.22897,1.22908,2.25,2.25
2012.07.27 04:45:51.517,1.22897,1.22908,2.25,2.25
2012.07.27 04:45:51.874,1.22896,1.22907,4.50,3.00
2012.07.27 04:45:51.939,1.22897,1.22907,2.25,1.50
2012.07.27 04:45:52.002,1.22899,1.22909,1.50,1.50
2012.07.27 04:45:52.823,1.22901,1.2291,1.50,1.50
2012.07.27 04:45:52.945,1.22899,1.2291,3.00,3.00
2012.07.27 04:45:53.466,1.22899,1.2291,2.25,2.25
2012.07.27 04:45:54.050,1.22899,1.2291,2.25,1.50
2012.07.27 04:45:55.179,1.22899,1.2291,2.25,3.38
2012.07.27 04:45:55.652,1.22897,1.22909,2.25,2.25
2012.07.27 04:45:55.777,1.22898,1.22908,1.50,1.50
2012.07.27 04:45:56.018,1.22901,1.22908,1.50,1.50
2012.07.27 04:45:56.375,1.22903,1.22908,1.50,1.50
2012.07.27 04:45:56.643,1.229,1.22911,2.25,2.85
2012.07.27 04:45:56.764,1.229,1.22911,3.00,2.10
2012.07.27 04:45:57.293,1.229,1.22911,2.25,1.35
2012.07.27 04:45:58.970,1.22901,1.22911,2.25,1.35
2012.07.27 04:45:59.403,1.22901,1.22911,3.00,1.35
2012.07.27 04:45:59.468,1.22904,1.22912,1.50,3.38
2012.07.27 04:45:59.593,1.22903,1.22913,3.60,3.00
2012.07.27 04:45:59.954,1.22908,1.22914,1.50,1.80
2012.07.27 04:46:00.277,1.22907,1.22916,1.50,1.88
2012.07.27 04:46:00.807,1.22907,1.22916,1.50,1.50
2012.07.27 04:46:01.322,1.22907,1.22916,1.50,1.50
2012.07.27 04:46:01.966,1.22907,1.22917,1.50,1.50
2012.07.27 04:46:22.470,1.22906,1.22917,4.50,3.00
2012.07.27 04:46:22.990,1.22906,1.22917,4.50,3.00
2012.07.27 04:46:23.800,1.22906,1.22917,5.25,3.00
2012.07.27 04:46:27.176,1.22906,1.22917,4.88,3.75
2012.07.27 04:46:27.863,1.22906,1.22917,4.88,4.50
2012.07.27 04:46:27.928,1.22906,1.22916,4.88,2.25
2012.07.27 04:46:28.273,1.22902,1.22913,1.88,3.00
2012.07.27 04:46:28.574,1.229,1.22908,2.25,1.88
2012.07.27 04:46:28.699,1.22898,1.22907,2.25,2.25
2012.07.27 04:46:28.764,1.22898,1.22907,1.50,1.50
2012.07.27 04:46:28.829,1.22898,1.22907,1.50,2.25
2012.07.27 04:46:29.364,1.22897,1.22907,3.00,1.50
2012.07.27 04:46:30.333,1.22897,1.22907,2.25,1.50
2012.07.27 04:46:37.258,1.22898,1.22908,3.75,1.13
2012.07.27 04:46:38.589,1.22898,1.22907,1.50,1.50
2012.07.27 04:46:41.024,1.22896,1.22906,3.23,1.50
2012.07.27 04:46:41.093,1.22896,1.22904,3.23,1.50
2012.07.27 04:46:41.619,1.22896,1.22904,2.48,1.50
2012.07.27 04:46:42.882,1.22896,1.22906,2.48,2.25
2012.07.27 04:46:53.000,1.22895,1.22905,2.25,2.25
2012.07.27 04:46:53.527,1.22895,1.22905,1.50,1.50
2012.07.27 04:46:54.057,1.22894,1.22905,5.32,1.50
2012.07.27 04:46:54.563,1.22894,1.22905,4.88,1.50
2012.07.27 04:47:03.192,1.22895,1.22904,1.50,1.50
2012.07.27 04:47:03.542,1.22894,1.22902,3.75,1.50
2012.07.27 04:47:05.218,1.22895,1.22906,1.50,3.00
2012.07.27 04:47:06.419,1.22897,1.22907,1.50,1.50
2012.07.27 04:47:06.948,1.22897,1.22907,1.50,1.50
2012.07.27 04:47:07.500,1.22895,1.22906,2.25,1.50
2012.07.27 04:47:14.666,1.22895,1.22906,1.50,3.00
2012.07.27 04:47:15.025,1.22893,1.22901,1.50,1.50
2012.07.27 04:47:15.328,1.2289,1.22897,1.50,1.88
2012.07.27 04:47:15.630,1.22887,1.22895,1.19,2.25
2012.07.27 04:47:15.811,1.22886,1.22895,1.05,2.25
2012.07.27 04:47:15.935,1.22884,1.22895,6.38,2.25
2012.07.27 04:47:16.473,1.22886,1.22896,1.50,1.50
2012.07.27 04:47:16.992,1.22886,1.22897,1.50,3.38
2012.07.27 04:47:18.833,1.22886,1.22897,2.25,2.63
2012.07.27 04:47:20.599,1.22886,1.22897,1.50,3.00
2012.07.27 04:47:22.037,1.22886,1.22897,2.25,3.00
2012.07.27 04:47:28.870,1.22886,1.22897,1.50,2.25
2012.07.27 04:47:29.462,1.22886,1.22895,1.50,1.50
2012.07.27 04:47:29.528,1.22886,1.22897,3.75,2.25
2012.07.27 04:47:29.887,1.22888,1.22898,2.25,1.13
2012.07.27 04:47:30.012,1.22889,1.229,3.00,1.50
2012.07.27 04:47:30.135,1.22892,1.22902,2.25,1.50
2012.07.27 04:47:30.200,1.22892,1.22903,3.00,3.75
2012.07.27 04:47:30.324,1.22891,1.22901,1.50,1.50
2012.07.27 04:47:30.680,1.2289,1.22899,3.75,1.50
2012.07.27 04:47:31.272,1.2289,1.22901,3.00,2.25
2012.07.27 04:47:31.512,1.22889,1.22899,3.75,1.50
2012.07.27 04:47:31.870,1.22887,1.22897,1.13,1.88
2012.07.27 04:47:32.173,1.22886,1.22895,2.25,1.50
2012.07.27 04:47:32.532,1.22883,1.22893,3.00,1.50
2012.07.27 04:47:33.059,1.22883,1.22895,3.75,1.50
2012.07.27 04:47:33.588,1.22883,1.22893,1.88,1.50
2012.07.27 04:47:34.141,1.22882,1.22893,2.25,1.50
2012.07.27 04:47:35.499,1.22882,1.22894,3.75,2.25
2012.07.27 04:47:37.835,1.22882,1.22894,3.75,2.25
2012.07.27 04:47:43.325,1.22886,1.22895,1.50,2.25
2012.07.27 04:47:43.900,1.22884,1.22894,1.88,2.25
2012.07.27 04:47:43.966,1.22883,1.22893,1.50,1.50
2012.07.27 04:47:44.207,1.22882,1.22892,1.50,3.00
2012.07.27 04:47:44.507,1.2288,1.2289,1.13,3.00
2012.07.27 04:47:46.290,1.22879,1.22889,1.50,1.50
2012.07.27 04:47:46.354,1.22879,1.22889,1.50,1.88
2012.07.27 04:47:46.419,1.22879,1.22891,2.25,3.75
2012.07.27 04:47:46.602,1.22878,1.2289,2.25,2.25
2012.07.27 04:47:47.133,1.2288,1.22891,2.25,1.50
2012.07.27 04:47:47.373,1.22882,1.22892,1.50,1.50
2012.07.27 04:47:47.675,1.22886,1.22896,2.25,1.50
2012.07.27 04:47:48.442,1.22887,1.22899,2.25,3.75
2012.07.27 04:47:49.063,1.22887,1.22899,2.63,3.00
2012.07.27 04:48:06.950,1.22888,1.229,1.13,3.75
2012.07.27 04:48:07.073,1.2289,1.229,1.50,2.25
2012.07.27 04:48:10.216,1.2289,1.22901,1.88,1.50
2012.07.27 04:48:10.738,1.2289,1.22902,4.88,1.50
2012.07.27 04:48:11.278,1.22891,1.22902,1.13,1.50
2012.07.27 04:48:21.499,1.22891,1.22902,2.63,1.50
2012.07.27 04:48:24.019,1.22891,1.22902,2.63,1.50
2012.07.27 04:48:24.374,1.22893,1.22903,1.50,2.25
2012.07.27 04:48:24.926,1.22893,1.22903,1.50,1.50
2012.07.27 04:48:28.720,1.22893,1.22901,1.50,1.50
2012.07.27 04:48:29.266,1.22893,1.22901,1.50,1.50
2012.07.27 04:48:30.324,1.22892,1.22901,1.13,1.50
2012.07.27 04:48:32.194,1.22892,1.22903,2.25,2.25
2012.07.27 04:48:38.901,1.22892,1.22903,1.88,2.25
2012.07.27 04:48:46.221,1.22892,1.22904,1.88,2.63
2012.07.27 04:48:46.873,1.22892,1.22902,1.13,1.50
2012.07.27 04:48:48.640,1.22892,1.22902,3.38,2.25
2012.07.27 04:49:00.088,1.22892,1.22902,3.38,1.50
2012.07.27 04:49:07.587,1.22895,1.22904,1.50,1.50
2012.07.27 04:49:08.789,1.22892,1.22904,2.63,3.75
2012.07.27 04:49:08.854,1.22893,1.229,1.50,1.32
2012.07.27 04:49:08.919,1.22892,1.229,1.13,1.32
2012.07.27 04:49:08.983,1.22891,1.22901,3.75,2.44
2012.07.27 04:49:09.105,1.22891,1.22901,3.00,3.94
2012.07.27 04:49:09.467,1.22889,1.22898,1.80,2.25
2012.07.27 04:49:09.532,1.22889,1.22897,1.80,3.00
2012.07.27 04:49:09.658,1.22884,1.22896,6.00,3.75
2012.07.27 04:49:14.813,1.22886,1.22895,1.50,1.13
2012.07.27 04:49:15.342,1.22889,1.22897,1.50,1.50
2012.07.27 04:49:15.464,1.22887,1.22897,1.50,3.00
2012.07.27 04:49:16.164,1.22887,1.22897,1.50,2.25
2012.07.27 04:49:16.670,1.22888,1.22898,1.50,3.00
2012.07.27 04:49:17.027,1.22891,1.22898,1.50,1.50
2012.07.27 04:49:17.566,1.2289,1.22901,3.00,3.00
2012.07.27 04:49:17.748,1.22893,1.22903,1.50,6.75
2012.07.27 04:49:18.279,1.22894,1.22903,1.50,1.50
2012.07.27 04:49:19.323,1.22892,1.22904,3.38,2.25
2012.07.27 04:49:19.854,1.22891,1.22902,1.50,1.50
2012.07.27 04:49:24.368,1.22892,1.22902,1.50,1.50
2012.07.27 04:49:24.891,1.22893,1.22903,1.50,1.13
2012.07.27 04:49:24.956,1.22896,1.22906,1.50,2.93
2012.07.27 04:49:25.257,1.22899,1.22907,1.50,1.13
2012.07.27 04:49:25.619,1.22899,1.22909,3.75,3.00
2012.07.27 04:49:26.158,1.22899,1.22909,3.38,3.00
2012.07.27 04:49:29.097,1.22899,1.22909,2.63,2.25
2012.07.27 04:49:29.633,1.22899,1.22907,1.13,1.50
2012.07.27 04:49:29.813,1.22899,1.2291,1.13,3.00
2012.07.27 04:49:30.341,1.22898,1.2291,5.63,4.88
2012.07.27 04:49:32.076,1.22898,1.22908,4.13,1.50
2012.07.27 04:49:42.396,1.22898,1.22909,4.88,1.13
2012.07.27 04:50:08.026,1.22899,1.2291,2.63,1.88
2012.07.27 04:50:08.600,1.22899,1.22911,1.88,2.25
2012.07.27 04:50:09.151,1.22899,1.22909,3.38,1.50
2012.07.27 04:50:27.782,1.22899,1.22907,1.50,1.50
2012.07.27 04:50:28.083,1.22897,1.22904,1.50,2.25
2012.07.27 04:50:28.148,1.22895,1.22904,2.55,1.50
2012.07.27 04:50:28.330,1.22895,1.22902,1.80,1.50
2012.07.27 04:50:28.811,1.22895,1.22905,1.50,3.38
2012.07.27 04:50:29.344,1.22895,1.22905,2.25,1.13
2012.07.27 04:50:30.412,1.22895,1.22906,2.25,1.13
2012.07.27 04:50:30.876,1.22895,1.22905,2.85,1.50
2012.07.27 04:50:31.433,1.22897,1.22907,2.25,1.13
2012.07.27 04:50:32.237,1.22896,1.22907,3.75,2.25
2012.07.27 04:50:32.773,1.22896,1.22905,3.75,1.50
2012.07.27 04:50:33.075,1.22893,1.22903,2.63,1.50
2012.07.27 04:50:33.491,1.22892,1.22901,1.13,1.50
2012.07.27 04:50:33.788,1.22891,1.22901,4.88,2.25
2012.07.27 04:50:34.086,1.22891,1.22898,1.88,1.50
2012.07.27 04:50:34.619,1.22891,1.229,1.50,2.25
2012.07.27 04:50:34.918,1.22891,1.22902,3.75,1.50
2012.07.27 04:50:35.275,1.22893,1.22904,2.25,1.88
2012.07.27 04:50:35.806,1.22893,1.22904,3.75,1.13
2012.07.27 04:50:38.783,1.22894,1.22905,1.88,3.00
2012.07.27 04:50:39.333,1.22894,1.22904,2.25,3.00
2012.07.27 04:50:39.750,1.22896,1.22904,3.00,1.50
2012.07.27 04:50:39.873,1.22897,1.22907,1.50,1.50
2012.07.27 04:50:40.231,1.22898,1.22909,4.88,3.00
2012.07.27 04:50:40.774,1.229,1.22909,1.13,3.00
2012.07.27 04:50:44.386,1.22899,1.22906,1.13,1.50
2012.07.27 04:50:44.622,1.22899,1.22909,1.13,2.25
2012.07.27 04:51:02.936,1.22899,1.22909,1.13,3.00
2012.07.27 04:51:05.380,1.22899,1.22909,1.13,1.88
2012.07.27 04:51:07.056,1.22899,1.22909,1.13,2.63
2012.07.27 04:51:12.028,1.22899,1.22909,3.38,2.25
2012.07.27 04:51:12.554,1.22899,1.2291,4.50,2.25
2012.07.27 04:51:18.960,1.229,1.22911,2.25,3.75
2012.07.27 04:51:26.235,1.22899,1.22904,1.88,1.50
2012.07.27 04:51:29.295,1.22899,1.22904,2.63,1.50
2012.07.27 04:51:29.801,1.22899,1.22907,2.63,2.25
2012.07.27 04:51:51.443,1.22899,1.22904,1.88,1.50
2012.07.27 04:51:51.737,1.22898,1.22906,4.13,1.50
2012.07.27 04:51:52.259,1.22898,1.22906,4.13,1.50
2012.07.27 04:52:26.019,1.22899,1.22908,2.25,3.00
2012.07.27 04:52:26.255,1.229,1.22908,1.50,1.50
2012.07.27 04:52:26.616,1.229,1.2291,3.00,1.50
2012.07.27 04:52:26.737,1.229,1.22908,1.50,1.50
2012.07.27 04:52:30.655,1.22901,1.22911,1.13,1.50
2012.07.27 04:52:34.161,1.22901,1.22911,1.13,1.50
2012.07.27 04:52:34.393,1.22901,1.22908,1.13,1.50
2012.07.27 04:52:37.064,1.229,1.22908,2.25,1.50
2012.07.27 04:52:37.765,1.229,1.22907,2.25,1.50
2012.07.27 04:52:38.231,1.229,1.22909,1.50,1.50
2012.07.27 04:52:38.466,1.229,1.22906,1.50,1.50
2012.07.27 04:52:38.778,1.22899,1.22904,1.13,1.50
2012.07.27 04:52:42.559,1.22899,1.22904,1.50,1.50
2012.07.27 04:52:45.165,1.22898,1.22904,2.25,1.50
2012.07.27 04:52:56.536,1.22897,1.22903,1.50,1.50
2012.07.27 04:52:56.720,1.22897,1.22905,1.50,1.50
2012.07.27 04:52:56.848,1.22897,1.22904,1.50,1.50
2012.07.27 04:52:56.970,1.22897,1.22905,1.50,1.50
2012.07.27 04:52:57.034,1.22896,1.22907,4.88,3.75
2012.07.27 04:52:57.310,1.22898,1.22908,1.88,2.25
2012.07.27 04:52:57.821,1.22898,1.22908,1.13,1.50
2012.07.27 04:52:58.208,1.22898,1.22906,1.13,1.50
2012.07.27 04:52:58.755,1.22898,1.22906,2.25,1.50
2012.07.27 04:53:01.030,1.22899,1.22909,1.50,2.25
2012.07.27 04:53:11.583,1.22899,1.22909,1.50,2.25
2012.07.27 04:53:17.987,1.22899,1.22909,1.50,3.00
2012.07.27 04:53:18.300,1.22899,1.22909,1.50,3.38
2012.07.27 04:53:18.605,1.22897,1.22905,3.00,2.25
2012.07.27 04:53:19.149,1.22896,1.22906,2.25,2.25
2012.07.27 04:53:19.677,1.22894,1.22904,3.75,1.13
2012.07.27 04:53:19.979,1.22893,1.22903,2.25,3.75
2012.07.27 04:53:20.219,1.22891,1.229,2.25,1.50
2012.07.27 04:53:20.283,1.22891,1.229,2.25,1.50
2012.07.27 04:53:20.465,1.22889,1.229,3.75,4.50
2012.07.27 04:53:20.707,1.22888,1.229,3.38,3.38
2012.07.27 04:53:21.125,1.22891,1.22901,2.25,2.25
2012.07.27 04:53:21.426,1.22892,1.22902,3.00,1.50
2012.07.27 04:53:21.548,1.22893,1.22904,3.00,2.25
2012.07.27 04:53:22.076,1.22897,1.22905,1.50,2.25
2012.07.27 04:53:25.872,1.22897,1.22905,1.50,3.38
2012.07.27 04:53:25.994,1.22895,1.22905,2.25,4.88
2012.07.27 04:53:26.484,1.22895,1.22905,2.25,3.38
2012.07.27 04:53:26.547,1.22895,1.22905,2.25,3.00
2012.07.27 04:53:27.077,1.22895,1.22904,2.25,1.50
2012.07.27 04:53:27.320,1.22895,1.22904,2.25,1.50
2012.07.27 04:53:27.618,1.22895,1.22902,1.50,1.13
2012.07.27 04:53:27.741,1.22893,1.22901,1.50,1.50
2012.07.27 04:53:27.941,1.22889,1.229,3.75,3.00
2012.07.27 04:53:28.182,1.22889,1.22898,1.50,1.50
2012.07.27 04:53:28.859,1.22889,1.229,1.50,4.13
2012.07.27 04:53:29.383,1.22889,1.22899,1.50,1.13
2012.07.27 04:53:30.125,1.22889,1.229,3.75,3.38
2012.07.27 04:53:30.425,1.2289,1.22899,1.95,3.38
2012.07.27 04:53:30.547,1.2289,1.22899,1.95,2.63
2012.07.27 04:53:31.080,1.22891,1.229,1.50,1.50
2012.07.27 04:53:32.558,1.2289,1.22899,1.50,1.50
2012.07.27 04:53:33.084,1.22889,1.22899,3.75,2.25
2012.07.27 04:53:35.211,1.22889,1.22899,3.75,3.38
2012.07.27 04:53:35.714,1.22889,1.22899,3.75,4.13
2012.07.27 04:53:36.345,1.22889,1.22899,3.75,3.00
2012.07.27 04:53:40.964,1.22889,1.22899,2.25,1.88
2012.07.27 04:53:41.086,1.22892,1.22902,2.25,1.50
2012.07.27 04:53:41.268,1.22894,1.22903,1.50,2.25
2012.07.27 04:53:42.267,1.22893,1.22903,2.25,3.38
2012.07.27 04:53:42.815,1.22893,1.22903,2.25,4.13
2012.07.27 04:53:49.101,1.22893,1.22903,2.25,3.00
2012.07.27 04:54:09.007,1.22893,1.22903,2.25,2.25
2012.07.27 04:54:13.395,1.22891,1.22902,1.50,3.00
2012.07.27 04:54:13.925,1.22891,1.22901,2.25,2.25
2012.07.27 04:54:14.443,1.22891,1.229,2.25,1.50
2012.07.27 04:54:14.973,1.22889,1.22899,3.75,2.25
2012.07.27 04:54:27.284,1.22889,1.22899,3.00,4.50
2012.07.27 04:54:27.812,1.22889,1.22897,1.50,1.50
2012.07.27 04:54:28.541,1.22889,1.22899,3.00,4.50
2012.07.27 04:54:30.337,1.22889,1.22899,2.25,3.38
2012.07.27 04:54:33.516,1.22891,1.229,1.50,2.25
2012.07.27 04:54:33.876,1.22892,1.229,4.50,1.50
2012.07.27 04:54:34.412,1.22895,1.22903,1.50,1.88
2012.07.27 04:54:34.942,1.22893,1.22903,2.25,3.38
2012.07.27 04:54:36.412,1.22894,1.22903,2.63,3.00
2012.07.27 04:54:36.833,1.22895,1.22903,6.75,1.50
2012.07.27 04:54:36.897,1.22898,1.22907,2.25,2.25
2012.07.27 04:54:37.581,1.22898,1.22908,2.25,2.25
2012.07.27 04:54:40.374,1.22896,1.22902,1.50,1.50
2012.07.27 04:54:42.109,1.22895,1.22901,3.00,1.50
2012.07.27 04:54:42.967,1.22896,1.22903,1.50,1.50
2012.07.27 04:54:46.924,1.22896,1.22904,1.88,1.50
2012.07.27 04:54:47.450,1.22898,1.22903,1.13,1.50
2012.07.27 04:54:54.722,1.22897,1.22904,1.13,3.00
2012.07.27 04:54:55.251,1.22897,1.22904,1.13,1.50
2012.07.27 04:54:55.434,1.22899,1.22907,1.50,1.50
2012.07.27 04:54:55.556,1.22899,1.22907,1.50,1.50
2012.07.27 04:54:55.915,1.22899,1.22905,3.75,1.50
2012.07.27 04:54:58.137,1.22898,1.22904,5.10,1.50
2012.07.27 04:54:58.376,1.22898,1.22906,5.25,1.50
2012.07.27 04:55:02.156,1.22898,1.22904,5.25,1.50
2012.07.27 04:55:06.115,1.22898,1.22904,4.50,1.50
2012.07.27 04:55:07.101,1.22899,1.22906,1.13,1.50
2012.07.27 04:55:09.484,1.22899,1.22904,2.25,1.50
2012.07.27 04:55:09.548,1.22896,1.22904,1.88,1.50
2012.07.27 04:55:10.154,1.22896,1.22903,1.88,1.50
2012.07.27 04:55:11.719,1.22896,1.22903,1.88,1.50
2012.07.27 04:55:17.911,1.22896,1.22904,1.50,1.50
2012.07.27 04:55:18.148,1.22896,1.22906,3.00,3.00
2012.07.27 04:55:18.445,1.22898,1.22908,1.50,3.00
2012.07.27 04:55:18.977,1.22898,1.22907,1.13,1.50
2012.07.27 04:55:19.042,1.22898,1.22904,1.13,1.50
2012.07.27 04:55:19.286,1.22895,1.22903,2.63,1.50
2012.07.27 04:55:19.643,1.22896,1.22906,3.00,1.50
2012.07.27 04:55:20.254,1.22897,1.22906,1.13,1.50
2012.07.27 04:55:22.252,1.22896,1.22905,2.25,1.50
2012.07.27 04:55:22.490,1.22896,1.22905,1.13,1.50
2012.07.27 04:55:23.398,1.22896,1.22905,1.13,1.50
2012.07.27 04:55:25.124,1.22895,1.22904,1.88,1.50
2012.07.27 04:55:27.980,1.22895,1.22904,1.88,1.50
2012.07.27 04:55:30.418,1.22895,1.22904,1.88,1.50
2012.07.27 04:55:30.944,1.22896,1.22904,5.25,1.50
2012.07.27 04:55:33.157,1.22896,1.22904,4.50,1.50
2012.07.27 04:55:33.747,1.22896,1.22902,1.50,1.50
2012.07.27 04:55:35.259,1.22895,1.22902,2.70,1.50
2012.07.27 04:55:36.793,1.22894,1.22905,2.70,1.50
2012.07.27 04:55:37.145,1.22895,1.22902,1.73,1.50
2012.07.27 04:55:37.557,1.22895,1.22904,1.73,1.50
2012.07.27 04:55:38.088,1.22895,1.22905,2.33,1.50
2012.07.27 04:55:38.634,1.22895,1.22905,1.88,1.50
2012.07.27 04:55:40.413,1.22895,1.229,1.35,1.50
2012.07.27 04:55:41.827,1.22897,1.22903,1.50,2.25
2012.07.27 04:55:44.358,1.22897,1.22902,1.50,1.50
2012.07.27 04:55:44.654,1.22894,1.229,2.48,1.50
2012.07.27 04:55:45.236,1.22895,1.22902,1.13,1.50
2012.07.27 04:55:45.361,1.22897,1.22904,1.13,3.00
2012.07.27 04:55:45.702,1.22901,1.22908,3.00,1.50
2012.07.27 04:55:46.237,1.22901,1.22907,1.50,1.50
2012.07.27 04:55:46.301,1.22899,1.22904,1.50,1.50
2012.07.27 04:55:46.859,1.22902,1.22907,1.50,2.25
2012.07.27 04:55:47.571,1.22899,1.22907,1.88,2.25
2012.07.27 04:55:48.073,1.22899,1.22907,3.00,2.25
2012.07.27 04:55:50.235,1.22899,1.22904,1.50,1.50
2012.07.27 04:55:50.769,1.22896,1.22903,3.75,1.50
2012.07.27 04:55:52.562,1.22899,1.22904,1.50,1.50
2012.07.27 04:55:52.802,1.22899,1.22907,1.50,1.50
2012.07.27 04:55:52.984,1.22901,1.22907,1.50,1.50
2012.07.27 04:56:00.754,1.22901,1.22908,1.50,1.50
2012.07.27 04:56:01.284,1.22902,1.22908,1.57,1.50
2012.07.27 04:56:01.347,1.22902,1.2291,1.57,3.00
2012.07.27 04:56:02.558,1.22901,1.22908,3.75,1.50
2012.07.27 04:56:02.859,1.22901,1.22906,1.88,1.50
2012.07.27 04:56:03.156,1.22901,1.22908,2.25,1.50
2012.07.27 04:56:03.896,1.22901,1.22907,1.88,1.50
2012.07.27 04:56:04.424,1.22901,1.22907,1.13,1.50
2012.07.27 04:56:12.327,1.22902,1.2291,1.13,2.25
2012.07.27 04:56:12.858,1.22901,1.22907,1.13,1.50
2012.07.27 04:56:14.626,1.22901,1.2291,2.25,2.25
2012.07.27 04:56:16.282,1.22901,1.22909,3.04,1.50
2012.07.27 04:56:16.520,1.22903,1.2291,1.50,1.50
2012.07.27 04:56:17.065,1.22904,1.2291,1.50,1.50
2012.07.27 04:56:17.479,1.22902,1.22908,2.25,1.50
2012.07.27 04:56:18.244,1.22903,1.22908,1.13,1.50
2012.07.27 04:56:21.083,1.22901,1.22906,2.63,1.50
2012.07.27 04:56:21.321,1.22902,1.22908,1.13,1.50
2012.07.27 04:56:22.523,1.22902,1.22907,1.13,1.50
2012.07.27 04:56:32.689,1.22906,1.22913,1.50,1.50
2012.07.27 04:56:32.812,1.22906,1.22914,1.88,1.13
2012.07.27 04:56:32.935,1.22906,1.22913,3.38,1.50
2012.07.27 04:56:33.530,1.22906,1.22913,1.13,1.50
2012.07.27 04:56:34.849,1.22906,1.22912,1.88,1.50
2012.07.27 04:56:35.209,1.22905,1.22911,3.15,1.50
2012.07.27 04:56:35.710,1.22905,1.22912,1.65,1.50
2012.07.27 04:56:38.021,1.22907,1.22914,1.13,1.50
2012.07.27 04:56:38.544,1.22906,1.22912,1.50,1.50
2012.07.27 04:56:40.907,1.22906,1.22912,1.50,1.50
2012.07.27 04:56:44.742,1.22905,1.2291,1.35,1.50
2012.07.27 04:56:45.274,1.22904,1.22911,1.50,1.50
2012.07.27 04:56:45.808,1.22904,1.22912,3.00,1.50
2012.07.27 04:56:47.427,1.22905,1.22912,2.25,1.50
2012.07.27 04:56:50.724,1.22904,1.22909,1.50,1.50
2012.07.27 04:56:51.253,1.22902,1.22908,3.60,1.50
2012.07.27 04:56:52.637,1.22902,1.22908,3.23,1.50
2012.07.27 04:56:58.397,1.22903,1.2291,1.13,1.50
2012.07.27 04:57:03.060,1.22904,1.2291,1.50,1.50
2012.07.27 04:57:03.475,1.22904,1.22912,1.50,1.50
2012.07.27 04:57:03.912,1.22903,1.22914,7.35,1.50
2012.07.27 04:57:07.882,1.22907,1.22912,1.50,1.50
2012.07.27 04:57:08.415,1.22907,1.22913,1.50,1.50
2012.07.27 04:57:30.320,1.22906,1.22912,1.50,1.50
2012.07.27 04:57:39.258,1.22905,1.22912,1.88,1.50
2012.07.27 04:57:39.441,1.22903,1.2291,3.75,1.50
2012.07.27 04:57:39.505,1.22903,1.2291,2.25,1.50
2012.07.27 04:57:40.154,1.22902,1.2291,4.50,1.50
2012.07.27 04:57:41.183,1.22902,1.2291,3.75,1.50
2012.07.27 04:57:44.428,1.22903,1.22911,1.50,1.50
2012.07.27 04:57:44.669,1.22904,1.22912,1.88,1.50
2012.07.27 04:57:45.029,1.22905,1.22914,1.50,1.50
2012.07.27 04:57:45.505,1.22905,1.22914,3.75,1.50
2012.07.27 04:57:45.628,1.22905,1.22916,5.63,1.50
2012.07.27 04:57:46.157,1.22905,1.22915,5.63,1.50
2012.07.27 04:57:54.607,1.22906,1.22915,1.13,1.50
2012.07.27 04:57:54.729,1.22906,1.22913,1.13,1.50
2012.07.27 04:57:54.850,1.22905,1.22913,2.25,1.50
2012.07.27 04:58:00.769,1.22905,1.22915,1.50,1.50
2012.07.27 04:58:04.163,1.22905,1.22913,1.50,1.50
2012.07.27 04:58:08.199,1.22904,1.22913,4.50,1.50
2012.07.27 04:58:08.721,1.22905,1.22917,2.25,3.75
2012.07.27 04:58:09.557,1.22905,1.22917,3.00,3.00
2012.07.27 04:58:11.258,1.22905,1.22915,1.50,1.50
2012.07.27 04:58:17.822,1.22905,1.22916,3.00,2.25
2012.07.27 04:58:20.659,1.22905,1.22917,4.50,2.25
2012.07.27 04:58:25.427,1.22906,1.22917,5.63,1.50
2012.07.27 04:58:25.947,1.22906,1.22917,5.63,1.50
2012.07.27 04:58:26.184,1.22906,1.22915,4.13,1.50
2012.07.27 04:58:30.184,1.22906,1.22917,4.13,1.50
2012.07.27 04:58:32.187,1.22906,1.22913,1.50,1.50
2012.07.27 04:58:32.539,1.22906,1.22915,1.50,1.50
2012.07.27 04:59:02.150,1.22905,1.22915,2.25,2.25
2012.07.27 04:59:02.388,1.22905,1.22915,1.50,5.10
2012.07.27 04:59:02.918,1.22903,1.22913,2.25,1.50
2012.07.27 04:59:03.447,1.22904,1.22913,2.25,1.50
2012.07.27 04:59:03.511,1.22905,1.22917,2.25,1.13
2012.07.27 04:59:04.069,1.22905,1.22915,3.00,1.50
2012.07.27 04:59:04.612,1.22905,1.22915,3.00,1.50
2012.07.27 04:59:06.037,1.22907,1.22917,2.25,2.25
2012.07.27 04:59:06.550,1.22905,1.22915,3.00,1.50
2012.07.27 04:59:06.789,1.22908,1.22918,2.25,2.25
2012.07.27 04:59:07.313,1.22908,1.22919,3.00,1.88
2012.07.27 04:59:07.434,1.22907,1.22917,5.25,1.50
2012.07.27 04:59:07.671,1.22907,1.22919,3.75,1.50
2012.07.27 04:59:09.518,1.22909,1.2292,1.13,5.25
2012.07.27 04:59:09.642,1.22909,1.2292,4.13,1.50
2012.07.27 04:59:09.707,1.2291,1.22921,2.25,3.00
2012.07.27 04:59:09.831,1.22912,1.22923,3.00,4.13
2012.07.27 04:59:09.954,1.22912,1.22924,4.50,2.63
2012.07.27 04:59:10.430,1.22914,1.22926,6.60,2.63
2012.07.27 04:59:10.552,1.22914,1.22922,5.10,1.50
2012.07.27 04:59:10.907,1.22914,1.22922,3.60,1.50
2012.07.27 04:59:12.500,1.22915,1.22925,2.25,3.75
2012.07.27 04:59:12.622,1.22915,1.22923,2.25,1.50
2012.07.27 04:59:15.623,1.22913,1.22923,4.50,1.88
2012.07.27 04:59:15.747,1.22911,1.22922,6.00,1.50
2012.07.27 04:59:15.812,1.2291,1.22918,3.75,1.50
2012.07.27 04:59:15.879,1.2291,1.22918,2.25,1.50
2012.07.27 04:59:16.059,1.22908,1.22915,1.50,1.50
2012.07.27 04:59:16.181,1.22908,1.22917,1.50,1.50
2012.07.27 04:59:17.367,1.22908,1.22917,1.50,1.50
2012.07.27 04:59:18.225,1.22909,1.22917,2.25,1.50
2012.07.27 04:59:18.751,1.22908,1.22917,1.50,1.50
2012.07.27 04:59:19.674,1.22907,1.22917,5.25,1.50
2012.07.27 04:59:20.209,1.22907,1.22916,3.75,1.50
2012.07.27 04:59:20.813,1.22907,1.22916,3.00,1.50
2012.07.27 04:59:21.762,1.22907,1.22916,3.75,1.50
2012.07.27 04:59:22.513,1.22908,1.22917,3.00,1.50
2012.07.27 04:59:24.467,1.22908,1.22916,3.00,1.50
2012.07.27 04:59:25.192,1.22906,1.22916,4.35,1.50
2012.07.27 04:59:25.257,1.22905,1.22914,1.50,1.50
2012.07.27 04:59:25.322,1.22904,1.22914,3.00,2.63
2012.07.27 04:59:25.447,1.22903,1.22911,2.25,1.50
2012.07.27 04:59:25.630,1.229,1.2291,3.75,1.50
2012.07.27 04:59:26.159,1.229,1.22909,2.25,1.50
2012.07.27 04:59:26.689,1.22899,1.22909,3.00,2.25
2012.07.27 04:59:26.932,1.22899,1.22908,3.75,2.25
2012.07.27 04:59:27.175,1.229,1.22912,2.25,3.75
2012.07.27 04:59:27.702,1.229,1.22912,4.50,3.00
2012.07.27 04:59:27.767,1.22901,1.22913,3.75,3.00
2012.07.27 04:59:27.830,1.22901,1.22911,3.00,1.50
2012.07.27 04:59:28.186,1.22901,1.22909,3.75,1.50
2012.07.27 04:59:28.251,1.22901,1.22913,5.25,3.75
2012.07.27 04:59:28.317,1.22901,1.22913,3.00,3.00
2012.07.27 04:59:28.619,1.22901,1.22908,2.25,1.50
2012.07.27 04:59:28.974,1.22899,1.22906,3.00,3.00
2012.07.27 04:59:29.157,1.22897,1.22906,1.50,3.00
2012.07.27 04:59:29.279,1.22899,1.22906,2.25,3.00
2012.07.27 04:59:29.633,1.22903,1.2291,2.25,3.00
2012.07.27 04:59:29.875,1.22904,1.22913,2.25,3.00
2012.07.27 04:59:29.939,1.22904,1.22913,3.00,2.25
2012.07.27 04:59:30.178,1.22905,1.22914,3.00,1.13
2012.07.27 04:59:30.707,1.22905,1.22914,3.00,1.88
2012.07.27 04:59:31.776,1.22905,1.22914,3.00,1.50
2012.07.27 04:59:32.056,1.22904,1.22916,2.25,3.75
2012.07.27 04:59:32.364,1.22905,1.22914,1.50,1.50
2012.07.27 04:59:32.724,1.22903,1.22911,1.13,1.50
2012.07.27 04:59:36.868,1.22903,1.22912,2.25,1.88
2012.07.27 04:59:38.765,1.22903,1.22912,2.25,2.44
2012.07.27 04:59:39.064,1.229,1.22909,3.75,2.25
2012.07.27 04:59:39.187,1.229,1.22907,2.25,1.50
2012.07.27 04:59:40.053,1.229,1.22909,1.50,1.50
2012.07.27 04:59:40.236,1.22901,1.2291,3.75,1.50
2012.07.27 04:59:40.419,1.22903,1.2291,1.50,1.50
2012.07.27 04:59:40.889,1.22904,1.22913,1.50,2.25
2012.07.27 04:59:41.418,1.22904,1.22913,1.50,2.25
2012.07.27 04:59:42.910,1.22904,1.22913,1.50,2.25
2012.07.27 04:59:43.789,1.22903,1.22913,2.25,3.75
2012.07.27 04:59:43.912,1.22902,1.2291,1.13,1.50
2012.07.27 04:59:44.439,1.22901,1.22911,3.75,2.25
2012.07.27 04:59:44.963,1.22901,1.2291,3.00,2.25
2012.07.27 04:59:45.459,1.22901,1.2291,3.00,3.57
2012.07.27 04:59:45.584,1.229,1.22905,1.50,2.10
2012.07.27 04:59:45.709,1.22897,1.22904,2.25,2.25
2012.07.27 04:59:46.010,1.22896,1.22906,2.25,5.63
2012.07.27 04:59:46.895,1.22896,1.22906,3.60,1.50
2012.07.27 04:59:47.322,1.22896,1.22904,1.50,1.50
2012.07.27 04:59:47.844,1.22896,1.22904,1.50,1.50
2012.07.27 04:59:49.333,1.22894,1.22904,3.00,1.50
2012.07.27 04:59:49.397,1.22894,1.22902,1.50,1.50
2012.07.27 04:59:49.929,1.22892,1.22902,3.00,1.50
2012.07.27 04:59:50.459,1.22893,1.22903,1.50,2.25
2012.07.27 04:59:50.988,1.22893,1.22904,1.50,3.75
2012.07.27 04:59:52.146,1.22895,1.22904,1.50,1.50
2012.07.27 04:59:52.679,1.22895,1.22905,3.75,1.50
2012.07.27 04:59:58.822,1.22895,1.22905,2.25,2.25
