2019.09.16 22:00:00.217,1.1002,1.10027,1.12,0.94
2019.09.16 22:00:00.268,1.09994,1.10017,0.19,0.19
2019.09.16 22:00:00.319,1.09991,1.10024,0.75,0.56
2019.09.16 22:00:00.370,1.09997,1.10022,0.19,0.75
2019.09.16 22:00:00.472,1.09998,1.10018,0.19,0.75
2019.09.16 22:00:00.674,1.09997,1.10018,0.19,0.75
2019.09.16 22:00:00.780,1.09998,1.10018,0.19,0.75
2019.09.16 22:00:00.884,1.1,1.10018,0.19,0.75
2019.09.16 22:00:00.985,1.10001,1.10016,0.19,0.75
2019.09.16 22:00:01.126,1.10001,1.1002,0.19,0.75
2019.09.16 22:00:01.228,1.1,1.1002,0.19,0.75
2019.09.16 22:00:01.278,1.1,1.10015,0.19,0.75
2019.09.16 22:00:01.329,1.1,1.10019,0.19,0.75
2019.09.16 22:00:01.380,1.09988,1.10014,0.19,0.37
2019.09.16 22:00:01.481,1.09996,1.10017,0.19,0.37
2019.09.16 22:00:01.585,1.09996,1.10021,0.19,0.75
2019.09.16 22:00:01.687,1.0999,1.10021,0.19,0.19
2019.09.16 22:00:01.890,1.09988,1.10017,0.19,0.37
2019.09.16 22:00:02.202,1.09989,1.10019,0.19,0.19
2019.09.16 22:00:02.384,1.09992,1.1002,0.19,0.19
2019.09.16 22:00:02.552,1.09996,1.1002,0.19,0.37
2019.09.16 22:00:02.602,1.09989,1.10016,0.19,0.19
2019.09.16 22:00:02.754,1.09989,1.10012,0.19,0.37
2019.09.16 22:00:03.128,1.09988,1.10012,0.56,0.56
2019.09.16 22:00:03.230,1.09984,1.10007,0.19,0.37
2019.09.16 22:00:03.280,1.09986,1.10013,0.37,0.37
2019.09.16 22:00:03.331,1.09988,1.10013,0.56,0.37
2019.09.16 22:00:03.432,1.09984,1.1001,0.37,1.31
2019.09.16 22:00:03.533,1.09987,1.10009,0.37,0.37
2019.09.16 22:00:03.695,1.09988,1.10009,0.37,0.37
2019.09.16 22:00:03.796,1.09989,1.10009,0.19,0.37
2019.09.16 22:00:03.897,1.09989,1.10008,0.19,0.37
2019.09.16 22:00:04.212,1.09988,1.10008,0.19,0.37
2019.09.16 22:00:04.730,1.09989,1.10008,0.19,0.37
2019.09.16 22:00:04.918,1.09988,1.10008,0.19,0.75
2019.09.16 22:00:05.356,1.09989,1.10008,0.56,0.37
2019.09.16 22:00:05.528,1.09988,1.10008,0.56,0.37
2019.09.16 22:00:07.050,1.09989,1.10008,0.56,0.37
2019.09.16 22:00:07.657,1.09989,1.10005,0.19,0.37
2019.09.16 22:00:07.708,1.09989,1.10008,0.37,0.56
2019.09.16 22:00:09.905,1.09993,1.10008,0.37,0.37
2019.09.16 22:00:09.956,1.09993,1.1001,0.37,0.37
2019.09.16 22:00:10.057,1.09993,1.10009,0.37,0.37
2019.09.16 22:00:10.108,1.09993,1.10011,0.37,0.37
2019.09.16 22:00:10.159,1.09993,1.10008,0.37,0.37
2019.09.16 22:00:10.312,1.09988,1.1001,0.37,0.56
2019.09.16 22:00:10.362,1.09992,1.10009,0.37,0.19
2019.09.16 22:00:10.463,1.09993,1.10009,0.37,0.37
2019.09.16 22:00:10.615,1.09994,1.10009,0.37,0.37
2019.09.16 22:00:10.716,1.09995,1.10011,0.37,0.56
2019.09.16 22:00:11.122,1.09994,1.1001,0.37,0.19
2019.09.16 22:00:12.052,1.09998,1.10012,0.075,0.075
2019.09.16 22:00:12.154,1.09999,1.10012,0.075,0.75
2019.09.16 22:00:12.793,1.10003,1.10012,0.75,0.19
2019.09.16 22:00:12.895,1.09997,1.10017,0.19,0.19
2019.09.16 22:00:12.945,1.09995,1.10014,0.19,0.37
2019.09.16 22:00:13.169,1.09995,1.10011,0.37,0.37
2019.09.16 22:00:13.529,1.09995,1.10012,0.37,0.56
2019.09.16 22:00:14.801,1.09995,1.10007,0.075,0.45
2019.09.16 22:00:15.267,1.09994,1.10009,0.75,0.37
2019.09.16 22:00:15.318,1.09995,1.10011,0.37,0.19
2019.09.16 22:00:15.369,1.1,1.10012,0.37,0.19
2019.09.16 22:00:15.470,1.09999,1.10011,0.075,0.94
2019.09.16 22:00:16.266,1.09998,1.10011,0.075,0.94
2019.09.16 22:00:16.666,1.1,1.10014,2.25,0.19
2019.09.16 22:00:16.717,1.10004,1.10018,0.56,0.94
2019.09.16 22:00:16.819,1.10003,1.10014,0.82,0.19
2019.09.16 22:00:16.921,1.09999,1.10012,0.37,0.19
2019.09.16 22:00:17.022,1.10002,1.10016,0.37,0.19
2019.09.16 22:00:17.073,1.10004,1.10017,0.37,0.19
2019.09.16 22:00:17.124,1.10002,1.10017,0.37,0.19
2019.09.16 22:00:17.326,1.10002,1.10018,0.56,0.19
2019.09.16 22:00:17.377,1.09999,1.10015,0.19,0.19
2019.09.16 22:00:17.478,1.10004,1.10019,0.37,0.19
2019.09.16 22:00:17.580,1.10001,1.10013,0.37,0.26
2019.09.16 22:00:17.630,1.09999,1.10014,0.19,0.19
2019.09.16 22:00:17.732,1.09996,1.10011,0.37,0.37
2019.09.16 22:00:17.884,1.09996,1.10014,0.37,0.37
2019.09.16 22:00:17.934,1.09998,1.10014,0.37,0.37
2019.09.16 22:00:18.071,1.09997,1.10014,0.37,0.37
2019.09.16 22:00:18.173,1.1,1.10009,0.075,0.94
2019.09.16 22:00:18.274,1.10001,1.10011,0.075,0.19
2019.09.16 22:00:18.385,1.10001,1.1001,0.075,0.19
2019.09.16 22:00:18.716,1.10001,1.10009,0.075,0.19
2019.09.16 22:00:18.817,1.10001,1.10011,0.075,0.19
2019.09.16 22:00:18.868,1.10004,1.10011,0.075,0.75
2019.09.16 22:00:18.969,1.10007,1.10012,0.075,0.19
2019.09.16 22:00:19.112,1.10005,1.10012,0.45,0.19
2019.09.16 22:00:20.327,1.10002,1.10012,0.26,0.75
2019.09.16 22:00:20.428,1.10002,1.1001,0.26,0.75
2019.09.16 22:00:20.869,1.10001,1.10009,0.19,0.37
2019.09.16 22:00:22.975,1.10003,1.10008,0.19,0.37
2019.09.16 22:00:23.077,1.10003,1.10011,0.19,0.37
2019.09.16 22:00:24.618,1.10001,1.10011,0.19,0.56
2019.09.16 22:00:24.787,1.10004,1.10011,0.19,0.37
2019.09.16 22:00:25.608,1.10002,1.10011,0.19,0.37
2019.09.16 22:00:25.760,1.10004,1.10012,0.19,0.19
2019.09.16 22:00:25.862,1.10009,1.10014,0.075,0.75
2019.09.16 22:00:25.944,1.10009,1.10017,0.075,0.75
2019.09.16 22:00:25.996,1.10009,1.10015,0.19,0.75
2019.09.16 22:00:26.046,1.10011,1.10019,0.19,0.19
2019.09.16 22:00:26.199,1.10009,1.10016,0.19,0.75
2019.09.16 22:00:26.301,1.10009,1.10015,0.3,0.75
2019.09.16 22:00:26.706,1.10009,1.10017,0.26,0.75
2019.09.16 22:00:27.537,1.1001,1.10017,0.26,0.75
2019.09.16 22:00:27.675,1.10009,1.10017,0.26,0.75
2019.09.16 22:00:28.038,1.10009,1.10014,0.19,0.75
2019.09.16 22:00:28.405,1.1001,1.10014,0.26,0.75
2019.09.16 22:00:28.456,1.10005,1.10012,0.19,0.37
2019.09.16 22:00:28.885,1.10011,1.10017,1.5,0.94
2019.09.16 22:00:28.986,1.10015,1.10026,0.75,0.19
2019.09.16 22:00:29.072,1.10018,1.10027,0.75,0.19
2019.09.16 22:00:29.132,1.1002,1.10028,0.75,4.69
2019.09.16 22:00:29.185,1.10027,1.10031,3.75,0.19
2019.09.16 22:00:29.287,1.10027,1.10028,0.19,2.25
2019.09.16 22:00:29.389,1.1002,1.10028,0.19,0.19
2019.09.16 22:00:29.490,1.10019,1.10027,0.19,0.19
2019.09.16 22:00:29.915,1.10019,1.10025,3,0.94
2019.09.16 22:00:30.017,1.10018,1.10025,0.94,0.19
2019.09.16 22:00:30.119,1.10017,1.10023,0.56,0.75
2019.09.16 22:00:30.221,1.10016,1.10023,0.19,0.19
2019.09.16 22:00:30.373,1.10011,1.10018,0.94,0.075
2019.09.16 22:00:30.474,1.1001,1.10017,0.37,2.44
2019.09.16 22:00:30.575,1.10009,1.10017,0.56,2.44
2019.09.16 22:00:30.676,1.1001,1.10018,0.94,0.19
2019.09.16 22:00:30.955,1.10009,1.10017,0.19,2.44
2019.09.16 22:00:31.065,1.1001,1.10017,0.19,0.75
2019.09.16 22:00:32.286,1.10012,1.10017,0.19,0.75
2019.09.16 22:00:32.387,1.1001,1.10017,0.19,0.19
2019.09.16 22:00:33.287,1.10013,1.10019,1.12,0.19
2019.09.16 22:00:33.388,1.10017,1.10021,0.75,0.19
2019.09.16 22:00:33.500,1.10017,1.10022,0.19,0.19
2019.09.16 22:00:35.761,1.10014,1.10021,1.31,0.19
2019.09.16 22:00:35.913,1.10013,1.1002,0.94,0.94
2019.09.16 22:00:36.065,1.10012,1.10018,0.19,1.5
2019.09.16 22:00:36.317,1.10013,1.10019,0.75,0.19
2019.09.16 22:00:40.907,1.10013,1.1002,0.19,0.19
2019.09.16 22:00:44.063,1.10013,1.10018,0.37,0.19
2019.09.16 22:00:46.156,1.10011,1.10018,0.56,0.19
2019.09.16 22:00:46.258,1.10012,1.10017,0.19,0.19
2019.09.16 22:00:46.735,1.10012,1.10018,0.37,0.19
2019.09.16 22:00:54.341,1.1001,1.10017,0.19,1.69
2019.09.16 22:00:54.530,1.10014,1.10019,0.56,0.19
2019.09.16 22:00:54.632,1.10014,1.1002,0.37,0.19
2019.09.16 22:00:57.101,1.10015,1.10021,0.94,0.75
2019.09.16 22:00:57.203,1.10017,1.10022,0.37,0.75
2019.09.16 22:00:57.304,1.10018,1.10023,0.56,3
2019.09.16 22:00:57.691,1.10018,1.10024,0.37,1.69
2019.09.16 22:00:57.792,1.10019,1.10024,1.12,1.5
2019.09.16 22:00:59.239,1.1002,1.10024,1.12,0.19
2019.09.16 22:01:00.080,1.10019,1.10023,0.19,0.19
2019.09.16 22:01:00.389,1.1002,1.10024,1.12,0.19
2019.09.16 22:01:00.490,1.10017,1.10022,0.37,1.69
2019.09.16 22:01:00.952,1.10017,1.10021,0.19,0.19
2019.09.16 22:01:01.239,1.10017,1.10022,0.56,0.19
2019.09.16 22:01:06.479,1.10015,1.10022,0.94,2.44
2019.09.16 22:01:06.681,1.10015,1.10021,0.75,0.19
2019.09.16 22:01:11.315,1.10015,1.10022,1.01,0.19
2019.09.16 22:01:12.356,1.10015,1.10021,0.75,0.19
2019.09.16 22:01:12.784,1.10015,1.10022,0.94,0.19
2019.09.16 22:01:13.914,1.10016,1.10023,1.31,0.19
2019.09.16 22:01:14.444,1.10017,1.10023,0.94,0.75
2019.09.16 22:01:14.950,1.10016,1.10022,0.75,1.69
2019.09.16 22:01:15.783,1.10016,1.10021,0.75,0.19
2019.09.16 22:01:20.357,1.10015,1.10021,0.75,0.19
2019.09.16 22:01:31.764,1.10016,1.10022,0.75,0.19
2019.09.16 22:01:38.276,1.10016,1.10021,0.75,0.19
2019.09.16 22:01:38.377,1.10016,1.1002,0.75,0.19
2019.09.16 22:01:41.785,1.10015,1.1002,0.75,0.19
2019.09.16 22:02:12.002,1.10017,1.10021,0.75,0.19
2019.09.16 22:02:12.155,1.10016,1.10021,0.94,2.44
2019.09.16 22:02:12.987,1.10016,1.1002,0.75,0.19
2019.09.16 22:02:13.146,1.10014,1.10018,0.75,2.44
2019.09.16 22:02:13.200,1.10012,1.10017,0.19,1.5
2019.09.16 22:02:13.301,1.10011,1.10017,0.19,1.69
2019.09.16 22:02:13.655,1.10012,1.10016,0.19,0.19
2019.09.16 22:02:18.921,1.1001,1.10016,0.75,0.19
2019.09.16 22:02:19.073,1.1001,1.10014,0.75,0.19
2019.09.16 22:02:19.174,1.10009,1.10014,0.75,0.19
2019.09.16 22:02:19.286,1.10009,1.10015,0.75,0.19
2019.09.16 22:02:19.903,1.1001,1.10015,0.75,0.19
2019.09.16 22:02:33.138,1.1001,1.10016,0.75,0.19
2019.09.16 22:02:45.170,1.10011,1.10015,0.19,0.19
2019.09.16 22:03:00.724,1.10013,1.10019,0.75,0.19
2019.09.16 22:03:01.899,1.10013,1.1002,0.94,0.94
2019.09.16 22:03:02.372,1.10015,1.1002,0.75,0.19
2019.09.16 22:03:05.649,1.10015,1.10022,0.19,0.94
2019.09.16 22:03:10.447,1.10017,1.10024,0.19,0.19
2019.09.16 22:03:11.009,1.10017,1.10023,0.75,0.19
2019.09.16 22:03:11.987,1.10017,1.10024,0.94,0.94
2019.09.16 22:03:15.819,1.10019,1.10025,0.75,0.19
2019.09.16 22:03:18.062,1.1002,1.10025,0.75,0.19
2019.09.16 22:03:18.600,1.10019,1.10025,0.75,0.19
2019.09.16 22:03:19.999,1.10018,1.10024,0.75,0.19
2019.09.16 22:03:20.101,1.10018,1.10023,0.75,0.19
2019.09.16 22:03:20.352,1.10018,1.10024,0.75,0.19
2019.09.16 22:03:22.345,1.10017,1.10022,0.19,0.19
2019.09.16 22:03:23.644,1.10017,1.10024,1.69,0.19
2019.09.16 22:03:29.119,1.10018,1.10024,0.75,0.19
2019.09.16 22:03:29.994,1.10019,1.10024,0.75,0.19
2019.09.16 22:03:30.460,1.10017,1.10023,0.75,0.19
2019.09.16 22:03:31.775,1.10018,1.10024,0.75,0.19
2019.09.16 22:03:31.882,1.10019,1.10025,0.75,0.19
2019.09.16 22:03:32.185,1.10019,1.10024,0.75,0.19
2019.09.16 22:03:32.396,1.10021,1.10025,1.5,0.19
2019.09.16 22:03:32.649,1.10018,1.10024,1.69,2.25
2019.09.16 22:03:33.598,1.10016,1.10023,0.94,0.19
2019.09.16 22:03:34.442,1.10019,1.10023,0.75,0.19
2019.09.16 22:03:35.486,1.10019,1.10024,0.75,0.19
2019.09.16 22:03:36.220,1.10018,1.10024,0.75,0.19
2019.09.16 22:03:36.526,1.10018,1.10023,0.75,0.19
2019.09.16 22:03:39.075,1.10018,1.10024,0.75,0.19
2019.09.16 22:03:40.306,1.10019,1.10025,0.75,0.19
2019.09.16 22:03:40.558,1.1002,1.10025,0.75,1.5
2019.09.16 22:03:40.736,1.10019,1.10025,0.75,0.19
2019.09.16 22:03:42.958,1.10021,1.10025,1.5,0.19
2019.09.16 22:03:43.009,1.10022,1.10028,1.5,0.19
2019.09.16 22:03:43.111,1.10023,1.1003,1.31,2.44
2019.09.16 22:03:43.213,1.10023,1.10028,0.19,2.44
2019.09.16 22:03:45.488,1.10023,1.10025,0.37,0.19
2019.09.16 22:03:46.063,1.10023,1.10028,0.19,0.19
2019.09.16 22:03:49.806,1.1002,1.10025,0.75,2.44
2019.09.16 22:03:50.049,1.10019,1.10025,0.75,0.19
2019.09.16 22:03:52.316,1.10018,1.10024,0.75,0.19
2019.09.16 22:03:58.345,1.10018,1.10025,0.94,0.19
2019.09.16 22:03:59.744,1.10018,1.10024,0.75,0.19
2019.09.16 22:04:00.538,1.10016,1.10021,0.75,0.19
2019.09.16 22:04:01.374,1.10015,1.10021,0.75,0.19
2019.09.16 22:04:02.335,1.10016,1.10022,0.75,0.19
2019.09.16 22:04:08.014,1.10016,1.10021,0.75,2.25
2019.09.16 22:04:08.115,1.10015,1.10021,0.75,0.19
2019.09.16 22:04:10.237,1.10014,1.1002,0.75,0.19
2019.09.16 22:04:11.156,1.10013,1.10019,0.75,0.19
2019.09.16 22:04:17.524,1.10013,1.1002,0.19,0.19
2019.09.16 22:04:17.625,1.10018,1.10021,0.75,3
2019.09.16 22:04:17.727,1.10019,1.10022,0.75,0.19
2019.09.16 22:04:18.120,1.10018,1.10023,0.75,0.19
2019.09.16 22:04:18.373,1.10018,1.10022,0.75,0.19
2019.09.16 22:04:20.334,1.10018,1.10023,0.75,0.19
2019.09.16 22:04:36.455,1.10018,1.10025,0.94,0.19
2019.09.16 22:04:36.556,1.10019,1.10024,0.19,0.19
2019.09.16 22:04:39.301,1.10016,1.10021,0.19,0.19
2019.09.16 22:04:39.353,1.10014,1.1002,0.19,1.5
2019.09.16 22:04:39.404,1.10016,1.10022,1.12,0.19
2019.09.16 22:04:39.506,1.10016,1.1002,0.75,0.19
2019.09.16 22:04:39.558,1.10016,1.10022,1.12,0.19
2019.09.16 22:04:59.458,1.10016,1.10021,0.75,0.19
2019.09.16 22:05:00.287,1.10018,1.10024,0.75,0.19
2019.09.16 22:05:00.405,1.10018,1.10025,2.44,0.19
2019.09.16 22:05:04.426,1.10018,1.10023,0.75,0.19
2019.09.16 22:05:15.694,1.10017,1.10022,0.19,0.19
2019.09.16 22:05:16.057,1.10016,1.10023,0.94,1.69
2019.09.16 22:05:18.778,1.10019,1.10024,0.94,0.19
2019.09.16 22:05:19.863,1.1002,1.10025,0.75,0.19
2019.09.16 22:05:19.964,1.10021,1.10025,0.75,0.19
2019.09.16 22:05:20.015,1.10021,1.10027,0.75,0.19
2019.09.16 22:05:43.179,1.10019,1.10025,1.69,0.19
2019.09.16 22:05:43.336,1.1002,1.10025,0.37,0.19
2019.09.16 22:05:47.999,1.10019,1.10025,0.37,0.19
2019.09.16 22:05:56.259,1.10019,1.10024,0.75,0.19
2019.09.16 22:06:28.606,1.10017,1.10025,0.5,1
2019.09.16 22:06:37.933,1.10015,1.10025,1.37,3.62
2019.09.16 22:06:39.867,1.10015,1.10025,1,4
2019.09.16 22:06:39.968,1.10016,1.10025,0.94,1
2019.09.16 22:06:51.681,1.10017,1.10027,1.37,1
2019.09.16 22:06:54.466,1.10017,1.10027,1.37,1
2019.09.16 22:06:57.976,1.10018,1.10026,0.56,0.75
2019.09.16 22:06:58.077,1.10018,1.10026,0.5,2.12
2019.09.16 22:07:06.545,1.10021,1.10028,1.37,0.5
2019.09.16 22:07:06.796,1.10022,1.10028,0.75,0.5
2019.09.16 22:07:08.420,1.10021,1.10028,0.75,0.5
2019.09.16 22:07:09.474,1.10023,1.10029,0.75,1.37
2019.09.16 22:07:09.525,1.10024,1.10032,1.76,2.5
2019.09.16 22:07:37.323,1.10025,1.10034,0.56,1.37
2019.09.16 22:07:38.324,1.10025,1.10034,1.12,3.62
2019.09.16 22:07:38.945,1.10025,1.10034,1.31,1.75
2019.09.16 22:07:40.414,1.10028,1.10035,1.5,1.75
2019.09.16 22:07:40.814,1.10028,1.10035,2.12,0.75
2019.09.16 22:07:41.144,1.10026,1.10035,4.31,1
2019.09.16 22:07:45.256,1.10026,1.10033,0.75,1
2019.09.16 22:08:08.487,1.10024,1.10032,0.75,3.62
2019.09.16 22:08:27.653,1.10025,1.10031,0.75,0.75
2019.09.16 22:08:28.181,1.10025,1.10032,0.75,0.75
2019.09.16 22:09:00.191,1.10024,1.10031,0.75,0.75
2019.09.16 22:09:15.797,1.10028,1.10034,0.75,1.75
2019.09.16 22:09:15.898,1.10028,1.10035,0.75,2.5
2019.09.16 22:09:16.000,1.10028,1.10036,0.75,2.5
2019.09.16 22:09:19.221,1.10028,1.10036,0.94,2.5
2019.09.16 22:09:25.402,1.10029,1.10034,0.75,0.56
2019.09.16 22:09:25.554,1.10026,1.10033,0.94,2.06
2019.09.16 22:09:25.756,1.10026,1.10032,0.75,0.56
2019.09.16 22:09:25.858,1.10024,1.10031,0.75,2.87
2019.09.16 22:09:28.869,1.10024,1.10031,0.75,2.12
2019.09.16 22:09:28.971,1.10025,1.10033,0.75,4
2019.09.16 22:09:31.030,1.10026,1.10034,0.75,0.75
2019.09.16 22:09:33.233,1.10026,1.10034,0.75,0.75
2019.09.16 22:09:39.044,1.10028,1.10035,0.75,1
2019.09.16 22:09:39.145,1.10029,1.10035,0.75,0.75
2019.09.16 22:09:39.305,1.10029,1.10036,0.75,2.12
2019.09.16 22:10:01.646,1.10028,1.10034,0.75,0.75
2019.09.16 22:10:01.950,1.10027,1.10033,0.75,1.75
2019.09.16 22:10:02.080,1.10027,1.10033,1.37,1.5
2019.09.16 22:10:02.182,1.10025,1.10033,2.25,1
2019.09.16 22:10:02.736,1.10025,1.10034,0.94,4
2019.09.16 22:10:06.891,1.10026,1.10034,0.75,0.75
2019.09.16 22:10:07.046,1.10026,1.10034,0.94,0.75
2019.09.16 22:10:07.767,1.10028,1.10035,1.31,2.5
2019.09.16 22:10:10.921,1.10026,1.10035,0.56,2.87
2019.09.16 22:10:16.706,1.10027,1.10035,2.12,0.75
2019.09.16 22:10:19.872,1.10026,1.10035,2.06,1.75
2019.09.16 22:10:23.459,1.10027,1.10035,2.06,0.75
2019.09.16 22:10:24.212,1.10028,1.10037,3.37,3.62
2019.09.16 22:10:26.380,1.10029,1.10037,0.75,1
2019.09.16 22:10:26.482,1.10029,1.10037,0.56,1
2019.09.16 22:10:26.584,1.10028,1.10035,1.75,0.94
2019.09.16 22:10:26.738,1.10027,1.10033,0.94,2.25
2019.09.16 22:10:26.840,1.10025,1.10033,0.94,4.37
2019.09.16 22:10:26.942,1.10025,1.1003,1.75,3
2019.09.16 22:10:26.994,1.10023,1.1003,2.5,0.75
2019.09.16 22:10:27.110,1.10021,1.10029,0.94,1.37
2019.09.16 22:10:31.683,1.10021,1.10028,1.69,0.75
2019.09.16 22:10:32.151,1.10021,1.10029,1.75,2.12
2019.09.16 22:10:53.885,1.10021,1.10029,1.69,1
2019.09.16 22:10:58.291,1.10023,1.1003,0.75,1
2019.09.16 22:10:58.392,1.10023,1.10031,1.95,1
2019.09.16 22:10:58.494,1.10023,1.10032,1.87,3.25
2019.09.16 22:11:00.717,1.10023,1.10031,0.56,1.75
2019.09.16 22:11:00.819,1.10023,1.1003,0.75,1
2019.09.16 22:11:01.786,1.10022,1.10029,0.94,1
2019.09.16 22:11:06.920,1.1002,1.10028,1.69,1.37
2019.09.16 22:11:38.790,1.10021,1.10028,0.75,0.56
2019.09.16 22:11:40.530,1.10021,1.10028,2.81,0.75
2019.09.16 22:11:40.632,1.10018,1.10028,5.57,1.75
2019.09.16 22:11:40.784,1.10018,1.10026,0.5,1.75
2019.09.16 22:11:41.122,1.1002,1.10028,1.76,1
2019.09.16 22:11:44.068,1.1002,1.10027,0.75,1
2019.09.16 22:11:44.119,1.10019,1.10027,2.12,1
2019.09.16 22:11:44.220,1.10018,1.10027,1.31,3.25
2019.09.16 22:11:48.936,1.10019,1.10028,2.12,1
2019.09.16 22:11:49.934,1.1002,1.10028,4.37,1
2019.09.16 22:11:58.936,1.10019,1.10027,0.75,1.37
2019.09.16 22:11:59.037,1.10019,1.10027,0.56,1
2019.09.16 22:12:00.565,1.10021,1.10028,0.94,1.75
2019.09.16 22:12:00.667,1.10021,1.10028,0.75,2.5
2019.09.16 22:12:00.776,1.10021,1.10029,0.94,2.5
2019.09.16 22:12:02.209,1.10022,1.1003,1,1
2019.09.16 22:12:06.680,1.10024,1.10032,2.32,1
2019.09.16 22:12:08.078,1.10023,1.10032,1.31,1
2019.09.16 22:12:12.016,1.10023,1.10032,1.37,1
2019.09.16 22:12:13.554,1.10022,1.10032,1.85,1
2019.09.16 22:12:16.452,1.10021,1.10029,1,0.75
2019.09.16 22:12:16.553,1.10021,1.10029,0.94,2.5
2019.09.16 22:12:17.837,1.10021,1.10029,0.75,2.5
2019.09.16 22:12:18.953,1.10022,1.1003,1.5,2.5
2019.09.16 22:12:21.323,1.10021,1.10029,1,1.37
2019.09.16 22:12:21.885,1.10021,1.10029,3.62,0.94
2019.09.16 22:12:29.596,1.10019,1.10028,1.82,1.37
2019.09.16 22:12:29.647,1.10019,1.10028,2.57,1.37
2019.09.16 22:12:30.495,1.1002,1.10029,1.31,2.5
2019.09.16 22:12:30.647,1.10021,1.10029,1,3.62
2019.09.16 22:12:32.269,1.10021,1.10031,1.31,2.5
2019.09.16 22:12:45.556,1.10022,1.10032,1.31,1
2019.09.16 22:12:47.807,1.10024,1.10031,0.5,1.75
2019.09.16 22:12:50.627,1.10024,1.10032,0.56,1.75
2019.09.16 22:13:08.102,1.10028,1.10034,2.81,3.25
2019.09.16 22:13:08.290,1.10029,1.10033,1,5.25
2019.09.16 22:13:08.342,1.10025,1.10033,2.5,4.37
2019.09.16 22:13:11.151,1.10024,1.10031,0.94,1
2019.09.16 22:13:17.133,1.10023,1.10032,2.12,1.75
2019.09.16 22:13:19.961,1.10023,1.10032,1.37,1.75
2019.09.16 22:13:23.020,1.10022,1.1003,0.56,1.75
2019.09.16 22:13:25.873,1.1002,1.10029,0.75,6.62
2019.09.16 22:13:26.014,1.1002,1.10029,2.87,2.5
2019.09.16 22:13:28.539,1.10022,1.10029,2.44,1
2019.09.16 22:13:28.691,1.10023,1.10031,0.94,1.75
2019.09.16 22:13:50.254,1.10024,1.10033,1.75,2.5
2019.09.16 22:13:50.357,1.10025,1.10033,1,1.75
2019.09.16 22:14:09.281,1.10025,1.10028,0.75,1.75
2019.09.16 22:14:09.383,1.10024,1.10029,0.94,0.75
2019.09.16 22:14:09.484,1.10022,1.10028,0.75,1
2019.09.16 22:14:22.627,1.10022,1.10029,0.94,1.75
2019.09.16 22:14:22.728,1.10021,1.1003,1.75,3.25
2019.09.16 22:14:22.844,1.10023,1.10028,0.75,0.94
2019.09.16 22:14:23.079,1.10022,1.1003,1.75,1
2019.09.16 22:14:23.346,1.10021,1.1003,2.12,4
2019.09.16 22:14:26.160,1.10023,1.10028,0.75,3.19
2019.09.16 22:14:26.262,1.10023,1.1003,0.94,4
2019.09.16 22:14:26.651,1.10023,1.1003,1,1.69
2019.09.16 22:14:26.859,1.10022,1.1003,1,1
2019.09.16 22:14:46.347,1.10024,1.10029,1,0.94
2019.09.16 22:14:46.452,1.10024,1.1003,2.44,0.94
2019.09.16 22:14:55.070,1.10024,1.10029,0.75,0.94
2019.09.16 22:14:55.171,1.10025,1.10029,0.75,0.94
2019.09.16 22:15:00.077,1.10027,1.10031,0.75,0.94
2019.09.16 22:15:00.179,1.10025,1.10032,0.75,1.37
2019.09.16 22:15:00.280,1.10026,1.10034,2.87,1
2019.09.16 22:15:00.412,1.10027,1.10033,0.94,3.19
2019.09.16 22:15:00.462,1.10025,1.10032,2.12,1.75
2019.09.16 22:15:00.513,1.10024,1.10029,0.94,2.25
2019.09.16 22:15:00.614,1.10021,1.10029,1.75,2.89
2019.09.16 22:15:00.868,1.10023,1.10029,2.5,0.75
2019.09.16 22:15:01.097,1.10021,1.10028,0.94,1.39
2019.09.16 22:15:01.629,1.10021,1.10027,0.75,1
2019.09.16 22:15:01.730,1.1002,1.10027,1.75,0.94
2019.09.16 22:15:01.832,1.10019,1.10025,0.94,2.69
2019.09.16 22:15:01.983,1.10019,1.10025,2.25,2.06
2019.09.16 22:15:02.034,1.10017,1.10022,0.75,0.94
2019.09.16 22:15:02.135,1.10014,1.10021,0.75,1
2019.09.16 22:15:02.427,1.10014,1.10022,0.75,1.75
2019.09.16 22:15:02.625,1.10018,1.10023,0.75,2.12
2019.09.16 22:15:02.727,1.10018,1.10025,0.94,2.32
2019.09.16 22:15:08.151,1.10017,1.10024,0.94,1.75
2019.09.16 22:15:08.252,1.10017,1.10024,3.25,0.94
2019.09.16 22:15:10.135,1.10019,1.10024,0.75,0.75
2019.09.16 22:15:10.257,1.10019,1.10026,0.94,1.94
2019.09.16 22:15:21.109,1.10019,1.10027,0.94,2.87
2019.09.16 22:15:22.041,1.10019,1.10027,1,1.37
2019.09.16 22:15:36.486,1.10019,1.10025,1,0.75
2019.09.16 22:15:50.565,1.10019,1.10026,0.94,1.94
2019.09.16 22:15:54.088,1.10019,1.10025,0.75,1.37
2019.09.16 22:15:58.577,1.10018,1.10023,0.75,1.94
2019.09.16 22:15:58.628,1.10018,1.10025,0.75,2.32
2019.09.16 22:15:58.729,1.10016,1.10022,0.75,1.75
2019.09.16 22:16:06.910,1.10015,1.10021,0.75,1.04
2019.09.16 22:16:24.445,1.10016,1.10022,0.75,1
2019.09.16 22:16:24.547,1.10017,1.10023,0.75,1
2019.09.16 22:16:25.446,1.10015,1.10022,0.75,5.54
2019.09.16 22:16:25.959,1.10016,1.10023,0.75,2.14
2019.09.16 22:16:33.227,1.10015,1.10022,0.75,1.89
2019.09.16 22:16:36.285,1.10018,1.10024,1.5,1.37
2019.09.16 22:16:36.387,1.10018,1.10025,1.5,2.41
2019.09.16 22:16:36.539,1.10019,1.10025,0.75,0.87
2019.09.16 22:16:50.162,1.1002,1.10025,0.75,1.75
2019.09.16 22:17:03.574,1.1002,1.10027,0.75,1.75
2019.09.16 22:17:06.395,1.1002,1.10027,0.94,1.75
2019.09.16 22:17:06.497,1.1002,1.10026,1.75,1
2019.09.16 22:17:06.763,1.1002,1.10025,1,0.94
2019.09.16 22:17:13.444,1.10019,1.10024,0.94,0.5
2019.09.16 22:17:13.545,1.10016,1.10022,0.75,1
2019.09.16 22:17:13.668,1.10014,1.10022,0.94,3.25
2019.09.16 22:17:14.840,1.10014,1.10021,0.75,1
2019.09.16 22:17:34.865,1.10014,1.1002,0.75,1.09
2019.09.16 22:17:40.079,1.10013,1.10024,2.89,4.5
2019.09.16 22:17:40.181,1.10014,1.10023,0.75,1.75
2019.09.16 22:17:40.282,1.10016,1.10025,1.75,0.75
2019.09.16 22:17:45.040,1.10015,1.10023,0.75,1.12
2019.09.16 22:17:45.461,1.10014,1.10021,0.75,1.37
2019.09.16 22:17:55.823,1.10014,1.10021,0.75,1.75
2019.09.16 22:17:55.924,1.10015,1.10021,0.75,1
2019.09.16 22:17:56.239,1.10015,1.10022,0.94,1.75
2019.09.16 22:17:56.512,1.10016,1.10023,0.75,1.37
2019.09.16 22:17:56.916,1.10016,1.10023,0.75,1.37
2019.09.16 22:18:00.395,1.10015,1.10022,0.75,1.75
2019.09.16 22:18:00.532,1.10013,1.10021,0.75,6.25
2019.09.16 22:18:02.355,1.10015,1.10023,2.44,1
2019.09.16 22:18:10.055,1.10016,1.10023,2.44,1
2019.09.16 22:18:10.157,1.10016,1.10022,1,1
2019.09.16 22:18:23.972,1.10014,1.10021,0.75,2.12
2019.09.16 22:18:28.616,1.10015,1.10022,1.69,1
2019.09.16 22:18:53.491,1.10017,1.10023,1.69,1.75
2019.09.16 22:18:53.792,1.10017,1.10023,1.5,1.75
2019.09.16 22:18:54.161,1.10017,1.10022,0.94,0.75
2019.09.16 22:18:54.992,1.10017,1.10022,1.75,0.94
2019.09.16 22:18:55.093,1.10014,1.1002,0.75,4.75
2019.09.16 22:18:58.115,1.10018,1.10021,1,0.75
2019.09.16 22:18:58.166,1.10016,1.10021,1,0.75
2019.09.16 22:18:58.267,1.10017,1.10022,0.94,0.94
2019.09.16 22:18:58.393,1.10017,1.10024,1,2.5
2019.09.16 22:18:58.817,1.10019,1.10024,1,1.5
2019.09.16 22:19:05.641,1.10019,1.10025,1,1.69
2019.09.16 22:20:05.850,1.10018,1.10026,2.62,4.12
2019.09.16 22:20:20.786,1.10019,1.10026,1.5,0.75
2019.09.16 22:20:40.773,1.10018,1.10027,4.5,0.75
2019.09.16 22:20:45.558,1.10019,1.10025,0.75,0.75
2019.09.16 22:20:45.660,1.10019,1.10025,1,0.94
2019.09.16 22:20:50.991,1.10019,1.10025,1.75,0.94
2019.09.16 22:20:58.430,1.1002,1.10027,5.12,0.94
2019.09.16 22:20:58.531,1.10022,1.10027,0.94,0.94
2019.09.16 22:21:04.989,1.10022,1.10029,1.69,1
2019.09.16 22:21:19.247,1.10022,1.1003,4.45,0.75
2019.09.16 22:21:19.415,1.1002,1.10029,2.5,1
2019.09.16 22:21:20.336,1.1002,1.10029,1.69,1
2019.09.16 22:21:20.538,1.10022,1.10029,1.75,1.75
2019.09.16 22:21:46.169,1.10024,1.1003,1.37,0.75
2019.09.16 22:21:46.473,1.10025,1.1003,2.12,0.75
2019.09.16 22:22:06.426,1.10024,1.1003,1.75,0.75
2019.09.16 22:22:09.165,1.10022,1.1003,3.25,1.69
2019.09.16 22:22:09.384,1.10023,1.1003,3.25,0.94
2019.09.16 22:22:10.390,1.10023,1.1003,3.25,0.75
2019.09.16 22:22:20.408,1.10023,1.1003,3.19,1
2019.09.16 22:22:22.995,1.10023,1.1003,3.25,0.94
2019.09.16 22:22:23.731,1.10023,1.1003,2.44,1
2019.09.16 22:22:26.331,1.10025,1.1003,3.19,0.75
2019.09.16 22:22:47.478,1.10025,1.1003,1,0.94
2019.09.16 22:22:47.579,1.10025,1.10032,1,0.94
2019.09.16 22:22:47.630,1.10029,1.10033,1,0.75
2019.09.16 22:22:47.731,1.10029,1.10035,1.31,1.75
2019.09.16 22:22:47.883,1.10029,1.10037,7.37,1.5
2019.09.16 22:22:47.984,1.10028,1.10036,1,0.94
2019.09.16 22:22:55.918,1.10028,1.10036,1,1
2019.09.16 22:22:56.634,1.10028,1.10036,1,0.94
2019.09.16 22:23:01.423,1.10029,1.10036,1,0.75
2019.09.16 22:23:12.093,1.10029,1.10035,0.94,0.94
2019.09.16 22:23:12.480,1.10029,1.10036,1.37,0.75
2019.09.16 22:23:16.810,1.1003,1.10036,1,0.75
2019.09.16 22:23:30.538,1.10029,1.10037,2.12,0.75
2019.09.16 22:23:30.589,1.10031,1.10037,2.12,0.75
2019.09.16 22:23:50.007,1.10029,1.10036,1.37,0.75
2019.09.16 22:24:12.749,1.10029,1.10036,2.25,0.75
2019.09.16 22:24:20.671,1.10029,1.10035,0.75,0.75
2019.09.16 22:24:23.036,1.10029,1.10035,1.75,0.84
2019.09.16 22:24:23.187,1.10028,1.10035,3.25,0.75
2019.09.16 22:24:23.288,1.10027,1.10034,1,1.69
2019.09.16 22:24:23.460,1.10029,1.10033,0.94,0.75
2019.09.16 22:24:32.474,1.10027,1.10033,0.94,0.94
2019.09.16 22:24:36.781,1.10029,1.10033,0.75,0.75
2019.09.16 22:24:36.883,1.10026,1.10031,1,0.94
2019.09.16 22:24:36.934,1.10026,1.10033,0.56,1
2019.09.16 22:24:37.035,1.10026,1.10034,1,0.94
2019.09.16 22:24:37.136,1.10026,1.10033,1,0.75
2019.09.16 22:24:49.877,1.10026,1.10033,2.5,0.94
2019.09.16 22:24:49.927,1.10027,1.10033,0.94,0.65
2019.09.16 22:24:50.029,1.10027,1.10035,3.62,1.75
2019.09.16 22:25:18.256,1.1003,1.10035,3.25,0.75
2019.09.16 22:25:18.358,1.10028,1.10035,1,0.94
2019.09.16 22:25:18.560,1.10028,1.10035,1.75,1.34
2019.09.16 22:25:18.988,1.10028,1.10035,2.5,0.94
2019.09.16 22:25:19.089,1.10028,1.10035,1.75,1.34
2019.09.16 22:25:19.190,1.10028,1.10034,0.94,0.94
2019.09.16 22:25:41.382,1.10027,1.10034,2.12,0.94
2019.09.16 22:25:55.069,1.10026,1.10034,1,0.94
2019.09.16 22:25:55.170,1.10026,1.10034,1,1
2019.09.16 22:26:00.226,1.10026,1.10034,0.94,1.75
2019.09.16 22:26:24.934,1.10028,1.10035,2.44,1.75
2019.09.16 22:26:31.383,1.10028,1.10034,0.94,0.94
2019.09.16 22:26:45.897,1.10028,1.10035,1.69,1
2019.09.16 22:26:47.590,1.10029,1.10034,0.75,0.94
2019.09.16 22:26:47.831,1.10029,1.10035,2.44,0.94
2019.09.16 22:26:58.980,1.10029,1.10034,1.69,0.94
2019.09.16 22:27:16.801,1.10029,1.10035,1.88,0.94
2019.09.16 22:27:17.106,1.10029,1.10035,1.69,1.34
2019.09.16 22:27:17.208,1.10029,1.10035,0.94,0.94
2019.09.16 22:27:17.515,1.10029,1.10035,1.19,0.94
2019.09.16 22:27:17.617,1.10029,1.10035,1.69,0.94
2019.09.16 22:27:23.287,1.10029,1.10033,0.94,0.94
2019.09.16 22:27:23.338,1.10029,1.10035,1.5,0.94
2019.09.16 22:27:24.148,1.10027,1.10033,0.75,1.75
2019.09.16 22:27:26.669,1.10029,1.10033,0.75,0.94
2019.09.16 22:27:26.719,1.10029,1.10035,1.69,0.94
2019.09.16 22:27:26.821,1.1003,1.10035,0.94,0.75
2019.09.16 22:27:35.311,1.1003,1.10034,0.75,1.5
2019.09.16 22:27:46.750,1.10029,1.10034,0.75,0.94
2019.09.16 22:28:10.886,1.10029,1.10033,0.94,0.94
2019.09.16 22:28:20.177,1.10029,1.10034,0.75,0.94
2019.09.16 22:28:20.329,1.10029,1.10036,2.12,0.94
2019.09.16 22:28:23.379,1.10029,1.10034,0.75,1.24
2019.09.16 22:28:26.131,1.10029,1.10033,1.5,0.75
2019.09.16 22:28:26.283,1.10027,1.10033,3,1.75
2019.09.16 22:28:26.794,1.10027,1.10035,1.75,1.75
2019.09.16 22:28:26.895,1.10029,1.10035,0.94,0.94
2019.09.16 22:28:26.996,1.1003,1.10037,3.62,2.5
2019.09.16 22:28:27.148,1.1003,1.10037,0.94,1
2019.09.16 22:28:39.459,1.1003,1.10037,1,1.75
2019.09.16 22:28:39.611,1.1003,1.10037,1.39,2.44
2019.09.16 22:28:44.170,1.10032,1.10037,1,0.75
2019.09.16 22:28:44.275,1.10032,1.10037,1.33,1.69
2019.09.16 22:28:44.427,1.10032,1.10037,0.75,1
2019.09.16 22:28:46.119,1.10032,1.10038,2.08,1.75
2019.09.16 22:29:02.414,1.10032,1.10039,1.12,2.5
2019.09.16 22:29:02.567,1.10034,1.1004,0.94,1.39
2019.09.16 22:29:13.173,1.10033,1.10038,0.75,0.94
2019.09.16 22:29:13.512,1.10033,1.10039,0.56,0.94
2019.09.16 22:29:18.736,1.10036,1.1004,0.94,0.75
2019.09.16 22:29:19.025,1.10035,1.10043,7.37,1.75
2019.09.16 22:29:19.127,1.10036,1.10043,4.37,1.75
2019.09.16 22:29:20.371,1.10038,1.10043,0.75,2.5
2019.09.16 22:29:20.473,1.10038,1.10044,0.94,2.5
2019.09.16 22:29:20.524,1.10038,1.10044,0.94,1.69
2019.09.16 22:29:26.940,1.10037,1.10043,0.75,1
2019.09.16 22:29:33.181,1.10036,1.10042,2.12,0.94
2019.09.16 22:29:33.434,1.10032,1.10039,1,5.12
2019.09.16 22:30:09.776,1.10035,1.10039,1.69,2.25
2019.09.16 22:30:09.921,1.10036,1.10042,1.12,1
2019.09.16 22:30:20.266,1.10036,1.10043,3.19,1.75
2019.09.16 22:30:34.973,1.10036,1.10042,0.5,1
2019.09.16 22:30:38.009,1.10036,1.10043,3.19,1
2019.09.16 22:31:04.359,1.10036,1.10042,0.75,1.75
2019.09.16 22:31:04.890,1.10036,1.10043,2.81,1
2019.09.16 22:31:10.138,1.10036,1.10043,3.37,1.5
2019.09.16 22:31:12.499,1.10036,1.10042,0.5,0.75
2019.09.16 22:31:30.183,1.10036,1.10042,0.75,2.5
2019.09.16 22:31:34.378,1.10036,1.10042,0.94,1
2019.09.16 22:31:34.480,1.10035,1.1004,0.75,2.5
2019.09.16 22:31:34.582,1.10034,1.1004,1,1.24
2019.09.16 22:31:54.554,1.10036,1.10041,1.69,1.75
2019.09.16 22:31:54.706,1.10037,1.10043,0.94,1
2019.09.16 22:32:01.699,1.10038,1.10044,1,0.75
2019.09.16 22:32:03.207,1.10036,1.10044,1.75,1.37
2019.09.16 22:32:04.625,1.10036,1.10043,1.75,0.94
2019.09.16 22:32:05.243,1.10036,1.10043,3.25,1
2019.09.16 22:32:15.927,1.10039,1.10044,0.75,2.5
2019.09.16 22:32:16.029,1.10041,1.10047,1.37,0.75
2019.09.16 22:32:16.079,1.10041,1.10048,5.5,1
2019.09.16 22:32:16.282,1.10043,1.10049,2.12,0.75
2019.09.16 22:32:19.755,1.10041,1.10048,1,0.94
2019.09.16 22:32:20.777,1.10041,1.10047,1,0.75
2019.09.16 22:32:20.828,1.10039,1.10046,1.75,1.24
2019.09.16 22:32:20.929,1.10039,1.10044,0.94,0.75
2019.09.16 22:32:24.300,1.10039,1.10044,1.75,0.75
2019.09.16 22:32:27.433,1.10039,1.10044,0.94,0.75
2019.09.16 22:32:29.163,1.10039,1.10046,2.5,0.94
2019.09.16 22:32:29.265,1.10041,1.10046,2.87,0.94
2019.09.16 22:32:30.285,1.10041,1.10046,0.56,1
2019.09.16 22:32:30.387,1.10041,1.10046,1.37,0.94
2019.09.16 22:32:36.140,1.10039,1.10045,1,1.31
2019.09.16 22:32:36.293,1.10037,1.10043,1,1.75
2019.09.16 22:33:36.409,1.10037,1.10045,1.87,0.75
2019.09.16 22:34:14.107,1.10037,1.10044,0.75,0.75
2019.09.16 22:34:20.046,1.10038,1.10045,1.5,0.75
2019.09.16 22:34:22.210,1.10038,1.10044,0.75,0.75
2019.09.16 22:34:22.969,1.10037,1.10044,0.75,0.75
2019.09.16 22:34:23.070,1.10037,1.10043,1.12,0.75
2019.09.16 22:34:25.978,1.10037,1.10044,1.87,0.75
2019.09.16 22:34:26.080,1.10039,1.10046,2.87,1.34
2019.09.16 22:34:26.181,1.10039,1.10046,1,3.25
2019.09.16 22:35:18.012,1.10044,1.10047,0.75,0.94
2019.09.16 22:35:18.113,1.10043,1.10048,2.25,3.56
2019.09.16 22:35:18.214,1.10046,1.10052,1.75,0.75
2019.09.16 22:35:18.265,1.10046,1.10052,0.75,1
2019.09.16 22:35:18.366,1.10047,1.10054,2.89,0.94
2019.09.16 22:35:18.417,1.10049,1.10054,2.89,0.75
2019.09.16 22:35:19.866,1.10049,1.10055,0.75,0.75
2019.09.16 22:35:25.457,1.10049,1.10054,1.75,0.75
2019.09.16 22:35:25.558,1.10048,1.10053,1.69,0.75
2019.09.16 22:35:25.660,1.10046,1.10052,1,1.69
2019.09.16 22:35:25.812,1.10047,1.10052,1,0.75
2019.09.16 22:35:25.862,1.10047,1.10053,2.87,0.75
2019.09.16 22:35:30.020,1.10047,1.10053,1.69,0.94
2019.09.16 22:35:33.116,1.10048,1.10053,0.94,0.75
2019.09.16 22:35:33.217,1.10049,1.10052,0.75,0.75
2019.09.16 22:35:33.839,1.10049,1.10053,0.94,0.75
2019.09.16 22:35:33.940,1.10049,1.10055,1.57,0.75
2019.09.16 22:35:40.010,1.1005,1.10054,0.5,0.75
2019.09.16 22:35:42.923,1.10051,1.10055,0.94,0.75
2019.09.16 22:35:48.022,1.10052,1.10056,1,0.75
2019.09.16 22:35:49.272,1.10053,1.10057,1.75,0.75
2019.09.16 22:35:50.019,1.10052,1.10057,1.75,0.75
2019.09.16 22:35:56.031,1.10052,1.10058,2.62,1.75
2019.09.16 22:35:56.183,1.10052,1.10058,0.94,2.06
2019.09.16 22:36:00.736,1.10054,1.10058,5.83,0.75
2019.09.16 22:36:01.043,1.10052,1.10058,0.94,1.69
2019.09.16 22:36:01.095,1.10052,1.10058,2.5,1.69
2019.09.16 22:36:01.435,1.10051,1.10055,2.12,0.75
2019.09.16 22:36:01.486,1.10048,1.10054,1,1.75
2019.09.16 22:36:01.688,1.10047,1.10053,1.69,1.69
2019.09.16 22:36:01.840,1.10046,1.10051,0.75,0.94
2019.09.16 22:36:01.942,1.10044,1.1005,1,1.82
2019.09.16 22:36:03.450,1.10044,1.10049,1,0.64
2019.09.16 22:36:06.852,1.10041,1.10048,2.44,1
2019.09.16 22:36:06.954,1.10041,1.10047,0.75,1
2019.09.16 22:36:15.189,1.1004,1.10048,1.31,4
2019.09.16 22:36:24.170,1.10042,1.10049,1.69,1
2019.09.16 22:36:39.137,1.10044,1.1005,1.75,1
2019.09.16 22:36:40.196,1.10044,1.1005,1,0.6
2019.09.16 22:36:40.297,1.10042,1.1005,4.75,1.75
2019.09.16 22:37:16.238,1.10042,1.10048,0.94,1.19
2019.09.16 22:37:16.340,1.10041,1.10048,2.44,1
2019.09.16 22:37:38.445,1.10043,1.1005,2.32,0.75
2019.09.16 22:37:38.547,1.10041,1.10049,1,4
2019.09.16 22:37:41.884,1.10043,1.1005,1.37,0.94
2019.09.16 22:37:45.346,1.10044,1.10051,0.75,2.14
2019.09.16 22:37:52.813,1.10044,1.10052,2.5,2.2
2019.09.16 22:37:54.180,1.10044,1.10052,2.5,1.95
2019.09.16 22:37:55.864,1.10044,1.10052,3.64,3.32
2019.09.16 22:37:57.022,1.10044,1.10052,2.5,1.95
2019.09.16 22:38:01.100,1.10044,1.10052,2.5,2.2
2019.09.16 22:38:05.333,1.10045,1.10051,1,0.6
2019.09.16 22:38:11.880,1.10045,1.10052,1.75,1
2019.09.16 22:38:12.297,1.10044,1.10051,1.75,5.57
2019.09.16 22:38:28.797,1.10044,1.10051,1.37,1
2019.09.16 22:38:30.661,1.10043,1.1005,2.12,0.94
2019.09.16 22:38:43.270,1.10044,1.1005,0.56,0.94
2019.09.16 22:38:43.376,1.10045,1.1005,0.56,0.6
2019.09.16 22:38:43.572,1.10044,1.1005,0.56,2.06
2019.09.16 22:38:45.707,1.10045,1.10051,4.75,1.12
2019.09.16 22:38:45.956,1.10044,1.10051,1.75,3.19
2019.09.16 22:38:48.202,1.10045,1.10052,5.5,0.75
2019.09.16 22:38:48.304,1.10046,1.10051,1,0.94
2019.09.16 22:38:56.229,1.10049,1.10051,0.94,0.75
2019.09.16 22:38:56.281,1.10048,1.10054,3.94,1.75
2019.09.16 22:38:56.332,1.10048,1.10054,4,1.5
2019.09.16 22:38:56.433,1.1005,1.10056,4,0.75
2019.09.16 22:38:56.736,1.1005,1.10057,0.75,1
2019.09.16 22:38:56.921,1.10051,1.10057,0.77,1.5
2019.09.16 22:38:57.114,1.10051,1.10057,0.58,0.94
2019.09.16 22:39:00.323,1.1005,1.10054,0.56,1.5
2019.09.16 22:39:00.424,1.10047,1.10053,2.5,3.94
2019.09.16 22:39:00.682,1.10046,1.10053,1.75,0.94
2019.09.16 22:39:10.227,1.10045,1.10052,1,5.08
2019.09.16 22:39:10.352,1.10045,1.10051,1,5.29
2019.09.16 22:39:11.285,1.10045,1.1005,2.87,0.75
2019.09.16 22:39:11.387,1.10042,1.10049,2.12,2.5
2019.09.16 22:39:11.488,1.10042,1.10049,1,0.94
2019.09.16 22:39:18.480,1.10044,1.1005,4.57,0.75
2019.09.16 22:39:49.451,1.10046,1.1005,1.37,0.75
2019.09.16 22:39:49.559,1.10047,1.1005,1,0.75
2019.09.16 22:39:50.965,1.10044,1.1005,1.75,1.2
2019.09.16 22:39:51.016,1.10044,1.1005,2.5,0.75
2019.09.16 22:40:10.252,1.10044,1.1005,5.5,0.75
2019.09.16 22:40:10.506,1.10046,1.1005,0.56,0.75
2019.09.16 22:40:10.608,1.10047,1.10052,3.96,0.75
2019.09.16 22:40:10.761,1.10047,1.10053,1.72,0.94
2019.09.16 22:40:10.989,1.10049,1.10053,1.33,0.75
2019.09.16 22:40:11.091,1.10053,1.10054,0.75,0.75
2019.09.16 22:40:11.143,1.10052,1.10056,0.5,0.75
2019.09.16 22:40:11.245,1.10052,1.10057,1.31,0.75
2019.09.16 22:40:12.628,1.10054,1.10058,0.58,0.75
2019.09.16 22:40:12.729,1.10054,1.10057,0.75,0.75
2019.09.16 22:40:14.990,1.10053,1.10057,0.75,0.75
2019.09.16 22:40:20.070,1.10053,1.10058,2.06,0.75
2019.09.16 22:40:20.345,1.10053,1.10057,0.75,0.75
2019.09.16 22:40:20.845,1.10053,1.10058,2.06,0.75
2019.09.16 22:40:20.952,1.10053,1.10057,0.75,0.75
2019.09.16 22:40:21.162,1.10053,1.10058,2.06,0.75
2019.09.16 22:40:22.990,1.10052,1.10058,1.69,1.69
2019.09.16 22:40:26.045,1.10054,1.10058,1.31,0.75
2019.09.16 22:40:27.086,1.10055,1.10058,0.75,0.75
2019.09.16 22:40:27.187,1.10055,1.10061,5.12,0.75
2019.09.16 22:40:30.219,1.10056,1.10061,5.87,0.75
2019.09.16 22:40:30.320,1.10055,1.1006,1,0.75
2019.09.16 22:40:37.871,1.10055,1.10058,0.75,0.75
2019.09.16 22:40:41.754,1.10053,1.10058,1,1.87
2019.09.16 22:40:46.758,1.10054,1.10058,2.52,0.75
2019.09.16 22:40:46.809,1.10054,1.10058,2.14,0.75
2019.09.16 22:40:46.860,1.10054,1.10059,4.04,0.75
2019.09.16 22:40:48.097,1.10054,1.10059,2.54,0.75
2019.09.16 22:40:59.265,1.10053,1.10057,0.94,0.75
2019.09.16 22:40:59.367,1.10052,1.10057,2.12,1.5
2019.09.16 22:41:07.538,1.1005,1.10056,1,2.12
2019.09.16 22:41:07.642,1.10049,1.10053,0.94,0.75
2019.09.16 22:41:07.794,1.10049,1.10053,1,0.75
2019.09.16 22:41:11.872,1.10049,1.10054,2.5,0.75
2019.09.16 22:41:12.126,1.10049,1.10054,1,0.94
2019.09.16 22:41:13.021,1.10048,1.10053,1,0.94
2019.09.16 22:41:13.072,1.10048,1.10051,1,0.94
2019.09.16 22:41:16.061,1.10048,1.10054,2.87,2.06
2019.09.16 22:41:16.163,1.10048,1.10054,1,2.56
2019.09.16 22:41:22.721,1.10049,1.10055,0.75,1.31
2019.09.16 22:41:22.772,1.10051,1.10055,1.37,0.75
2019.09.16 22:41:22.822,1.10049,1.10055,1.37,1.31
2019.09.16 22:41:23.055,1.10049,1.10055,1.37,1.12
2019.09.16 22:41:25.653,1.10048,1.10054,1,2.44
2019.09.16 22:41:31.920,1.10048,1.10054,1,1.5
2019.09.16 22:41:37.444,1.10048,1.10053,0.94,3.56
2019.09.16 22:41:40.199,1.10049,1.10054,1,1.5
2019.09.16 22:41:41.222,1.10049,1.10055,0.75,1.5
2019.09.16 22:41:41.386,1.10048,1.10055,1.37,2.44
2019.09.16 22:41:41.488,1.10048,1.10053,0.75,3.94
2019.09.16 22:41:44.254,1.10049,1.10053,0.75,0.5
2019.09.16 22:41:45.258,1.10048,1.10053,0.75,3.94
2019.09.16 22:41:46.083,1.10048,1.10053,1,3.75
2019.09.16 22:41:46.427,1.10049,1.10054,2.5,0.75
2019.09.16 22:41:46.944,1.10048,1.10054,1.75,1.87
2019.09.16 22:41:48.990,1.10049,1.10054,1.75,0.75
2019.09.16 22:41:58.935,1.10049,1.10054,2.5,0.75
2019.09.16 22:42:03.547,1.10049,1.10054,2.5,0.75
2019.09.16 22:42:07.725,1.10048,1.10054,2.5,1.5
2019.09.16 22:42:15.985,1.10048,1.10053,0.94,2.44
2019.09.16 22:42:17.346,1.10049,1.10054,1.75,0.75
2019.09.16 22:42:18.835,1.10049,1.10054,2.5,0.75
2019.09.16 22:42:20.945,1.10049,1.10054,2.5,0.75
2019.09.16 22:42:24.601,1.1005,1.10055,1,0.75
2019.09.16 22:42:25.452,1.10052,1.10056,2.12,0.75
2019.09.16 22:42:25.554,1.10052,1.10057,2.12,0.75
2019.09.16 22:42:31.567,1.10051,1.10057,2.87,1.31
2019.09.16 22:42:31.720,1.10051,1.10055,2.87,0.5
2019.09.16 22:42:31.822,1.1005,1.10055,1.75,1.5
2019.09.16 22:43:03.343,1.1005,1.10056,2.87,0.75
2019.09.16 22:43:09.725,1.10049,1.10054,1.31,0.94
2019.09.16 22:43:09.916,1.10049,1.10056,3.82,1.5
2019.09.16 22:43:14.551,1.10049,1.10054,1.31,1.5
2019.09.16 22:43:17.364,1.10049,1.10054,2.12,0.75
2019.09.16 22:43:19.967,1.10049,1.10053,1,0.75
2019.09.16 22:43:34.886,1.10049,1.10053,0.94,0.75
2019.09.16 22:43:37.990,1.1005,1.10055,1,0.75
2019.09.16 22:43:44.246,1.1005,1.10055,0.75,0.75
2019.09.16 22:44:04.554,1.1005,1.10055,0.94,0.75
2019.09.16 22:44:10.262,1.1005,1.10057,0.75,1.5
2019.09.16 22:44:10.414,1.10052,1.10058,5.5,1.69
2019.09.16 22:44:10.515,1.10054,1.10058,1.37,0.75
2019.09.16 22:44:11.516,1.10053,1.10059,2.12,0.75
2019.09.16 22:44:14.461,1.10054,1.10059,0.94,0.75
2019.09.16 22:44:14.564,1.10055,1.10058,0.75,0.75
2019.09.16 22:44:14.665,1.10055,1.10061,2.87,0.75
2019.09.16 22:44:14.798,1.10055,1.10061,1.37,1
2019.09.16 22:44:20.707,1.10055,1.1006,0.75,0.75
2019.09.16 22:44:33.596,1.10055,1.10058,1.69,0.75
2019.09.16 22:44:33.647,1.10054,1.10058,1.75,0.75
2019.09.16 22:44:35.461,1.10054,1.10057,0.94,0.75
2019.09.16 22:44:53.576,1.10053,1.10057,0.94,0.75
2019.09.16 22:44:53.684,1.10053,1.10056,0.75,0.75
2019.09.16 22:44:55.368,1.10055,1.10058,0.75,0.75
2019.09.16 22:44:55.990,1.10054,1.10058,0.75,0.75
2019.09.16 22:45:04.659,1.10054,1.10059,1.5,0.94
2019.09.16 22:45:11.711,1.10056,1.10059,1.12,0.75
2019.09.16 22:45:11.813,1.10056,1.1006,1.31,0.75
2019.09.16 22:45:12.697,1.10055,1.1006,1.31,0.75
2019.09.16 22:45:16.957,1.10057,1.1006,0.94,0.75
2019.09.16 22:45:17.009,1.10055,1.10061,2.87,1.5
2019.09.16 22:45:23.176,1.10055,1.1006,1.75,0.5
2019.09.16 22:45:23.278,1.10054,1.10059,2.06,0.75
2019.09.16 22:45:23.379,1.10054,1.10058,0.5,0.75
2019.09.16 22:45:24.792,1.10054,1.10059,3.94,0.75
2019.09.16 22:45:24.893,1.10054,1.10058,0.75,0.75
2019.09.16 22:45:26.153,1.10054,1.10059,3.19,0.75
2019.09.16 22:45:26.204,1.10056,1.10059,2.25,0.75
2019.09.16 22:45:26.306,1.10055,1.10059,0.94,1.42
2019.09.16 22:45:26.990,1.10056,1.1006,2.5,0.75
2019.09.16 22:45:28.139,1.10056,1.1006,2.44,0.75
2019.09.16 22:45:34.990,1.10055,1.1006,1.69,0.75
2019.09.16 22:45:54.617,1.10057,1.10061,2.87,0.94
2019.09.16 22:45:54.760,1.10058,1.10061,1.37,0.75
2019.09.16 22:45:54.862,1.10057,1.10061,1.37,2.44
2019.09.16 22:45:56.085,1.10057,1.10062,2.12,2.44
2019.09.16 22:45:59.487,1.10057,1.10062,1.75,2.25
2019.09.16 22:46:02.656,1.10057,1.10062,1,2.06
2019.09.16 22:46:03.354,1.10057,1.10062,1.75,1.87
2019.09.16 22:46:03.576,1.10056,1.10062,2.12,0.94
2019.09.16 22:46:06.535,1.10057,1.10062,1.37,0.75
2019.09.16 22:46:06.587,1.10059,1.10063,3.19,0.94
2019.09.16 22:46:06.689,1.10061,1.10064,1.5,0.94
2019.09.16 22:46:06.792,1.1006,1.10065,1,3.25
2019.09.16 22:46:08.466,1.1006,1.10063,0.94,0.75
2019.09.16 22:46:08.568,1.10058,1.10064,3.62,1.5
2019.09.16 22:46:09.877,1.10058,1.10062,1,1.5
2019.09.16 22:46:09.979,1.10057,1.10062,1,1.12
2019.09.16 22:46:10.080,1.10057,1.10063,1.75,0.75
2019.09.16 22:46:18.555,1.10055,1.10058,2.5,0.5
2019.09.16 22:46:18.657,1.10054,1.10058,0.56,0.75
2019.09.16 22:46:18.759,1.10053,1.10058,0.56,1.5
2019.09.16 22:46:19.556,1.10054,1.10058,1.31,0.75
2019.09.16 22:46:22.886,1.10052,1.10057,1,2.25
2019.09.16 22:46:22.988,1.10051,1.10056,2.32,0.75
2019.09.16 22:46:23.089,1.10049,1.10055,1.37,0.75
2019.09.16 22:46:23.604,1.10049,1.10053,0.75,1.5
2019.09.16 22:46:23.807,1.1005,1.10053,0.75,0.75
2019.09.16 22:46:24.749,1.10049,1.10053,0.75,0.75
2019.09.16 22:46:24.851,1.10051,1.10054,0.94,0.75
2019.09.16 22:46:25.169,1.10051,1.10056,0.75,0.94
2019.09.16 22:46:37.490,1.10052,1.10056,0.75,0.75
2019.09.16 22:46:46.692,1.10052,1.10057,0.94,0.75
2019.09.16 22:46:48.600,1.10053,1.10057,0.94,0.75
2019.09.16 22:46:48.701,1.10054,1.10057,0.94,0.75
2019.09.16 22:46:51.644,1.10054,1.10056,0.5,0.75
2019.09.16 22:47:00.118,1.10054,1.10057,0.75,0.75
2019.09.16 22:47:01.007,1.10053,1.10057,0.75,0.94
2019.09.16 22:47:01.817,1.10052,1.10057,0.94,1.5
2019.09.16 22:47:05.311,1.10053,1.10057,0.94,0.5
2019.09.16 22:47:06.617,1.10053,1.10056,1.5,0.5
2019.09.16 22:47:06.668,1.10052,1.10056,2.32,0.75
2019.09.16 22:47:06.718,1.1005,1.10055,1,0.75
2019.09.16 22:47:06.820,1.10049,1.10054,1,0.75
2019.09.16 22:47:06.921,1.10048,1.10054,1.75,0.94
2019.09.16 22:47:08.126,1.10049,1.10054,1,0.94
2019.09.16 22:47:14.782,1.1005,1.10054,1,0.75
2019.09.16 22:47:14.833,1.10053,1.10056,0.94,0.5
2019.09.16 22:47:17.101,1.10053,1.10057,0.94,0.75
2019.09.16 22:47:22.384,1.10054,1.10057,0.5,0.75
2019.09.16 22:47:22.485,1.10054,1.10058,0.94,0.75
2019.09.16 22:47:24.022,1.10055,1.10058,0.94,0.75
2019.09.16 22:47:28.151,1.10055,1.10058,1,0.75
2019.09.16 22:47:47.490,1.10053,1.10058,2.12,0.75
2019.09.16 22:47:48.114,1.10053,1.10058,2.12,1
2019.09.16 22:47:48.216,1.10053,1.10058,2.06,0.94
2019.09.16 22:47:52.708,1.10053,1.10058,1,0.75
2019.09.16 22:47:54.380,1.10052,1.10058,1,2.06
2019.09.16 22:47:55.793,1.10052,1.10058,0.94,2.12
2019.09.16 22:47:58.885,1.10053,1.10057,0.5,0.56
2019.09.16 22:48:06.684,1.10053,1.10059,2.12,1.31
2019.09.16 22:48:06.735,1.10053,1.10059,1.75,1.37
2019.09.16 22:48:06.786,1.10055,1.1006,0.75,2.12
2019.09.16 22:48:06.887,1.10056,1.10062,1,0.75
2019.09.16 22:48:06.989,1.10055,1.10061,1.75,0.75
2019.09.16 22:48:07.140,1.10054,1.10061,0.94,2.5
2019.09.16 22:48:09.628,1.10056,1.10061,1.75,0.94
2019.09.16 22:48:09.831,1.10056,1.10061,0.75,0.94
2019.09.16 22:48:09.932,1.10056,1.10062,2.44,0.94
2019.09.16 22:48:19.625,1.10054,1.1006,1,1
2019.09.16 22:48:19.727,1.10054,1.1006,1.37,0.75
2019.09.16 22:48:30.511,1.10054,1.10059,1.37,0.94
2019.09.16 22:48:41.185,1.10052,1.10058,1,2.06
2019.09.16 22:48:43.780,1.10053,1.10058,1.37,0.5
2019.09.16 22:48:52.493,1.10053,1.10057,1.75,0.75
2019.09.16 22:48:52.544,1.1005,1.10057,5.5,4.75
2019.09.16 22:48:52.595,1.1005,1.10055,1,2.25
2019.09.16 22:48:52.696,1.10048,1.10054,0.94,1
2019.09.16 22:49:02.751,1.10049,1.10056,2.12,0.94
2019.09.16 22:49:23.578,1.1005,1.10056,1.75,0.75
2019.09.16 22:49:37.310,1.1005,1.10056,1,0.75
2019.09.16 22:49:38.044,1.1005,1.10056,1,0.75
2019.09.16 22:49:38.167,1.1005,1.10056,2.5,0.75
2019.09.16 22:49:38.693,1.10049,1.10056,1.75,1.41
2019.09.16 22:49:38.895,1.10049,1.10057,1.75,1.03
2019.09.16 22:49:40.281,1.1005,1.10058,5.12,1.5
2019.09.16 22:49:40.409,1.1005,1.10057,1,1.78
2019.09.16 22:49:44.903,1.10051,1.10058,2.87,0.75
2019.09.16 22:49:44.954,1.10053,1.10058,4.02,0.5
2019.09.16 22:49:45.874,1.10051,1.10058,3.62,0.75
2019.09.16 22:49:45.925,1.1005,1.10056,1.75,0.75
2019.09.16 22:49:46.077,1.10049,1.10056,1.75,0.75
2019.09.16 22:49:48.063,1.10049,1.10055,2.5,0.75
2019.09.16 22:49:53.446,1.10049,1.10055,1,0.75
2019.09.16 22:50:06.225,1.10048,1.10055,1.75,0.94
2019.09.16 22:50:13.537,1.10049,1.10055,1,0.75
2019.09.16 22:50:34.880,1.10048,1.10055,1.75,1.31
2019.09.16 22:50:53.626,1.10048,1.10055,1.5,1.5
2019.09.16 22:50:56.223,1.10048,1.10054,0.75,0.75
2019.09.16 22:50:56.655,1.10048,1.10055,1.5,0.75
2019.09.16 22:51:03.849,1.10049,1.10055,0.75,0.75
2019.09.16 22:51:05.578,1.10049,1.10054,0.75,0.75
2019.09.16 22:51:05.670,1.10049,1.10056,0.75,0.75
2019.09.16 22:51:14.553,1.10049,1.10054,0.75,0.75
2019.09.16 22:51:15.877,1.10049,1.10054,1.75,0.75
2019.09.16 22:51:29.617,1.1005,1.10054,0.94,0.75
2019.09.16 22:51:29.718,1.1005,1.10057,1,1.69
2019.09.16 22:51:33.871,1.10051,1.10058,3.25,0.75
2019.09.16 22:51:33.972,1.10052,1.10057,1,1.12
2019.09.16 22:51:34.140,1.10052,1.10059,7.04,1.5
2019.09.16 22:51:35.424,1.10052,1.10059,5.54,1.69
2019.09.16 22:51:39.495,1.10053,1.10058,5.14,0.5
2019.09.16 22:51:39.621,1.10052,1.10059,10.04,1.31
2019.09.16 22:51:43.965,1.10053,1.10058,3.64,0.5
2019.09.16 22:51:44.195,1.10052,1.10058,1,1.31
2019.09.16 22:51:44.919,1.10053,1.10058,4.79,0.5
2019.09.16 22:51:45.020,1.10052,1.10058,1,1.31
2019.09.16 22:51:46.087,1.10053,1.10057,0.94,0.75
2019.09.16 22:51:49.465,1.10052,1.10058,2.5,0.56
2019.09.16 22:51:54.646,1.1005,1.10057,4,0.94
2019.09.16 22:51:55.915,1.1005,1.10057,3.25,0.75
2019.09.16 22:52:21.775,1.10049,1.10056,1,0.94
2019.09.16 22:52:29.436,1.10048,1.10054,0.75,1
2019.09.16 22:52:33.452,1.10048,1.10054,1.75,0.75
2019.09.16 22:52:34.096,1.10048,1.10054,1.69,0.94
2019.09.16 22:52:34.248,1.10048,1.10055,0.94,2.12
2019.09.16 22:52:41.114,1.10053,1.10057,1,0.75
2019.09.16 22:52:50.298,1.10053,1.10057,0.94,1.87
2019.09.16 22:53:07.048,1.10053,1.10058,2.52,1.12
2019.09.16 22:53:15.046,1.10053,1.10057,1,1.12
2019.09.16 22:53:23.699,1.10053,1.10058,1.39,1.12
2019.09.16 22:53:36.396,1.10052,1.10059,6.29,2.06
2019.09.16 22:53:38.640,1.10052,1.10059,4.79,2.12
2019.09.16 22:53:38.792,1.10054,1.10059,1.71,0.94
2019.09.16 22:53:38.894,1.10056,1.10061,1,0.94
2019.09.16 22:53:39.046,1.10057,1.10061,0.75,0.5
2019.09.16 22:53:39.513,1.10057,1.10061,0.5,1.31
2019.09.16 22:53:39.616,1.10058,1.10062,0.56,1.12
2019.09.16 22:53:40.339,1.10057,1.10062,0.56,1.69
2019.09.16 22:53:50.819,1.10058,1.10063,2.14,0.84
2019.09.16 22:53:53.180,1.10057,1.10062,0.56,2.44
2019.09.16 22:53:58.417,1.10058,1.10062,0.56,0.5
2019.09.16 22:53:58.569,1.10057,1.10063,2.89,2.44
2019.09.16 22:54:05.290,1.10057,1.10061,0.5,1.69
2019.09.16 22:54:08.015,1.10057,1.10061,0.5,2.5
2019.09.16 22:54:08.116,1.10059,1.10064,1.5,1.75
2019.09.16 22:54:08.167,1.10058,1.10063,0.5,1
2019.09.16 22:54:08.577,1.10058,1.10063,0.75,0.75
2019.09.16 22:54:13.906,1.10058,1.10064,1.37,0.94
2019.09.16 22:54:14.059,1.1006,1.10064,0.5,1
2019.09.16 22:54:14.180,1.1006,1.10066,3.25,1
2019.09.16 22:54:14.556,1.10059,1.10064,0.94,1.75
2019.09.16 22:54:14.659,1.10059,1.10063,1,0.75
2019.09.16 22:54:14.761,1.10057,1.10062,4.37,1.5
2019.09.16 22:54:14.812,1.10054,1.1006,1.69,2.5
2019.09.16 22:54:14.914,1.10055,1.10058,0.5,0.75
2019.09.16 22:54:16.203,1.10055,1.10059,0.94,0.75
2019.09.16 22:54:31.299,1.10055,1.10061,1,0.94
2019.09.16 22:54:31.400,1.10055,1.10061,1.75,2.87
2019.09.16 22:54:34.115,1.10057,1.10062,1,0.56
2019.09.16 22:54:34.225,1.10057,1.10061,1,0.56
2019.09.16 22:54:34.276,1.10057,1.10063,1.69,1.75
2019.09.16 22:54:34.377,1.10057,1.10063,1,2.44
2019.09.16 22:54:40.568,1.10057,1.10063,1,2.12
2019.09.16 22:54:40.670,1.10057,1.10063,0.75,4.37
2019.09.16 22:54:45.046,1.10057,1.10063,2.12,2.62
2019.09.16 22:54:46.062,1.10058,1.10063,2.12,0.5
2019.09.16 22:54:46.698,1.10057,1.10063,1.75,1.12
2019.09.16 22:55:02.887,1.10058,1.10062,0.75,0.5
2019.09.16 22:55:06.565,1.10057,1.10062,0.75,1.12
2019.09.16 22:55:12.006,1.10058,1.10062,1.37,0.75
2019.09.16 22:55:21.194,1.10055,1.10061,1.37,3.62
2019.09.16 22:55:21.347,1.10055,1.10061,1.37,1.69
2019.09.16 22:55:21.454,1.10055,1.1006,0.56,1.75
2019.09.16 22:55:21.590,1.10055,1.10061,1,0.94
2019.09.16 22:55:21.692,1.10055,1.10061,1,1.75
2019.09.16 22:55:21.856,1.10055,1.10061,1,0.75
2019.09.16 22:55:22.919,1.10054,1.10061,3.25,0.94
2019.09.16 22:55:24.301,1.10057,1.10061,0.94,0.75
2019.09.16 22:55:24.402,1.10057,1.10062,2.87,3
2019.09.16 22:55:28.836,1.10057,1.10062,0.94,4
2019.09.16 22:55:41.173,1.10057,1.10062,1.75,3.56
2019.09.16 22:55:41.470,1.10058,1.10062,1.75,0.5
2019.09.16 22:55:42.289,1.10057,1.10062,0.94,4
2019.09.16 22:56:04.786,1.10057,1.10062,1,3
2019.09.16 22:56:04.905,1.10057,1.10062,1.75,2.81
2019.09.16 22:56:06.749,1.10058,1.10062,1.75,0.5
2019.09.16 22:56:09.288,1.10058,1.10062,0.94,0.56
2019.09.16 22:56:09.563,1.10058,1.10062,1,0.75
2019.09.16 22:56:10.605,1.10058,1.10062,1,0.5
2019.09.16 22:56:13.994,1.10058,1.10062,0.94,0.56
2019.09.16 22:56:14.418,1.10059,1.10062,0.94,0.5
2019.09.16 22:56:15.670,1.10059,1.10062,1.75,0.5
2019.09.16 22:56:15.721,1.10057,1.10062,1.75,3
2019.09.16 22:56:15.908,1.10058,1.10062,1.75,1.87
2019.09.16 22:56:21.057,1.10057,1.10062,1.37,2.62
2019.09.16 22:56:26.295,1.10058,1.10061,1,0.75
2019.09.16 22:56:34.232,1.10058,1.10061,0.75,2.81
2019.09.16 22:56:41.063,1.10058,1.10061,1.75,0.75
2019.09.16 22:56:42.580,1.10058,1.1006,0.75,1
2019.09.16 22:56:42.926,1.10058,1.10061,0.75,0.94
2019.09.16 22:56:45.760,1.10058,1.10061,1.75,1.12
2019.09.16 22:56:50.315,1.10058,1.10061,1.5,0.94
2019.09.16 22:57:03.985,1.10057,1.10062,1.31,3.25
2019.09.16 22:57:21.865,1.10056,1.10058,0.75,0.56
2019.09.16 22:57:21.981,1.10054,1.10058,1.31,0.94
2019.09.16 22:57:27.959,1.10054,1.10058,1,0.75
2019.09.16 22:57:28.061,1.10054,1.10058,0.94,1
2019.09.16 22:57:28.289,1.10054,1.10058,1,0.75
2019.09.16 22:57:41.973,1.10053,1.10059,1.75,0.94
2019.09.16 22:58:28.614,1.10053,1.10059,2.25,1.12
2019.09.16 22:58:28.738,1.10052,1.10059,0.75,1.87
2019.09.16 22:58:32.576,1.10052,1.1006,4.5,2.25
2019.09.16 22:58:34.102,1.10055,1.1006,3.62,2.44
2019.09.16 22:58:34.205,1.10057,1.10061,1,0.5
2019.09.16 22:58:34.307,1.10056,1.10061,1,0.56
2019.09.16 22:58:35.940,1.10057,1.10061,1,0.5
2019.09.16 22:58:38.828,1.10057,1.10062,2.5,0.5
2019.09.16 22:58:38.942,1.10054,1.10062,6.25,1.82
2019.09.16 22:58:39.043,1.10054,1.1006,1.75,0.82
2019.09.16 22:58:39.144,1.10052,1.10059,2.5,2.81
2019.09.16 22:58:40.205,1.10052,1.10059,4,0.75
2019.09.16 22:58:43.921,1.10052,1.10056,1,0.5
2019.09.16 22:58:44.022,1.10053,1.10056,1,0.5
2019.09.16 22:58:44.842,1.10052,1.10056,1,0.5
2019.09.16 22:59:02.885,1.1005,1.10058,1.75,0.56
2019.09.16 22:59:07.118,1.1005,1.10056,0.75,1
2019.09.16 22:59:08.185,1.1005,1.10057,2.5,0.86
2019.09.16 22:59:11.601,1.1005,1.10058,1.37,0.75
2019.09.16 22:59:22.644,1.1005,1.10057,0.75,0.56
2019.09.16 22:59:22.746,1.10051,1.10057,1.37,0.5
2019.09.16 22:59:30.235,1.10051,1.10057,1,0.56
2019.09.16 22:59:30.336,1.10052,1.10058,1.37,0.75
2019.09.16 22:59:31.555,1.10053,1.10058,4.75,0.5
2019.09.16 22:59:31.698,1.10053,1.10058,4.75,0.5
2019.09.16 22:59:32.458,1.10052,1.10058,1,0.5
2019.09.16 22:59:35.137,1.10049,1.10055,0.94,0.75
2019.09.16 22:59:35.238,1.10047,1.10055,1,5.12
2019.09.16 22:59:39.738,1.10048,1.10055,2.5,1.69
2019.09.16 22:59:40.992,1.10048,1.10055,1.69,3.25
2019.09.16 22:59:41.093,1.10051,1.10058,5.57,0.75
2019.09.16 22:59:41.195,1.10052,1.10057,1,0.5
2019.09.16 22:59:41.296,1.10048,1.10056,0.94,4
2019.09.16 22:59:41.448,1.10049,1.10055,0.75,1
2019.09.16 22:59:41.549,1.10048,1.10056,0.94,2.87
2019.09.16 22:59:42.535,1.10048,1.10055,0.75,2.87
2019.09.16 22:59:45.723,1.10048,1.10056,1.69,2.12
2019.09.16 22:59:49.756,1.10047,1.10056,1.75,8.5
2019.09.16 22:59:49.807,1.10048,1.10053,0.75,4.75
2019.09.16 22:59:49.908,1.10048,1.10053,0.75,1.69
2019.09.16 22:59:50.009,1.10047,1.10054,1.69,1.37
