2016.09.08 10:00:00.031,1.12749,1.12751,3.07,2.25
2016.09.08 10:00:00.188,1.12749,1.1275,3.07,1.00
2016.09.08 10:00:00.240,1.12749,1.1275,2.32,1.00
2016.09.08 10:00:00.344,1.12749,1.12751,3.22,2.25
2016.09.08 10:00:00.396,1.12749,1.12751,1.87,2.25
2016.09.08 10:00:00.448,1.12749,1.12751,1.72,2.25
2016.09.08 10:00:00.499,1.12749,1.1275,2.32,1.00
2016.09.08 10:00:00.906,1.12749,1.12751,2.32,3.00
2016.09.08 10:00:01.167,1.12749,1.12751,1.57,2.25
2016.09.08 10:00:01.270,1.12749,1.12751,2.32,3.00
2016.09.08 10:00:01.703,1.12749,1.1275,2.32,1.00
2016.09.08 10:00:02.156,1.12749,1.1275,1.57,1.00
2016.09.08 10:00:02.312,1.12749,1.1275,2.32,1.00
2016.09.08 10:00:02.364,1.12749,1.1275,1.57,1.00
2016.09.08 10:00:02.415,1.12749,1.1275,1.10,1.00
2016.09.08 10:00:02.467,1.12749,1.1275,2.32,1.00
2016.09.08 10:00:02.671,1.12749,1.1275,1.57,1.00
2016.09.08 10:00:02.773,1.12749,1.1275,2.32,1.00
2016.09.08 10:00:02.902,1.12749,1.1275,1.57,1.00
2016.09.08 10:00:02.954,1.12749,1.1275,1.10,1.00
2016.09.08 10:00:03.418,1.12749,1.12751,1.10,3.00
2016.09.08 10:00:04.283,1.12749,1.12751,1.10,2.25
2016.09.08 10:00:04.385,1.12749,1.12751,1.10,3.00
2016.09.08 10:00:05.215,1.12749,1.1275,1.10,1.00
2016.09.08 10:00:05.926,1.12749,1.12751,1.10,3.00
2016.09.08 10:00:05.977,1.12749,1.12751,1.10,2.25
2016.09.08 10:00:06.064,1.12749,1.12751,1.10,3.00
2016.09.08 10:00:06.216,1.12749,1.1275,1.10,1.00
2016.09.08 10:00:07.266,1.12749,1.12751,1.10,3.00
2016.09.08 10:00:07.368,1.12749,1.1275,1.10,1.00
2016.09.08 10:00:07.419,1.12747,1.12749,14.25,1.00
2016.09.08 10:00:07.470,1.12747,1.12749,7.12,1.00
2016.09.08 10:00:07.521,1.12748,1.12749,1.10,1.12
2016.09.08 10:00:07.572,1.12748,1.12749,1.00,1.50
2016.09.08 10:00:07.631,1.12746,1.12748,3.75,1.00
2016.09.08 10:00:07.682,1.12747,1.12749,1.00,3.07
2016.09.08 10:00:07.734,1.12748,1.12749,3.00,3.45
2016.09.08 10:00:07.785,1.12748,1.12749,5.32,1.50
2016.09.08 10:00:07.882,1.12748,1.12749,6.45,1.50
2016.09.08 10:00:07.935,1.12749,1.1275,1.00,1.00
2016.09.08 10:00:08.037,1.12749,1.12751,1.00,2.32
2016.09.08 10:00:08.139,1.12748,1.12751,6.82,2.32
2016.09.08 10:00:08.190,1.12748,1.12751,6.82,1.57
2016.09.08 10:00:08.292,1.12748,1.12751,4.20,1.57
2016.09.08 10:00:08.394,1.12748,1.12751,6.82,1.57
2016.09.08 10:00:08.497,1.12749,1.12751,1.00,1.57
2016.09.08 10:00:08.599,1.12749,1.12751,2.25,2.32
2016.09.08 10:00:08.701,1.12749,1.12751,1.10,1.50
2016.09.08 10:00:08.866,1.12749,1.12751,1.57,2.25
2016.09.08 10:00:08.918,1.12749,1.1275,1.10,1.12
2016.09.08 10:00:08.969,1.12748,1.1275,1.12,3.00
2016.09.08 10:00:09.021,1.12748,1.1275,1.10,3.00
2016.09.08 10:00:09.072,1.12748,1.1275,1.10,3.75
2016.09.08 10:00:09.124,1.12748,1.12749,1.10,1.00
2016.09.08 10:00:11.268,1.12748,1.1275,2.32,2.25
2016.09.08 10:00:11.320,1.12748,1.1275,5.17,1.12
2016.09.08 10:00:11.371,1.12748,1.12751,9.67,1.10
2016.09.08 10:00:11.450,1.12748,1.12751,10.42,1.10
2016.09.08 10:00:11.501,1.12749,1.12751,1.12,1.10
2016.09.08 10:00:11.654,1.12749,1.12751,1.20,1.00
2016.09.08 10:00:12.303,1.12749,1.12751,1.95,1.00
2016.09.08 10:00:12.507,1.12749,1.12751,1.20,1.00
2016.09.08 10:00:12.609,1.12748,1.12751,7.31,1.00
2016.09.08 10:00:12.746,1.12749,1.1275,1.10,1.12
2016.09.08 10:00:12.798,1.12748,1.12749,1.87,1.00
2016.09.08 10:00:12.849,1.12748,1.1275,1.10,3.00
2016.09.08 10:00:12.900,1.12749,1.1275,1.00,1.50
2016.09.08 10:00:12.951,1.12749,1.12751,3.07,3.37
2016.09.08 10:00:13.002,1.12749,1.12752,4.57,4.57
2016.09.08 10:00:13.053,1.1275,1.12752,1.30,4.20
2016.09.08 10:00:13.105,1.1275,1.12752,2.10,3.07
2016.09.08 10:00:13.156,1.1275,1.12752,2.25,2.32
2016.09.08 10:00:13.207,1.1275,1.12752,1.50,1.50
2016.09.08 10:00:13.258,1.1275,1.12753,1.50,4.99
2016.09.08 10:00:13.309,1.1275,1.12753,1.50,6.11
2016.09.08 10:00:13.406,1.1275,1.12752,1.50,1.00
2016.09.08 10:00:13.457,1.1275,1.12752,1.00,1.00
2016.09.08 10:00:14.317,1.1275,1.12753,1.00,4.61
2016.09.08 10:00:14.368,1.1275,1.12753,1.00,4.80
2016.09.08 10:00:14.419,1.1275,1.12752,1.00,1.00
2016.09.08 10:00:14.826,1.1275,1.12753,1.00,4.76
2016.09.08 10:00:14.928,1.1275,1.12752,1.00,1.00
2016.09.08 10:00:15.402,1.1275,1.12753,1.00,4.76
2016.09.08 10:00:15.498,1.1275,1.12752,1.00,1.00
2016.09.08 10:00:15.703,1.1275,1.12753,1.00,4.76
2016.09.08 10:00:15.804,1.1275,1.12752,1.00,1.00
2016.09.08 10:00:16.709,1.1275,1.12753,1.00,7.01
2016.09.08 10:00:16.812,1.1275,1.12752,1.00,1.00
2016.09.08 10:00:17.169,1.1275,1.12752,1.00,1.00
2016.09.08 10:00:17.220,1.1275,1.12752,1.12,1.00
2016.09.08 10:00:17.271,1.1275,1.12752,1.12,1.50
2016.09.08 10:00:17.323,1.1275,1.12752,1.00,1.50
2016.09.08 10:00:17.476,1.1275,1.12752,1.00,1.00
2016.09.08 10:00:17.835,1.1275,1.12753,1.00,6.22
2016.09.08 10:00:17.938,1.12749,1.12752,5.89,1.00
2016.09.08 10:00:17.990,1.12749,1.12752,6.64,1.00
2016.09.08 10:00:18.143,1.12749,1.12752,5.89,1.00
2016.09.08 10:00:18.194,1.12749,1.12752,5.14,1.00
2016.09.08 10:00:18.245,1.12749,1.12752,4.39,1.00
2016.09.08 10:00:18.347,1.12748,1.1275,13.97,3.22
2016.09.08 10:00:18.398,1.12748,1.1275,5.16,3.37
2016.09.08 10:00:18.449,1.12749,1.12751,2.12,7.87
2016.09.08 10:00:18.501,1.12749,1.12751,3.00,2.62
2016.09.08 10:00:18.600,1.12749,1.12751,3.37,1.12
2016.09.08 10:00:18.652,1.1275,1.12751,1.57,1.00
2016.09.08 10:00:18.754,1.1275,1.12752,1.57,1.00
2016.09.08 10:00:19.416,1.1275,1.12753,1.57,6.94
2016.09.08 10:00:19.518,1.1275,1.12752,1.57,1.00
2016.09.08 10:00:19.620,1.1275,1.12753,1.57,6.94
2016.09.08 10:00:19.730,1.1275,1.12752,1.57,1.00
2016.09.08 10:00:19.934,1.12751,1.12753,1.20,5.96
2016.09.08 10:00:19.985,1.12752,1.12753,2.40,4.20
2016.09.08 10:00:20.036,1.12752,1.12753,2.25,1.95
2016.09.08 10:00:20.087,1.12752,1.12754,1.00,8.62
2016.09.08 10:00:20.138,1.12753,1.12755,3.25,12.75
2016.09.08 10:00:20.189,1.12754,1.12756,1.00,18.75
2016.09.08 10:00:20.241,1.12754,1.12755,1.50,1.87
2016.09.08 10:00:20.293,1.12754,1.12755,1.00,1.12
2016.09.08 10:00:20.345,1.12754,1.12755,1.00,1.12
2016.09.08 10:00:20.396,1.12753,1.12755,2.32,1.87
2016.09.08 10:00:20.448,1.12753,1.12755,2.70,2.25
2016.09.08 10:00:20.565,1.12753,1.12755,3.07,2.25
2016.09.08 10:00:20.617,1.12753,1.12755,3.07,1.50
2016.09.08 10:00:20.822,1.12753,1.12755,3.82,1.50
2016.09.08 10:00:20.873,1.12754,1.12756,1.00,2.32
2016.09.08 10:00:20.924,1.12755,1.12756,1.00,1.10
2016.09.08 10:00:20.975,1.12755,1.12757,1.50,4.20
2016.09.08 10:00:21.026,1.12755,1.12757,1.50,4.95
2016.09.08 10:00:21.433,1.12755,1.12757,1.50,5.55
2016.09.08 10:00:21.592,1.12755,1.12757,3.00,4.05
2016.09.08 10:00:21.897,1.12755,1.12757,1.50,3.30
2016.09.08 10:00:21.999,1.12755,1.12757,3.00,4.05
2016.09.08 10:00:22.101,1.12755,1.12757,3.00,2.70
2016.09.08 10:00:22.152,1.12755,1.12757,3.00,1.95
2016.09.08 10:00:22.254,1.12755,1.12757,3.00,2.70
2016.09.08 10:00:22.356,1.12755,1.12757,3.00,2.55
2016.09.08 10:00:22.458,1.12755,1.12757,3.00,2.70
2016.09.08 10:00:23.023,1.12755,1.12757,3.00,3.45
2016.09.08 10:00:23.482,1.12755,1.12757,2.25,3.45
2016.09.08 10:00:23.698,1.12755,1.12757,3.00,3.45
2016.09.08 10:00:24.105,1.12755,1.12757,3.00,2.70
2016.09.08 10:00:24.174,1.12755,1.12757,2.25,2.70
2016.09.08 10:00:24.275,1.12755,1.12756,3.00,1.00
2016.09.08 10:00:24.378,1.12755,1.12757,3.00,2.70
2016.09.08 10:00:24.429,1.12755,1.12757,3.00,1.95
2016.09.08 10:00:24.619,1.12755,1.12757,2.25,1.20
2016.09.08 10:00:24.671,1.12755,1.12757,2.25,1.95
2016.09.08 10:00:24.722,1.12755,1.12757,1.50,3.45
2016.09.08 10:00:24.874,1.12755,1.12757,1.50,2.70
2016.09.08 10:00:25.332,1.12756,1.12757,1.00,2.70
2016.09.08 10:00:25.383,1.12756,1.12757,1.50,2.70
2016.09.08 10:00:25.434,1.12756,1.12757,1.50,3.45
2016.09.08 10:00:25.679,1.12756,1.12757,1.50,1.20
2016.09.08 10:00:26.138,1.12756,1.12758,1.50,8.29
2016.09.08 10:00:26.240,1.12756,1.12758,1.50,9.04
2016.09.08 10:00:26.546,1.12756,1.12758,1.50,9.41
2016.09.08 10:00:26.634,1.12756,1.12758,1.50,10.16
2016.09.08 10:00:27.146,1.12756,1.12758,1.50,9.41
2016.09.08 10:00:27.197,1.12755,1.12756,3.00,1.00
2016.09.08 10:00:27.300,1.12755,1.12756,2.25,1.00
2016.09.08 10:00:27.351,1.12755,1.12756,3.00,1.00
2016.09.08 10:00:27.503,1.12756,1.12757,1.00,2.70
2016.09.08 10:00:27.554,1.12756,1.12757,1.00,1.95
2016.09.08 10:00:28.226,1.12756,1.12757,1.00,1.20
2016.09.08 10:00:28.328,1.12756,1.12757,1.00,1.95
2016.09.08 10:00:28.782,1.12756,1.12757,1.00,1.20
2016.09.08 10:00:28.937,1.12756,1.12757,1.50,1.20
2016.09.08 10:00:29.039,1.12756,1.12757,1.00,1.20
2016.09.08 10:00:29.244,1.12756,1.12757,1.50,1.20
2016.09.08 10:00:29.295,1.12756,1.12758,1.00,8.29
2016.09.08 10:00:29.346,1.12756,1.12758,1.00,7.91
2016.09.08 10:00:29.397,1.12755,1.12756,3.75,1.00
2016.09.08 10:00:29.448,1.12755,1.12756,4.12,1.00
2016.09.08 10:00:29.703,1.12755,1.12756,3.37,1.00
2016.09.08 10:00:29.754,1.12755,1.12756,2.25,1.00
2016.09.08 10:00:29.805,1.12755,1.12756,3.00,1.00
2016.09.08 10:00:29.856,1.12755,1.12756,4.12,1.00
2016.09.08 10:00:29.907,1.12755,1.12756,3.37,1.00
2016.09.08 10:00:29.958,1.12755,1.12756,3.00,1.00
2016.09.08 10:00:30.086,1.12755,1.12756,2.25,1.00
2016.09.08 10:00:30.191,1.12755,1.12756,3.00,1.00
2016.09.08 10:00:30.242,1.12755,1.12756,4.12,1.00
2016.09.08 10:00:30.293,1.12756,1.12757,1.00,1.20
2016.09.08 10:00:30.396,1.12756,1.12758,1.00,5.25
2016.09.08 10:00:30.448,1.12756,1.12758,2.50,6.22
2016.09.08 10:00:30.499,1.12756,1.12758,1.00,5.47
2016.09.08 10:00:30.703,1.12756,1.12758,1.00,5.66
2016.09.08 10:00:30.754,1.12755,1.12756,3.00,1.00
2016.09.08 10:00:30.806,1.12755,1.12756,2.25,1.00
2016.09.08 10:00:30.857,1.12756,1.12757,1.50,1.57
2016.09.08 10:00:31.241,1.12756,1.12757,1.50,1.10
2016.09.08 10:00:31.292,1.12755,1.12756,2.25,1.00
2016.09.08 10:00:31.343,1.12756,1.12757,1.50,1.57
2016.09.08 10:00:31.598,1.12756,1.12757,1.50,1.95
2016.09.08 10:00:32.351,1.12756,1.12757,1.50,1.20
2016.09.08 10:00:32.453,1.12756,1.12757,1.00,1.20
2016.09.08 10:00:32.504,1.12756,1.12758,1.00,7.54
2016.09.08 10:00:32.555,1.12756,1.12758,1.00,7.16
2016.09.08 10:00:32.630,1.12756,1.12758,1.00,6.22
2016.09.08 10:00:32.681,1.12756,1.12758,1.00,6.60
2016.09.08 10:00:32.732,1.12756,1.12757,1.50,1.20
2016.09.08 10:00:32.834,1.12757,1.12759,1.00,21.45
2016.09.08 10:00:32.885,1.12757,1.12759,1.00,20.70
2016.09.08 10:00:32.936,1.12757,1.12758,1.50,6.15
2016.09.08 10:00:32.987,1.12756,1.12758,1.50,5.85
2016.09.08 10:00:33.038,1.12756,1.12758,1.00,5.47
2016.09.08 10:00:33.090,1.12756,1.12758,2.25,6.97
2016.09.08 10:00:33.141,1.12757,1.12758,1.50,2.92
2016.09.08 10:00:33.192,1.12757,1.12758,1.50,2.55
2016.09.08 10:00:33.243,1.12756,1.12758,3.62,3.75
2016.09.08 10:00:33.295,1.12756,1.12757,3.00,1.20
2016.09.08 10:00:33.346,1.12756,1.12757,1.87,1.20
2016.09.08 10:00:33.453,1.12756,1.12757,3.00,1.20
2016.09.08 10:00:33.504,1.12756,1.12758,3.75,3.60
2016.09.08 10:00:33.556,1.12757,1.12759,1.00,13.31
2016.09.08 10:00:33.607,1.12757,1.12758,1.50,1.12
2016.09.08 10:00:33.658,1.12757,1.12758,1.00,1.57
2016.09.08 10:00:33.709,1.12756,1.12758,5.10,1.57
2016.09.08 10:00:33.761,1.12756,1.12758,3.60,1.57
2016.09.08 10:00:33.914,1.12756,1.12758,3.00,1.57
2016.09.08 10:00:34.016,1.12756,1.12758,2.25,1.57
2016.09.08 10:00:34.117,1.12756,1.12758,3.00,1.57
2016.09.08 10:00:34.169,1.12756,1.12758,3.00,1.10
2016.09.08 10:00:34.550,1.12756,1.12758,2.25,1.10
2016.09.08 10:00:34.745,1.12756,1.12757,2.25,1.00
2016.09.08 10:00:35.052,1.12756,1.12757,1.50,1.00
2016.09.08 10:00:35.103,1.12756,1.12758,1.00,1.10
2016.09.08 10:00:35.154,1.12757,1.12758,1.00,1.57
2016.09.08 10:00:35.306,1.12756,1.12757,2.25,1.00
2016.09.08 10:00:35.358,1.12756,1.12757,3.00,1.00
2016.09.08 10:00:35.408,1.12757,1.12758,1.00,1.57
2016.09.08 10:00:35.459,1.12756,1.12758,1.00,1.10
2016.09.08 10:00:35.511,1.12757,1.12759,1.00,4.31
2016.09.08 10:00:35.562,1.12757,1.12758,1.00,1.10
2016.09.08 10:00:35.613,1.12757,1.12758,1.50,1.10
2016.09.08 10:00:35.664,1.12757,1.12759,1.50,4.69
2016.09.08 10:00:35.715,1.12757,1.12759,1.00,4.69
2016.09.08 10:00:35.766,1.12757,1.12759,1.00,3.56
2016.09.08 10:00:35.904,1.12757,1.12759,1.00,2.81
2016.09.08 10:00:35.955,1.12757,1.12759,1.00,3.94
2016.09.08 10:00:37.076,1.12757,1.12759,1.00,2.81
2016.09.08 10:00:37.199,1.12757,1.12759,1.00,3.94
2016.09.08 10:00:37.250,1.12757,1.12759,1.00,2.81
2016.09.08 10:00:37.303,1.12757,1.12759,1.00,3.56
2016.09.08 10:00:37.354,1.12757,1.12759,1.00,5.44
2016.09.08 10:00:37.406,1.12757,1.12759,1.00,6.19
2016.09.08 10:00:37.509,1.12757,1.12759,1.10,5.81
2016.09.08 10:00:37.814,1.12757,1.12759,1.10,5.06
2016.09.08 10:00:37.916,1.12757,1.12759,1.10,4.31
2016.09.08 10:00:38.028,1.12756,1.12759,4.50,4.31
2016.09.08 10:00:38.130,1.12756,1.12759,4.50,5.06
2016.09.08 10:00:38.435,1.12756,1.12758,4.50,1.00
2016.09.08 10:00:38.537,1.12756,1.12758,4.50,1.12
2016.09.08 10:00:38.588,1.12756,1.12758,4.50,1.00
2016.09.08 10:00:38.690,1.12756,1.12758,3.00,1.00
2016.09.08 10:00:38.792,1.12756,1.12758,4.50,1.00
2016.09.08 10:00:39.557,1.12754,1.12756,22.19,2.85
2016.09.08 10:00:39.609,1.12754,1.12757,24.06,4.35
2016.09.08 10:00:39.705,1.12755,1.12756,6.90,1.35
2016.09.08 10:00:39.756,1.12755,1.12757,4.68,2.39
2016.09.08 10:00:39.807,1.12755,1.12757,5.80,1.00
2016.09.08 10:00:39.858,1.12756,1.12758,1.57,1.50
2016.09.08 10:00:39.910,1.12756,1.12758,1.57,1.12
2016.09.08 10:00:39.961,1.12756,1.12758,2.32,1.12
2016.09.08 10:00:40.013,1.12757,1.12758,1.00,1.00
2016.09.08 10:00:40.064,1.12757,1.12758,1.50,1.00
2016.09.08 10:00:40.115,1.12757,1.12759,1.50,7.39
2016.09.08 10:00:40.166,1.12757,1.12759,1.50,5.51
2016.09.08 10:00:40.268,1.12757,1.12759,1.50,6.64
2016.09.08 10:00:40.370,1.12757,1.12759,1.50,4.76
2016.09.08 10:00:40.536,1.12757,1.12759,1.00,3.26
2016.09.08 10:00:40.588,1.12757,1.12759,1.00,3.64
2016.09.08 10:00:40.843,1.12757,1.12759,1.50,4.39
2016.09.08 10:00:40.894,1.12757,1.12759,1.50,4.01
2016.09.08 10:00:40.946,1.12757,1.12759,1.00,4.01
2016.09.08 10:00:41.099,1.12757,1.12759,1.00,4.39
2016.09.08 10:00:41.303,1.12757,1.12759,1.00,4.01
2016.09.08 10:00:41.354,1.12757,1.12759,1.00,5.14
2016.09.08 10:00:41.687,1.12757,1.12759,1.00,4.01
2016.09.08 10:00:41.890,1.12757,1.12759,1.00,5.14
2016.09.08 10:00:41.992,1.12757,1.12759,1.00,4.39
2016.09.08 10:00:42.398,1.12757,1.12759,1.00,5.14
2016.09.08 10:00:42.701,1.12757,1.12759,1.00,4.39
2016.09.08 10:00:42.855,1.12756,1.12758,1.20,1.00
2016.09.08 10:00:42.956,1.12755,1.12758,9.90,1.00
2016.09.08 10:00:43.008,1.12755,1.12758,9.30,1.50
2016.09.08 10:00:43.059,1.12756,1.12758,1.20,1.50
2016.09.08 10:00:43.559,1.12756,1.12758,1.00,1.57
2016.09.08 10:00:43.661,1.12756,1.12758,1.00,1.10
2016.09.08 10:00:43.857,1.12756,1.12758,1.00,1.57
2016.09.08 10:00:44.314,1.12756,1.12757,1.00,1.00
2016.09.08 10:00:44.468,1.12756,1.12758,1.00,1.10
2016.09.08 10:00:45.127,1.12756,1.12758,1.12,1.10
2016.09.08 10:00:46.172,1.12756,1.12758,1.87,1.57
2016.09.08 10:00:46.687,1.12756,1.12758,1.87,1.10
2016.09.08 10:00:46.789,1.12756,1.12758,1.87,1.57
2016.09.08 10:00:46.840,1.12756,1.12758,1.50,1.57
2016.09.08 10:00:47.793,1.12756,1.12758,1.50,1.10
2016.09.08 10:00:47.895,1.12756,1.12758,1.50,1.57
2016.09.08 10:00:48.354,1.12756,1.12758,1.50,1.95
2016.09.08 10:00:48.476,1.12756,1.12758,1.50,1.10
2016.09.08 10:00:48.578,1.12756,1.12758,1.50,1.57
2016.09.08 10:00:48.680,1.12756,1.12758,1.00,1.57
2016.09.08 10:00:48.782,1.12756,1.12758,1.50,1.10
2016.09.08 10:00:48.883,1.12756,1.12758,1.00,1.57
2016.09.08 10:00:48.985,1.12756,1.12758,1.50,1.57
2016.09.08 10:00:49.087,1.12756,1.12758,1.00,1.57
2016.09.08 10:00:49.189,1.12756,1.12758,1.50,2.32
2016.09.08 10:00:49.291,1.12756,1.12758,1.00,2.32
2016.09.08 10:00:49.342,1.12756,1.12758,1.50,2.32
2016.09.08 10:00:49.654,1.12756,1.12758,1.00,2.32
2016.09.08 10:00:49.756,1.12756,1.12758,1.50,1.95
2016.09.08 10:00:49.859,1.12756,1.12758,1.00,1.95
2016.09.08 10:00:49.961,1.12756,1.12758,1.50,1.95
2016.09.08 10:00:50.063,1.12756,1.12758,1.00,1.95
2016.09.08 10:00:50.165,1.12756,1.12758,1.50,1.95
2016.09.08 10:00:50.267,1.12756,1.12758,1.00,1.95
2016.09.08 10:00:50.369,1.12756,1.12758,1.50,1.95
2016.09.08 10:00:50.420,1.12756,1.12758,2.25,1.95
2016.09.08 10:00:50.471,1.12756,1.12758,1.57,1.87
2016.09.08 10:00:50.605,1.12756,1.12758,1.57,1.00
2016.09.08 10:00:50.657,1.12756,1.12758,2.32,1.00
2016.09.08 10:00:50.758,1.12756,1.12758,3.07,1.00
2016.09.08 10:00:50.963,1.12757,1.12758,1.00,1.00
2016.09.08 10:00:51.066,1.12756,1.12758,3.82,1.00
2016.09.08 10:00:51.168,1.12757,1.12758,1.00,1.00
2016.09.08 10:00:52.479,1.12757,1.12758,1.00,1.10
2016.09.08 10:00:53.201,1.12756,1.12758,1.50,1.10
2016.09.08 10:00:53.558,1.12756,1.12758,2.25,1.10
2016.09.08 10:00:53.700,1.12756,1.12758,1.50,1.10
2016.09.08 10:00:54.005,1.12756,1.12758,2.25,1.10
2016.09.08 10:00:54.109,1.12756,1.12758,3.37,1.10
2016.09.08 10:00:54.618,1.12757,1.12759,1.50,4.31
2016.09.08 10:00:54.669,1.12758,1.1276,3.62,13.69
2016.09.08 10:00:54.720,1.12758,1.1276,6.75,7.12
2016.09.08 10:00:54.772,1.12759,1.1276,1.00,1.50
2016.09.08 10:00:54.864,1.12759,1.1276,1.12,1.00
2016.09.08 10:00:54.966,1.12759,1.12761,1.42,1.87
2016.09.08 10:00:55.017,1.1276,1.12761,1.00,1.50
2016.09.08 10:00:55.068,1.12761,1.12763,3.00,10.87
2016.09.08 10:00:55.120,1.12762,1.12763,2.32,3.00
2016.09.08 10:00:55.171,1.12763,1.12764,1.00,4.50
2016.09.08 10:00:55.222,1.12763,1.12765,6.00,7.12
2016.09.08 10:00:55.273,1.12764,1.12765,2.70,2.62
2016.09.08 10:00:55.324,1.12764,1.12767,5.25,9.04
2016.09.08 10:00:55.375,1.12765,1.12766,2.25,4.50
2016.09.08 10:00:55.426,1.12765,1.12766,4.12,4.50
2016.09.08 10:00:55.520,1.12765,1.12766,2.62,5.25
2016.09.08 10:00:55.571,1.12765,1.12766,1.76,4.50
2016.09.08 10:00:55.622,1.12765,1.12766,1.76,3.75
2016.09.08 10:00:55.674,1.12765,1.12766,1.12,1.00
2016.09.08 10:00:56.287,1.12765,1.12766,1.87,1.00
2016.09.08 10:00:56.922,1.12765,1.12767,1.87,1.00
2016.09.08 10:00:57.329,1.12765,1.12766,2.25,1.00
2016.09.08 10:00:58.069,1.12765,1.12766,1.50,1.00
2016.09.08 10:00:58.171,1.12765,1.12766,2.25,1.00
2016.09.08 10:00:59.768,1.12765,1.12766,3.00,1.00
2016.09.08 10:01:00.327,1.12765,1.12767,3.00,1.00
2016.09.08 10:01:00.480,1.12765,1.12766,2.62,1.00
2016.09.08 10:01:00.531,1.12765,1.12766,3.37,1.00
2016.09.08 10:01:00.583,1.12766,1.12767,1.10,2.10
2016.09.08 10:01:00.634,1.12765,1.12767,5.62,1.00
2016.09.08 10:01:00.774,1.12765,1.12766,5.25,1.00
2016.09.08 10:01:00.826,1.12766,1.12767,1.10,1.35
2016.09.08 10:01:01.131,1.12766,1.12767,1.10,2.10
2016.09.08 10:01:01.735,1.12766,1.12767,1.10,1.50
2016.09.08 10:01:01.838,1.12766,1.12767,1.57,1.00
2016.09.08 10:01:01.890,1.12766,1.12767,1.57,1.35
2016.09.08 10:01:01.941,1.12766,1.12768,2.32,4.35
2016.09.08 10:01:02.043,1.12767,1.12768,1.00,2.85
2016.09.08 10:01:02.247,1.12767,1.12768,1.00,3.00
2016.09.08 10:01:02.349,1.12767,1.12768,1.57,1.50
2016.09.08 10:01:02.400,1.12768,1.12769,1.00,5.62
2016.09.08 10:01:02.451,1.12768,1.12769,1.57,1.87
2016.09.08 10:01:02.503,1.12768,1.12769,1.57,1.50
2016.09.08 10:01:02.638,1.1277,1.12771,4.12,1.00
2016.09.08 10:01:02.690,1.1277,1.12772,6.00,3.79
2016.09.08 10:01:02.741,1.1277,1.12772,6.00,2.29
2016.09.08 10:01:02.843,1.1277,1.12772,6.00,3.04
2016.09.08 10:01:02.894,1.1277,1.12772,5.25,3.04
2016.09.08 10:01:02.945,1.1277,1.12772,5.25,2.29
2016.09.08 10:01:02.996,1.1277,1.12772,6.75,1.91
2016.09.08 10:01:03.300,1.1277,1.12772,4.50,1.91
2016.09.08 10:01:03.402,1.1277,1.12772,7.50,1.91
2016.09.08 10:01:03.687,1.1277,1.12772,9.75,1.16
2016.09.08 10:01:03.739,1.1277,1.12773,9.75,4.76
2016.09.08 10:01:03.790,1.1277,1.12772,9.75,1.30
2016.09.08 10:01:03.892,1.1277,1.12772,8.25,1.30
2016.09.08 10:01:03.943,1.1277,1.12772,8.25,1.72
2016.09.08 10:01:03.995,1.1277,1.12772,8.25,2.10
2016.09.08 10:01:04.046,1.1277,1.12772,7.50,2.10
2016.09.08 10:01:04.099,1.1277,1.12772,5.25,2.10
2016.09.08 10:01:04.151,1.1277,1.12772,6.00,2.10
2016.09.08 10:01:04.202,1.1277,1.12772,7.50,2.10
2016.09.08 10:01:04.356,1.1277,1.12771,6.75,1.00
2016.09.08 10:01:04.458,1.1277,1.12772,7.50,1.00
2016.09.08 10:01:04.509,1.1277,1.12772,8.25,1.00
2016.09.08 10:01:04.560,1.1277,1.12773,8.25,6.11
2016.09.08 10:01:04.662,1.1277,1.12773,7.50,6.11
2016.09.08 10:01:04.755,1.1277,1.12773,8.25,6.11
2016.09.08 10:01:04.814,1.1277,1.12773,9.00,6.11
2016.09.08 10:01:04.917,1.1277,1.12773,8.25,6.11
2016.09.08 10:01:05.019,1.1277,1.12773,9.00,6.11
2016.09.08 10:01:05.121,1.1277,1.12773,8.25,6.11
2016.09.08 10:01:05.172,1.1277,1.12773,8.25,5.89
2016.09.08 10:01:05.223,1.12771,1.12773,1.00,5.51
2016.09.08 10:01:05.274,1.12771,1.12773,1.57,4.76
2016.09.08 10:01:05.325,1.12771,1.12773,1.57,4.95
2016.09.08 10:01:05.376,1.12771,1.12773,1.57,4.72
2016.09.08 10:01:05.428,1.12771,1.12774,2.25,16.76
2016.09.08 10:01:05.479,1.12771,1.12773,2.25,3.37
2016.09.08 10:01:05.531,1.12772,1.12773,1.12,4.50
2016.09.08 10:01:05.582,1.12771,1.12772,2.62,1.00
2016.09.08 10:01:05.633,1.12772,1.12773,1.05,6.60
2016.09.08 10:01:05.722,1.12772,1.12773,1.05,7.57
2016.09.08 10:01:05.773,1.12771,1.12773,1.87,9.45
2016.09.08 10:01:05.826,1.1277,1.12771,4.50,1.00
2016.09.08 10:01:05.877,1.12771,1.12772,1.80,2.85
2016.09.08 10:01:05.930,1.12771,1.12772,1.05,2.85
2016.09.08 10:01:07.684,1.12771,1.12772,1.05,3.60
2016.09.08 10:01:07.787,1.1277,1.12771,6.00,2.25
2016.09.08 10:01:07.839,1.1277,1.12771,5.25,1.00
2016.09.08 10:01:07.890,1.1277,1.12771,4.50,1.50
2016.09.08 10:01:07.941,1.1277,1.12772,3.37,5.25
2016.09.08 10:01:07.992,1.1277,1.12772,3.37,4.87
2016.09.08 10:01:08.043,1.1277,1.12772,2.62,3.60
2016.09.08 10:01:08.095,1.1277,1.12772,1.87,4.35
2016.09.08 10:01:08.147,1.1277,1.12772,1.87,4.72
2016.09.08 10:01:08.351,1.1277,1.12772,1.87,5.47
2016.09.08 10:01:08.402,1.12769,1.1277,4.50,1.00
2016.09.08 10:01:08.454,1.1277,1.12771,1.87,1.00
2016.09.08 10:01:08.555,1.1277,1.12772,1.12,5.47
2016.09.08 10:01:08.688,1.1277,1.12771,1.87,2.25
2016.09.08 10:01:08.740,1.1277,1.12771,1.80,1.50
2016.09.08 10:01:08.994,1.1277,1.12772,2.62,3.60
2016.09.08 10:01:09.045,1.1277,1.12772,2.62,5.10
2016.09.08 10:01:09.097,1.1277,1.12771,2.62,1.12
2016.09.08 10:01:09.199,1.1277,1.12771,1.87,1.50
2016.09.08 10:01:09.250,1.1277,1.12771,1.12,1.50
2016.09.08 10:01:09.301,1.12768,1.1277,10.69,1.00
2016.09.08 10:01:09.352,1.12769,1.1277,3.37,1.00
2016.09.08 10:01:09.455,1.1277,1.12771,1.50,4.50
2016.09.08 10:01:09.557,1.1277,1.12771,1.50,2.25
2016.09.08 10:01:09.608,1.1277,1.12771,1.50,1.50
2016.09.08 10:01:09.659,1.12769,1.1277,1.87,1.00
2016.09.08 10:01:09.755,1.12768,1.1277,2.06,1.00
2016.09.08 10:01:09.806,1.12768,1.1277,1.87,5.25
2016.09.08 10:01:09.857,1.12768,1.12769,1.00,1.35
2016.09.08 10:01:09.908,1.12767,1.12769,3.37,2.10
2016.09.08 10:01:09.959,1.12767,1.12769,1.87,2.35
2016.09.08 10:01:10.011,1.12768,1.12769,1.20,2.85
2016.09.08 10:01:10.062,1.12768,1.12769,1.95,3.60
2016.09.08 10:01:10.113,1.12768,1.12769,1.95,2.85
2016.09.08 10:01:10.164,1.12768,1.12769,1.95,2.25
2016.09.08 10:01:10.266,1.12768,1.12769,1.95,2.62
2016.09.08 10:01:10.418,1.12768,1.1277,1.95,15.45
2016.09.08 10:01:10.470,1.12768,1.1277,1.95,13.57
2016.09.08 10:01:10.572,1.12768,1.1277,1.47,12.60
2016.09.08 10:01:10.623,1.12768,1.12769,1.20,1.87
2016.09.08 10:01:10.674,1.12768,1.12769,1.20,1.50
2016.09.08 10:01:11.013,1.12768,1.1277,1.47,13.57
2016.09.08 10:01:11.064,1.12768,1.1277,1.47,12.97
2016.09.08 10:01:11.115,1.12768,1.1277,1.47,13.57
2016.09.08 10:01:11.523,1.12768,1.1277,1.47,12.97
2016.09.08 10:01:11.634,1.12768,1.1277,1.47,13.57
2016.09.08 10:01:11.736,1.12768,1.1277,1.47,10.95
2016.09.08 10:01:11.837,1.12768,1.1277,1.47,12.45
2016.09.08 10:01:11.889,1.12767,1.1277,2.25,12.45
2016.09.08 10:01:12.006,1.12766,1.12768,4.12,1.72
2016.09.08 10:01:12.058,1.12766,1.12768,2.62,1.72
2016.09.08 10:01:12.161,1.12766,1.12768,1.87,1.50
2016.09.08 10:01:12.264,1.12766,1.12767,1.50,1.00
2016.09.08 10:01:12.315,1.12766,1.12767,1.50,1.50
2016.09.08 10:01:12.366,1.12766,1.12767,1.00,1.00
2016.09.08 10:01:12.418,1.12765,1.12768,3.86,1.50
2016.09.08 10:01:12.522,1.12765,1.12768,5.21,1.50
2016.09.08 10:01:12.573,1.12767,1.12769,2.32,5.25
2016.09.08 10:01:12.625,1.12769,1.1277,1.69,13.95
2016.09.08 10:01:12.714,1.12769,1.1277,1.25,6.45
2016.09.08 10:01:12.766,1.12769,1.12771,2.62,3.62
2016.09.08 10:01:12.818,1.12769,1.12771,3.75,3.75
2016.09.08 10:01:12.869,1.1277,1.12771,1.50,1.50
2016.09.08 10:01:12.920,1.1277,1.12771,1.12,2.25
2016.09.08 10:01:12.972,1.1277,1.12771,1.12,1.50
2016.09.08 10:01:13.025,1.12769,1.1277,1.50,2.25
2016.09.08 10:01:13.077,1.12769,1.1277,1.50,5.25
2016.09.08 10:01:13.129,1.12768,1.12769,3.00,1.00
2016.09.08 10:01:13.180,1.12768,1.1277,1.05,4.12
2016.09.08 10:01:13.232,1.12768,1.1277,1.05,3.37
2016.09.08 10:01:13.283,1.12767,1.12768,2.06,1.00
2016.09.08 10:01:13.525,1.12768,1.12769,1.12,1.50
2016.09.08 10:01:13.627,1.12768,1.12769,1.00,1.50
2016.09.08 10:01:13.728,1.12768,1.12769,1.00,1.00
2016.09.08 10:01:13.779,1.12768,1.12769,1.50,1.00
2016.09.08 10:01:13.831,1.12768,1.12769,1.12,1.00
2016.09.08 10:01:13.882,1.12768,1.1277,2.62,1.00
2016.09.08 10:01:13.933,1.12769,1.12771,1.00,4.50
2016.09.08 10:01:13.984,1.12769,1.12771,1.00,5.25
2016.09.08 10:01:14.086,1.12769,1.12771,1.00,3.75
2016.09.08 10:01:14.770,1.12769,1.12771,1.00,3.00
2016.09.08 10:01:14.872,1.12769,1.12771,1.00,3.75
2016.09.08 10:01:15.269,1.12768,1.12769,3.37,1.00
2016.09.08 10:01:15.320,1.12767,1.12769,10.69,1.00
2016.09.08 10:01:15.371,1.12769,1.1277,1.00,4.12
2016.09.08 10:01:15.422,1.12767,1.1277,2.25,5.62
2016.09.08 10:01:15.474,1.12768,1.1277,1.12,5.25
2016.09.08 10:01:15.525,1.12768,1.1277,1.87,5.62
2016.09.08 10:01:15.576,1.12768,1.1277,1.12,4.87
2016.09.08 10:01:15.627,1.12767,1.1277,4.12,4.50
2016.09.08 10:01:15.678,1.12767,1.1277,4.87,4.50
2016.09.08 10:01:15.884,1.12767,1.12769,4.12,1.00
2016.09.08 10:01:15.935,1.12767,1.12769,4.50,1.00
2016.09.08 10:01:15.987,1.12768,1.12769,1.12,1.50
2016.09.08 10:01:16.090,1.12767,1.12769,3.75,2.25
2016.09.08 10:01:16.142,1.12767,1.12769,2.62,2.25
2016.09.08 10:01:16.193,1.12767,1.12769,1.87,2.25
2016.09.08 10:01:16.244,1.12767,1.12769,1.50,2.25
2016.09.08 10:01:16.559,1.12767,1.12769,1.50,1.50
2016.09.08 10:01:17.040,1.12767,1.12769,1.50,2.10
2016.09.08 10:01:17.092,1.12766,1.12769,2.25,2.10
2016.09.08 10:01:17.194,1.12766,1.12769,2.25,3.97
2016.09.08 10:01:17.246,1.12767,1.12768,1.00,1.00
2016.09.08 10:01:17.400,1.12767,1.12769,1.12,4.50
2016.09.08 10:01:17.451,1.12767,1.12769,1.87,4.35
2016.09.08 10:01:17.503,1.12768,1.12769,1.10,4.35
2016.09.08 10:01:17.555,1.12768,1.12769,1.10,3.75
2016.09.08 10:01:17.627,1.12767,1.12768,1.12,1.00
2016.09.08 10:01:17.678,1.12767,1.12769,1.10,4.12
2016.09.08 10:01:18.097,1.12767,1.12768,1.12,1.50
2016.09.08 10:01:18.199,1.12767,1.12769,1.10,2.62
2016.09.08 10:01:18.412,1.12766,1.12768,3.37,1.00
2016.09.08 10:01:18.463,1.12767,1.12769,1.10,2.62
2016.09.08 10:01:18.909,1.12767,1.12769,1.10,3.00
2016.09.08 10:01:18.961,1.12767,1.12769,1.10,4.50
2016.09.08 10:01:19.013,1.12766,1.12768,3.00,1.50
2016.09.08 10:01:19.064,1.12766,1.12768,2.25,1.50
2016.09.08 10:01:19.259,1.12766,1.12767,1.50,1.00
2016.09.08 10:01:19.361,1.12766,1.12767,1.50,2.47
2016.09.08 10:01:19.413,1.12766,1.12767,1.50,3.22
2016.09.08 10:01:19.464,1.12765,1.12767,1.00,3.22
2016.09.08 10:01:19.515,1.12765,1.12767,1.12,3.22
2016.09.08 10:01:19.668,1.12765,1.12767,1.12,2.47
2016.09.08 10:01:19.871,1.12765,1.12767,1.12,3.22
2016.09.08 10:01:19.991,1.12765,1.12767,1.12,2.47
2016.09.08 10:01:20.066,1.12765,1.12767,1.12,3.22
2016.09.08 10:01:20.167,1.12765,1.12767,1.12,2.10
2016.09.08 10:01:20.269,1.12764,1.12766,3.75,2.85
2016.09.08 10:01:20.369,1.12764,1.12765,2.25,4.35
2016.09.08 10:01:20.421,1.12764,1.12765,1.10,4.87
2016.09.08 10:01:20.472,1.12763,1.12765,1.50,8.25
2016.09.08 10:01:20.523,1.12763,1.12765,1.12,9.00
2016.09.08 10:01:20.575,1.12764,1.12766,1.00,12.04
2016.09.08 10:01:20.627,1.12764,1.12765,1.10,5.62
2016.09.08 10:01:20.678,1.12764,1.12766,1.00,5.25
2016.09.08 10:01:20.729,1.12764,1.12766,1.00,4.87
2016.09.08 10:01:20.781,1.12763,1.12765,3.75,3.00
2016.09.08 10:01:20.832,1.12763,1.12765,1.50,2.25
2016.09.08 10:01:20.884,1.12763,1.12765,1.12,2.25
2016.09.08 10:01:21.427,1.12763,1.12765,1.12,1.50
2016.09.08 10:01:21.479,1.12763,1.12764,1.12,1.00
2016.09.08 10:01:21.531,1.12763,1.12765,1.87,4.87
2016.09.08 10:01:21.609,1.12764,1.12765,3.00,1.95
2016.09.08 10:01:21.661,1.12764,1.12765,1.00,1.20
2016.09.08 10:01:21.712,1.12764,1.12765,1.10,1.00
2016.09.08 10:01:21.763,1.12764,1.12766,1.00,4.50
2016.09.08 10:01:21.916,1.12764,1.12766,1.00,5.25
2016.09.08 10:01:21.967,1.12764,1.12766,1.00,6.00
2016.09.08 10:01:22.019,1.12764,1.12766,1.00,5.25
2016.09.08 10:01:22.070,1.12763,1.12765,3.00,1.00
2016.09.08 10:01:22.443,1.12763,1.12765,3.00,1.50
2016.09.08 10:01:22.494,1.12763,1.12765,2.25,1.50
2016.09.08 10:01:22.554,1.12763,1.12765,2.25,1.00
2016.09.08 10:01:22.636,1.12763,1.12765,3.00,2.25
2016.09.08 10:01:22.687,1.12763,1.12765,2.25,2.25
2016.09.08 10:01:22.891,1.12763,1.12765,1.87,2.25
2016.09.08 10:01:23.486,1.12763,1.12765,1.87,1.50
2016.09.08 10:01:23.537,1.12763,1.12765,1.50,1.50
2016.09.08 10:01:23.589,1.12763,1.12765,1.50,2.25
2016.09.08 10:01:23.640,1.12763,1.12765,1.87,2.25
2016.09.08 10:01:23.691,1.12762,1.12763,3.00,4.87
2016.09.08 10:01:23.744,1.12762,1.12763,1.87,7.90
2016.09.08 10:01:23.795,1.12761,1.12762,1.20,7.12
2016.09.08 10:01:23.846,1.12762,1.12763,1.00,4.50
2016.09.08 10:01:23.897,1.12762,1.12763,3.07,1.00
2016.09.08 10:01:23.948,1.12763,1.12764,3.00,3.75
2016.09.08 10:01:24.000,1.12763,1.12765,2.50,6.07
2016.09.08 10:01:24.052,1.12764,1.12766,1.00,8.44
2016.09.08 10:01:24.151,1.12763,1.12764,2.62,1.00
2016.09.08 10:01:24.202,1.12764,1.12766,1.50,1.87
2016.09.08 10:01:24.254,1.12764,1.12766,3.07,1.12
2016.09.08 10:01:24.306,1.12764,1.12766,4.57,1.00
2016.09.08 10:01:24.561,1.12764,1.12766,4.12,1.00
2016.09.08 10:01:24.765,1.12764,1.12766,3.75,1.00
2016.09.08 10:01:25.880,1.12764,1.12766,2.62,1.00
2016.09.08 10:01:25.931,1.12764,1.12766,1.87,1.00
2016.09.08 10:01:25.982,1.12764,1.12766,1.12,1.00
2016.09.08 10:01:27.773,1.12764,1.12766,1.10,1.00
2016.09.08 10:01:28.078,1.12764,1.12766,1.20,1.00
2016.09.08 10:01:28.444,1.12764,1.12766,1.20,1.12
2016.09.08 10:01:28.967,1.12763,1.12766,5.25,1.12
2016.09.08 10:01:29.018,1.12765,1.12766,1.00,1.00
2016.09.08 10:01:29.069,1.12765,1.12766,1.46,1.50
2016.09.08 10:01:29.171,1.12765,1.12766,2.21,1.00
2016.09.08 10:01:29.273,1.12764,1.12766,2.66,1.00
2016.09.08 10:01:29.381,1.12765,1.12766,1.46,2.25
2016.09.08 10:01:29.432,1.12765,1.12766,2.21,2.25
2016.09.08 10:01:29.484,1.12765,1.12766,1.50,1.50
2016.09.08 10:01:29.585,1.12765,1.12766,1.50,1.00
2016.09.08 10:01:29.651,1.12765,1.12767,1.00,2.92
2016.09.08 10:01:29.728,1.12765,1.12766,1.50,1.00
2016.09.08 10:01:30.135,1.12765,1.12766,2.25,1.00
2016.09.08 10:01:30.186,1.12765,1.12766,3.00,1.00
2016.09.08 10:01:30.274,1.12766,1.12768,1.00,5.17
2016.09.08 10:01:30.325,1.12767,1.12768,1.00,3.82
2016.09.08 10:01:30.376,1.12767,1.12768,1.00,3.07
2016.09.08 10:01:30.427,1.12767,1.12768,1.10,1.50
2016.09.08 10:01:30.478,1.12767,1.12769,1.81,9.75
2016.09.08 10:01:30.529,1.12767,1.12769,1.81,7.50
2016.09.08 10:01:30.581,1.12767,1.12769,1.81,3.75
2016.09.08 10:01:30.632,1.12767,1.12769,1.81,4.50
2016.09.08 10:01:30.683,1.12766,1.12769,2.96,4.50
2016.09.08 10:01:30.785,1.12766,1.12769,2.96,5.10
2016.09.08 10:01:30.836,1.12766,1.12769,2.21,3.60
2016.09.08 10:01:30.938,1.12766,1.12769,2.21,5.10
2016.09.08 10:01:31.091,1.12767,1.12768,1.05,1.00
2016.09.08 10:01:31.282,1.12766,1.12769,2.21,6.60
2016.09.08 10:01:31.333,1.12766,1.12769,2.21,6.11
2016.09.08 10:01:31.384,1.12766,1.12769,1.84,6.49
2016.09.08 10:01:31.436,1.12766,1.12769,1.84,6.97
2016.09.08 10:01:31.537,1.12766,1.12769,1.84,6.22
2016.09.08 10:01:31.639,1.12766,1.12769,1.09,6.97
2016.09.08 10:01:31.690,1.12765,1.12768,9.07,1.10
2016.09.08 10:01:31.741,1.12765,1.12768,8.32,1.57
2016.09.08 10:01:31.792,1.12765,1.12768,8.32,1.10
2016.09.08 10:01:31.843,1.12765,1.12768,9.07,1.10
2016.09.08 10:01:31.996,1.12765,1.12769,6.45,5.47
2016.09.08 10:01:32.180,1.12765,1.12768,8.32,1.10
2016.09.08 10:01:32.383,1.12765,1.12767,9.07,1.00
2016.09.08 10:01:32.484,1.12765,1.12767,6.82,1.00
2016.09.08 10:01:32.586,1.12765,1.12767,8.32,1.00
2016.09.08 10:01:32.738,1.12765,1.12767,6.45,1.00
2016.09.08 10:01:32.840,1.12765,1.12767,6.82,1.00
2016.09.08 10:01:32.891,1.12765,1.12767,6.45,1.00
2016.09.08 10:01:32.943,1.12766,1.12767,1.00,1.72
2016.09.08 10:01:33.086,1.12765,1.12767,1.50,3.30
2016.09.08 10:01:33.138,1.12764,1.12767,5.70,3.30
2016.09.08 10:01:33.189,1.12765,1.12767,1.00,2.55
2016.09.08 10:01:33.241,1.12765,1.12767,1.50,1.80
2016.09.08 10:01:33.343,1.12765,1.12768,2.25,6.22
2016.09.08 10:01:33.445,1.12765,1.12767,2.25,1.42
2016.09.08 10:01:33.496,1.12765,1.12767,1.50,2.17
2016.09.08 10:01:33.547,1.12765,1.12767,1.00,4.42
2016.09.08 10:01:33.598,1.12765,1.12767,1.00,5.17
2016.09.08 10:01:33.751,1.12765,1.12767,1.00,3.67
2016.09.08 10:01:33.997,1.12765,1.12767,1.00,2.92
2016.09.08 10:01:34.098,1.12765,1.12767,1.00,3.67
2016.09.08 10:01:34.200,1.12765,1.12767,1.00,2.92
2016.09.08 10:01:34.404,1.12765,1.12767,1.00,4.42
2016.09.08 10:01:34.455,1.12764,1.12767,2.70,4.42
2016.09.08 10:01:34.607,1.12764,1.12767,1.20,5.92
2016.09.08 10:01:34.709,1.12764,1.12767,1.20,4.42
2016.09.08 10:01:34.811,1.12764,1.12766,1.20,1.00
2016.09.08 10:01:34.980,1.12765,1.12766,1.00,6.56
2016.09.08 10:01:35.034,1.12764,1.12765,2.21,1.50
2016.09.08 10:01:35.085,1.12764,1.12765,2.21,1.00
2016.09.08 10:01:35.136,1.12764,1.12766,2.59,11.39
2016.09.08 10:01:35.187,1.12765,1.12766,1.46,5.32
2016.09.08 10:01:35.239,1.12765,1.12766,1.46,1.10
2016.09.08 10:01:35.290,1.12765,1.12767,1.00,6.97
2016.09.08 10:01:35.341,1.12766,1.12767,1.00,3.97
2016.09.08 10:01:35.394,1.12766,1.12767,1.00,2.47
2016.09.08 10:01:35.445,1.12766,1.12768,1.00,12.22
2016.09.08 10:01:35.496,1.12766,1.12768,1.00,10.72
2016.09.08 10:01:35.649,1.12766,1.12768,1.00,9.97
2016.09.08 10:01:35.922,1.12766,1.12768,1.00,9.22
2016.09.08 10:01:36.125,1.12766,1.12768,1.00,8.47
2016.09.08 10:01:36.228,1.12766,1.12768,1.00,9.22
2016.09.08 10:01:36.330,1.12766,1.12767,1.00,1.42
2016.09.08 10:01:36.787,1.12766,1.12767,1.00,2.17
2016.09.08 10:01:36.838,1.12765,1.12766,2.96,1.50
2016.09.08 10:01:36.889,1.12765,1.12766,2.21,2.10
2016.09.08 10:01:37.031,1.12765,1.12766,2.96,1.35
2016.09.08 10:01:37.133,1.12765,1.12766,2.21,1.35
2016.09.08 10:01:37.235,1.12765,1.12766,2.96,1.35
2016.09.08 10:01:37.388,1.12765,1.12766,2.25,1.35
2016.09.08 10:01:37.439,1.12765,1.12767,1.50,9.04
2016.09.08 10:01:37.490,1.12765,1.12766,1.00,1.35
2016.09.08 10:01:37.592,1.12765,1.12766,1.50,1.35
2016.09.08 10:01:37.694,1.12765,1.12767,1.50,8.29
2016.09.08 10:01:37.745,1.12765,1.12767,2.25,11.29
2016.09.08 10:01:37.796,1.12765,1.12766,2.25,1.35
2016.09.08 10:01:37.898,1.12765,1.12766,2.96,1.35
2016.09.08 10:01:38.000,1.12764,1.12766,3.04,6.10
2016.09.08 10:01:38.051,1.12764,1.12766,2.29,13.60
2016.09.08 10:01:38.102,1.12764,1.12765,1.12,1.00
2016.09.08 10:01:38.242,1.12765,1.12766,1.00,1.57
2016.09.08 10:01:38.294,1.12765,1.12766,1.00,1.10
2016.09.08 10:01:38.396,1.12765,1.12767,1.46,9.97
2016.09.08 10:01:38.448,1.12765,1.12767,1.46,8.47
2016.09.08 10:01:38.499,1.12766,1.12767,1.00,5.62
2016.09.08 10:01:38.550,1.12766,1.12767,1.00,1.57
2016.09.08 10:01:38.601,1.12766,1.12767,1.00,2.32
2016.09.08 10:01:38.754,1.12765,1.12767,1.46,3.82
2016.09.08 10:01:38.805,1.12765,1.12766,1.46,5.47
2016.09.08 10:01:38.856,1.12764,1.12765,1.46,1.00
2016.09.08 10:01:38.907,1.12764,1.12765,1.46,1.50
2016.09.08 10:01:39.009,1.12764,1.12766,1.00,6.52
2016.09.08 10:01:39.111,1.12765,1.12766,1.00,3.82
2016.09.08 10:01:39.268,1.12764,1.12766,1.00,3.07
2016.09.08 10:01:39.319,1.12763,1.12765,3.45,1.00
2016.09.08 10:01:39.524,1.12763,1.12765,2.70,1.00
2016.09.08 10:01:39.575,1.12763,1.12765,2.70,1.50
2016.09.08 10:01:39.677,1.12764,1.12766,1.00,4.57
2016.09.08 10:01:39.779,1.12765,1.12766,1.50,4.57
2016.09.08 10:01:39.831,1.12765,1.12766,1.50,1.20
2016.09.08 10:01:39.882,1.12765,1.12767,1.57,3.79
2016.09.08 10:01:39.933,1.12765,1.12767,3.07,3.79
2016.09.08 10:01:40.237,1.12765,1.12767,3.07,5.29
2016.09.08 10:01:40.340,1.12766,1.12767,1.00,3.22
2016.09.08 10:01:40.391,1.12766,1.12767,1.00,2.85
2016.09.08 10:01:40.442,1.12766,1.12767,1.00,1.35
2016.09.08 10:01:40.797,1.12766,1.12767,1.00,2.10
2016.09.08 10:01:40.849,1.12766,1.12767,1.00,4.72
2016.09.08 10:01:40.900,1.12765,1.12767,3.82,5.85
2016.09.08 10:01:41.090,1.12765,1.12767,3.07,5.85
2016.09.08 10:01:41.146,1.12765,1.12766,3.07,1.00
2016.09.08 10:01:41.197,1.12765,1.12766,2.32,1.00
2016.09.08 10:01:41.249,1.12765,1.12766,1.57,1.00
2016.09.08 10:01:41.606,1.12765,1.12766,2.32,1.00
2016.09.08 10:01:41.657,1.12765,1.12766,3.07,1.00
2016.09.08 10:01:41.708,1.12765,1.12766,3.82,1.50
2016.09.08 10:01:41.810,1.12765,1.12766,3.07,1.00
2016.09.08 10:01:42.005,1.12765,1.12766,2.32,1.50
2016.09.08 10:01:42.073,1.12765,1.12766,1.57,1.50
2016.09.08 10:01:42.226,1.12765,1.12766,1.57,1.00
2016.09.08 10:01:42.635,1.12765,1.12766,3.45,1.00
2016.09.08 10:01:42.686,1.12766,1.12767,1.50,1.35
2016.09.08 10:01:42.737,1.12766,1.12767,2.25,1.35
2016.09.08 10:01:42.948,1.12766,1.12767,2.32,1.35
2016.09.08 10:01:43.101,1.12766,1.12767,1.57,1.35
2016.09.08 10:01:43.460,1.12766,1.12767,1.10,1.35
2016.09.08 10:01:43.511,1.12766,1.12767,1.10,2.10
2016.09.08 10:01:43.562,1.12766,1.12767,1.57,2.10
2016.09.08 10:01:43.613,1.12766,1.12767,2.32,2.10
2016.09.08 10:01:44.148,1.12766,1.12767,1.57,2.10
2016.09.08 10:01:44.199,1.12766,1.12767,1.10,2.10
2016.09.08 10:01:44.250,1.12764,1.12765,6.00,1.50
2016.09.08 10:01:44.302,1.12764,1.12765,5.25,1.50
2016.09.08 10:01:44.353,1.12764,1.12765,4.50,3.37
2016.09.08 10:01:44.404,1.12764,1.12766,2.15,11.59
2016.09.08 10:01:44.455,1.12764,1.12765,2.25,1.00
2016.09.08 10:01:44.506,1.12764,1.12765,2.25,1.50
2016.09.08 10:01:44.557,1.12764,1.12765,1.12,4.12
2016.09.08 10:01:44.688,1.12764,1.12765,1.12,1.00
2016.09.08 10:01:44.843,1.12765,1.12766,1.10,1.50
2016.09.08 10:01:44.946,1.12765,1.12766,3.07,1.50
2016.09.08 10:01:44.997,1.12765,1.12766,2.32,2.25
2016.09.08 10:01:45.048,1.12765,1.12766,1.57,11.47
2016.09.08 10:01:45.100,1.12765,1.12766,1.57,12.79
2016.09.08 10:01:45.151,1.12764,1.12765,1.12,3.37
2016.09.08 10:01:45.202,1.12764,1.12765,1.12,4.12
2016.09.08 10:01:45.253,1.12764,1.12765,1.12,4.87
2016.09.08 10:01:45.456,1.12764,1.12765,1.87,4.12
2016.09.08 10:01:45.508,1.12764,1.12765,2.62,3.37
2016.09.08 10:01:45.559,1.12764,1.12765,3.37,3.37
2016.09.08 10:01:45.802,1.12765,1.12767,1.00,20.10
2016.09.08 10:01:45.854,1.12766,1.12767,1.00,9.22
2016.09.08 10:01:45.905,1.12766,1.12767,1.00,6.00
2016.09.08 10:01:45.956,1.12765,1.12766,1.57,2.62
2016.09.08 10:01:46.007,1.12765,1.12766,2.70,2.62
2016.09.08 10:01:46.058,1.12765,1.12767,3.45,5.47
2016.09.08 10:01:46.109,1.12765,1.12767,3.07,6.22
2016.09.08 10:01:46.211,1.12765,1.12767,3.07,5.47
2016.09.08 10:01:46.262,1.12765,1.12767,2.32,2.10
2016.09.08 10:01:46.313,1.12765,1.12767,2.32,4.35
2016.09.08 10:01:46.364,1.12765,1.12767,1.57,3.60
2016.09.08 10:01:46.415,1.12765,1.12766,1.57,1.00
2016.09.08 10:01:46.466,1.12765,1.12766,2.32,1.00
2016.09.08 10:01:46.517,1.12765,1.12767,2.32,2.10
2016.09.08 10:01:46.718,1.12766,1.12767,1.50,2.10
2016.09.08 10:01:46.769,1.12766,1.12767,2.25,2.10
2016.09.08 10:01:46.922,1.12766,1.12767,2.25,2.85
2016.09.08 10:01:47.176,1.12766,1.12767,2.25,3.60
2016.09.08 10:01:47.384,1.12765,1.12766,3.07,1.50
2016.09.08 10:01:47.809,1.12765,1.12767,3.07,3.10
2016.09.08 10:01:47.911,1.12765,1.12766,3.07,1.50
2016.09.08 10:01:48.386,1.12766,1.12768,2.50,13.27
2016.09.08 10:01:48.437,1.12766,1.12767,3.07,1.87
2016.09.08 10:01:48.488,1.12766,1.12768,1.50,4.87
2016.09.08 10:01:48.539,1.12768,1.12769,1.00,9.75
2016.09.08 10:01:48.676,1.12768,1.12769,1.00,5.62
2016.09.08 10:01:48.727,1.12768,1.1277,3.37,2.32
2016.09.08 10:01:48.778,1.12769,1.12771,1.12,13.00
2016.09.08 10:01:48.829,1.1277,1.12772,1.00,20.29
2016.09.08 10:01:48.881,1.1277,1.12772,1.00,11.29
2016.09.08 10:01:48.932,1.1277,1.12772,3.32,6.04
2016.09.08 10:01:48.983,1.12771,1.12773,1.12,11.29
2016.09.08 10:01:49.034,1.12771,1.12773,1.12,8.10
2016.09.08 10:01:49.085,1.12771,1.12773,1.12,8.47
2016.09.08 10:01:49.187,1.12771,1.12772,1.12,2.10
2016.09.08 10:01:49.239,1.12772,1.12773,1.10,8.32
2016.09.08 10:01:49.290,1.12772,1.12773,1.10,9.82
2016.09.08 10:01:49.341,1.12771,1.12772,1.87,2.85
2016.09.08 10:01:49.392,1.12771,1.12772,1.12,2.85
2016.09.08 10:01:49.527,1.1277,1.12772,3.00,3.97
2016.09.08 10:01:49.579,1.1277,1.12772,3.75,4.84
2016.09.08 10:01:49.630,1.1277,1.12772,3.00,4.84
2016.09.08 10:01:49.681,1.1277,1.12771,2.25,2.10
2016.09.08 10:01:49.733,1.12769,1.1277,3.00,5.25
2016.09.08 10:01:49.784,1.12769,1.12771,1.12,17.70
2016.09.08 10:01:49.835,1.12768,1.12771,4.69,23.70
2016.09.08 10:01:49.886,1.12768,1.1277,4.31,4.12
2016.09.08 10:01:49.937,1.12769,1.1277,1.10,2.25
2016.09.08 10:01:49.989,1.12769,1.1277,1.10,1.00
2016.09.08 10:01:50.041,1.12769,1.1277,1.57,1.00
2016.09.08 10:01:50.092,1.12769,1.12771,1.87,3.56
2016.09.08 10:01:50.143,1.12769,1.12771,1.87,4.31
2016.09.08 10:01:50.246,1.12769,1.12771,1.12,3.56
2016.09.08 10:01:50.297,1.1277,1.12771,1.10,2.81
2016.09.08 10:01:50.416,1.1277,1.12771,2.32,2.06
2016.09.08 10:01:50.468,1.1277,1.12771,3.07,1.25
2016.09.08 10:01:50.672,1.1277,1.12771,2.32,1.25
2016.09.08 10:01:50.774,1.1277,1.12771,3.07,1.25
2016.09.08 10:01:50.876,1.1277,1.12771,2.32,1.25
2016.09.08 10:01:50.977,1.1277,1.12771,3.07,1.25
2016.09.08 10:01:51.079,1.1277,1.12771,2.32,1.25
2016.09.08 10:01:51.181,1.1277,1.12771,3.07,1.25
2016.09.08 10:01:51.333,1.1277,1.12771,2.32,1.25
2016.09.08 10:01:51.597,1.1277,1.12771,3.07,1.25
2016.09.08 10:01:52.171,1.1277,1.12772,3.32,3.04
2016.09.08 10:01:52.223,1.12771,1.12772,1.50,1.35
2016.09.08 10:01:52.274,1.12772,1.12773,1.00,4.72
2016.09.08 10:01:52.325,1.12772,1.12773,1.50,3.60
2016.09.08 10:01:52.376,1.12772,1.12773,2.25,1.87
2016.09.08 10:01:52.427,1.12772,1.12773,2.25,1.00
2016.09.08 10:01:52.625,1.12772,1.12773,2.32,1.00
2016.09.08 10:01:52.727,1.12772,1.12774,2.32,5.10
2016.09.08 10:01:52.930,1.12771,1.12773,2.62,4.60
2016.09.08 10:01:52.981,1.12769,1.12771,16.50,2.85
2016.09.08 10:01:53.032,1.12771,1.12772,1.80,3.56
2016.09.08 10:01:53.083,1.1277,1.12772,1.00,4.31
2016.09.08 10:01:53.134,1.1277,1.12771,4.57,1.50
2016.09.08 10:01:53.185,1.12772,1.12773,1.10,2.25
2016.09.08 10:01:53.236,1.12772,1.12773,1.10,1.00
2016.09.08 10:01:53.287,1.12772,1.12773,1.57,1.00
2016.09.08 10:01:53.339,1.12773,1.12774,1.00,4.50
2016.09.08 10:01:53.510,1.12773,1.12774,1.00,3.00
2016.09.08 10:01:53.561,1.12773,1.12774,1.00,2.62
2016.09.08 10:01:53.613,1.12773,1.12774,1.10,1.00
2016.09.08 10:01:53.664,1.12773,1.12775,1.10,15.37
2016.09.08 10:01:53.765,1.12773,1.12775,1.10,14.62
2016.09.08 10:01:53.816,1.12773,1.12774,1.10,1.00
2016.09.08 10:01:54.121,1.12773,1.12774,1.10,1.50
2016.09.08 10:01:54.467,1.12773,1.12774,1.10,2.25
2016.09.08 10:01:54.950,1.12772,1.12774,3.56,2.50
2016.09.08 10:01:55.002,1.12772,1.12774,3.56,1.00
2016.09.08 10:01:55.906,1.12772,1.12774,2.81,1.00
2016.09.08 10:01:56.804,1.12772,1.12774,2.51,1.00
2016.09.08 10:01:56.906,1.12772,1.12773,2.51,1.50
2016.09.08 10:01:56.957,1.12772,1.12774,2.51,1.00
2016.09.08 10:01:57.059,1.12772,1.12773,2.51,1.50
2016.09.08 10:01:57.212,1.12772,1.12773,1.76,1.50
2016.09.08 10:01:57.263,1.12772,1.12773,1.01,1.61
2016.09.08 10:01:57.314,1.12771,1.12773,3.56,1.24
2016.09.08 10:01:57.365,1.12771,1.12773,4.31,1.24
2016.09.08 10:01:57.467,1.12771,1.12773,4.31,1.15
2016.09.08 10:01:57.569,1.12771,1.12773,2.81,1.15
2016.09.08 10:01:57.683,1.12771,1.12773,3.56,1.00
2016.09.08 10:01:59.481,1.12771,1.12773,2.81,1.00
2016.09.08 10:01:59.532,1.12771,1.12773,2.81,2.10
2016.09.08 10:01:59.583,1.12771,1.12773,2.81,2.47
2016.09.08 10:01:59.634,1.1277,1.12772,8.74,2.35
2016.09.08 10:01:59.686,1.12771,1.12773,1.00,3.07
2016.09.08 10:01:59.738,1.12772,1.12773,1.00,1.20
2016.09.08 10:01:59.789,1.12772,1.12773,1.50,1.20
2016.09.08 10:01:59.993,1.12772,1.12773,1.50,1.10
2016.09.08 10:02:00.094,1.12772,1.12773,1.57,1.00
2016.09.08 10:02:00.247,1.12772,1.12773,1.57,1.50
2016.09.08 10:02:00.951,1.12772,1.12773,1.57,1.00
2016.09.08 10:02:01.053,1.12772,1.12773,1.76,1.00
2016.09.08 10:02:01.252,1.12772,1.12773,1.76,1.50
2016.09.08 10:02:01.456,1.12772,1.12773,1.76,1.00
2016.09.08 10:02:01.610,1.12772,1.12773,2.51,1.00
2016.09.08 10:02:01.942,1.12772,1.12773,2.51,1.50
2016.09.08 10:02:02.260,1.12772,1.12773,2.51,1.00
2016.09.08 10:02:02.362,1.12772,1.12773,2.51,1.50
2016.09.08 10:02:03.125,1.12773,1.12774,1.00,2.25
2016.09.08 10:02:03.225,1.12773,1.12774,1.00,1.50
2016.09.08 10:02:03.279,1.12773,1.12774,1.10,1.12
2016.09.08 10:02:03.432,1.12773,1.12775,1.10,10.12
2016.09.08 10:02:03.483,1.12773,1.12775,1.10,8.25
2016.09.08 10:02:03.585,1.12773,1.12775,1.10,10.12
2016.09.08 10:02:03.637,1.12773,1.12775,1.10,10.87
2016.09.08 10:02:03.688,1.12773,1.12775,1.10,11.92
2016.09.08 10:02:03.739,1.12773,1.12775,1.10,11.17
2016.09.08 10:02:03.790,1.12772,1.12775,3.56,10.87
2016.09.08 10:02:04.143,1.12772,1.12774,3.56,1.12
2016.09.08 10:02:04.347,1.12772,1.12774,3.37,1.12
2016.09.08 10:02:04.398,1.12772,1.12774,3.37,1.87
2016.09.08 10:02:04.703,1.12772,1.12774,4.12,1.87
2016.09.08 10:02:05.018,1.12772,1.12774,4.12,1.50
2016.09.08 10:02:05.069,1.12772,1.12774,4.12,2.25
2016.09.08 10:02:05.120,1.12772,1.12774,3.37,1.50
2016.09.08 10:02:05.324,1.12772,1.12774,1.87,1.50
2016.09.08 10:02:05.425,1.12772,1.12774,2.62,1.50
2016.09.08 10:02:05.680,1.12772,1.12774,2.62,1.00
2016.09.08 10:02:05.934,1.12772,1.12774,1.87,1.00
2016.09.08 10:02:06.086,1.12772,1.12774,2.62,1.50
2016.09.08 10:02:06.138,1.12773,1.12774,1.10,1.00
2016.09.08 10:02:06.476,1.12773,1.12775,1.10,8.55
2016.09.08 10:02:06.578,1.12773,1.12775,1.10,10.05
2016.09.08 10:02:06.681,1.12773,1.12775,1.57,10.05
2016.09.08 10:02:06.768,1.12773,1.12775,1.57,10.80
2016.09.08 10:02:06.824,1.12773,1.12774,2.32,1.00
2016.09.08 10:02:06.903,1.12772,1.12774,3.00,1.00
2016.09.08 10:02:06.954,1.12772,1.12774,3.00,3.25
2016.09.08 10:02:07.005,1.12772,1.12773,3.37,1.00
2016.09.08 10:02:07.057,1.12772,1.12773,3.37,1.50
2016.09.08 10:02:07.220,1.12772,1.12773,3.75,1.50
2016.09.08 10:02:07.272,1.12773,1.12774,1.10,1.00
2016.09.08 10:02:07.323,1.12773,1.12774,2.32,1.00
2016.09.08 10:02:07.427,1.12774,1.12775,1.00,1.50
2016.09.08 10:02:07.478,1.12774,1.12776,1.87,10.42
2016.09.08 10:02:07.529,1.12774,1.12775,2.62,1.00
2016.09.08 10:02:07.580,1.12774,1.12775,2.25,1.00
2016.09.08 10:02:07.632,1.12774,1.12776,1.50,7.12
2016.09.08 10:02:07.683,1.12774,1.12776,1.50,5.62
2016.09.08 10:02:07.734,1.12774,1.12776,2.25,5.62
2016.09.08 10:02:08.068,1.12773,1.12774,2.32,1.00
2016.09.08 10:02:08.119,1.12773,1.12775,1.95,3.00
2016.09.08 10:02:08.170,1.12774,1.12775,1.00,1.00
2016.09.08 10:02:08.272,1.12774,1.12775,1.00,1.50
2016.09.08 10:02:08.375,1.12774,1.12775,1.00,1.00
2016.09.08 10:02:08.426,1.12775,1.12776,2.25,2.77
2016.09.08 10:02:08.479,1.12775,1.12776,2.32,1.00
2016.09.08 10:02:08.531,1.12776,1.12777,1.50,1.35
2016.09.08 10:02:08.735,1.12775,1.12777,3.07,1.00
2016.09.08 10:02:08.837,1.12775,1.12776,2.32,1.00
2016.09.08 10:02:08.888,1.12776,1.12777,1.00,2.10
2016.09.08 10:02:08.939,1.12776,1.12777,1.00,1.35
2016.09.08 10:02:09.587,1.12776,1.12777,1.57,1.35
2016.09.08 10:02:09.689,1.12777,1.12778,1.00,6.60
2016.09.08 10:02:09.740,1.12777,1.12778,1.00,5.10
2016.09.08 10:02:09.842,1.12777,1.12778,1.00,2.85
2016.09.08 10:02:10.100,1.12777,1.12778,1.00,5.10
2016.09.08 10:02:10.151,1.12776,1.12778,1.57,5.85
2016.09.08 10:02:10.202,1.12776,1.12778,2.32,5.85
2016.09.08 10:02:10.304,1.12776,1.12778,1.10,3.60
2016.09.08 10:02:10.406,1.12776,1.12778,1.57,5.85
2016.09.08 10:02:10.508,1.12776,1.12777,1.57,1.35
2016.09.08 10:02:10.611,1.12776,1.12777,1.57,2.10
2016.09.08 10:02:10.713,1.12776,1.12777,2.32,2.10
2016.09.08 10:02:11.661,1.12777,1.12779,1.00,11.74
2016.09.08 10:02:11.763,1.12777,1.12778,1.50,6.75
2016.09.08 10:02:11.814,1.12775,1.12777,6.75,2.35
2016.09.08 10:02:11.916,1.12777,1.12778,1.00,9.60
2016.09.08 10:02:12.018,1.12776,1.12777,2.32,2.10
2016.09.08 10:02:12.717,1.12776,1.12777,1.57,2.10
2016.09.08 10:02:13.021,1.12776,1.12778,1.50,6.60
2016.09.08 10:02:13.123,1.12776,1.12777,1.57,2.10
2016.09.08 10:02:13.632,1.12776,1.12777,1.57,1.35
2016.09.08 10:02:13.734,1.12776,1.12778,1.57,5.10
2016.09.08 10:02:14.054,1.12776,1.12778,1.57,5.85
2016.09.08 10:02:14.257,1.12777,1.12778,1.00,5.85
2016.09.08 10:02:14.308,1.12777,1.12778,1.00,6.60
2016.09.08 10:02:14.410,1.12776,1.12778,2.32,5.85
2016.09.08 10:02:14.461,1.12776,1.12778,2.32,5.10
2016.09.08 10:02:14.919,1.12776,1.12778,1.57,5.10
2016.09.08 10:02:15.030,1.12776,1.12778,2.32,5.10
2016.09.08 10:02:15.383,1.12776,1.12778,2.32,5.40
2016.09.08 10:02:15.435,1.12776,1.12778,2.32,4.65
2016.09.08 10:02:15.537,1.12776,1.12778,1.57,3.15
2016.09.08 10:02:15.589,1.12776,1.12778,1.57,3.90
2016.09.08 10:02:15.641,1.12776,1.12778,2.32,5.40
2016.09.08 10:02:15.692,1.12776,1.12778,2.32,5.10
2016.09.08 10:02:15.997,1.12776,1.12778,1.57,5.10
2016.09.08 10:02:16.048,1.12776,1.12777,1.10,1.35
2016.09.08 10:02:16.099,1.12775,1.12777,6.75,1.35
2016.09.08 10:02:16.202,1.12775,1.12777,6.37,1.35
2016.09.08 10:02:16.358,1.12775,1.12778,6.37,4.35
2016.09.08 10:02:16.409,1.12776,1.12778,1.10,4.35
2016.09.08 10:02:16.513,1.12776,1.12778,1.57,5.10
2016.09.08 10:02:16.565,1.12776,1.12778,2.32,5.10
2016.09.08 10:02:16.667,1.12776,1.12778,2.32,3.60
2016.09.08 10:02:16.769,1.12776,1.12777,2.32,1.35
2016.09.08 10:02:16.871,1.12776,1.12778,2.32,3.60
2016.09.08 10:02:16.973,1.12776,1.12778,2.32,2.85
2016.09.08 10:02:17.097,1.12777,1.12778,1.00,2.85
2016.09.08 10:02:17.148,1.12777,1.12778,1.00,1.35
2016.09.08 10:02:17.200,1.12776,1.12778,3.82,1.35
2016.09.08 10:02:17.458,1.12777,1.12778,1.00,1.35
2016.09.08 10:02:17.662,1.12776,1.12778,3.82,1.35
2016.09.08 10:02:17.866,1.12776,1.12778,4.76,1.35
2016.09.08 10:02:18.049,1.12776,1.12778,4.76,1.00
2016.09.08 10:02:18.151,1.12776,1.12778,4.76,1.12
2016.09.08 10:02:18.304,1.12776,1.12778,4.76,1.72
2016.09.08 10:02:18.355,1.12776,1.12778,4.01,1.72
2016.09.08 10:02:18.457,1.12776,1.12778,4.76,1.72
2016.09.08 10:02:18.661,1.12776,1.12778,4.01,1.72
2016.09.08 10:02:18.762,1.12776,1.12778,4.76,1.72
2016.09.08 10:02:18.915,1.12777,1.12779,1.12,5.92
2016.09.08 10:02:19.020,1.12779,1.1278,1.85,11.25
2016.09.08 10:02:19.072,1.12779,1.1278,1.10,6.75
2016.09.08 10:02:19.123,1.12778,1.1278,4.44,7.57
2016.09.08 10:02:19.344,1.12778,1.1278,4.44,6.07
2016.09.08 10:02:19.396,1.12778,1.1278,4.44,5.32
2016.09.08 10:02:19.447,1.12778,1.1278,4.44,6.82
2016.09.08 10:02:19.498,1.12778,1.1278,4.44,7.57
2016.09.08 10:02:19.651,1.12778,1.1278,4.44,8.32
2016.09.08 10:02:20.154,1.12778,1.1278,4.44,7.57
2016.09.08 10:02:20.262,1.12778,1.1278,2.94,8.92
2016.09.08 10:02:20.314,1.12778,1.1278,3.00,8.92
2016.09.08 10:02:20.467,1.12778,1.1278,3.00,10.42
2016.09.08 10:02:20.569,1.12778,1.1278,1.50,11.92
2016.09.08 10:02:20.772,1.12778,1.1278,1.50,10.42
2016.09.08 10:02:20.874,1.12778,1.1278,1.50,11.92
2016.09.08 10:02:20.925,1.12779,1.1278,1.00,7.57
2016.09.08 10:02:21.042,1.12779,1.1278,1.00,4.20
2016.09.08 10:02:21.094,1.1278,1.12781,1.00,3.30
2016.09.08 10:02:21.147,1.1278,1.12781,1.00,2.70
2016.09.08 10:02:21.198,1.1278,1.12782,2.50,4.50
2016.09.08 10:02:21.249,1.12781,1.12782,1.10,1.87
2016.09.08 10:02:21.301,1.12782,1.12783,1.00,4.87
2016.09.08 10:02:21.352,1.12782,1.12784,1.10,9.00
2016.09.08 10:02:21.403,1.12782,1.12784,3.26,9.00
2016.09.08 10:02:21.454,1.12783,1.12784,1.00,4.12
2016.09.08 10:02:21.556,1.12783,1.12785,1.00,16.05
2016.09.08 10:02:21.607,1.12783,1.12785,1.00,13.80
2016.09.08 10:02:21.658,1.12783,1.12784,1.00,1.00
2016.09.08 10:02:21.959,1.12783,1.12785,1.00,11.70
2016.09.08 10:02:22.010,1.12783,1.12785,1.00,8.70
2016.09.08 10:02:22.061,1.12783,1.12785,1.00,9.45
2016.09.08 10:02:22.171,1.12783,1.12785,1.00,7.95
2016.09.08 10:02:22.222,1.12783,1.12785,1.00,8.70
2016.09.08 10:02:22.274,1.12783,1.12784,1.00,1.00
2016.09.08 10:02:22.477,1.12783,1.12785,1.50,7.91
2016.09.08 10:02:22.529,1.12783,1.12785,2.25,5.66
2016.09.08 10:02:22.581,1.12783,1.12785,2.25,4.16
2016.09.08 10:02:22.638,1.12783,1.12785,2.25,4.91
2016.09.08 10:02:22.689,1.12783,1.12785,2.25,6.41
2016.09.08 10:02:22.842,1.12783,1.12785,2.25,5.66
2016.09.08 10:02:23.030,1.12783,1.12785,1.50,4.16
2016.09.08 10:02:23.082,1.12783,1.12785,2.25,4.16
2016.09.08 10:02:23.846,1.12784,1.12785,1.00,4.16
2016.09.08 10:02:24.265,1.12784,1.12785,1.00,3.41
2016.09.08 10:02:25.131,1.12783,1.12785,2.25,2.28
2016.09.08 10:02:25.182,1.12783,1.12785,3.00,2.28
2016.09.08 10:02:25.234,1.12783,1.12785,3.00,1.53
2016.09.08 10:02:25.309,1.12784,1.12786,1.00,14.06
2016.09.08 10:02:25.399,1.12784,1.12786,2.57,10.68
2016.09.08 10:02:25.450,1.12785,1.12787,2.50,5.70
2016.09.08 10:02:25.501,1.12785,1.12786,4.57,3.37
2016.09.08 10:02:25.553,1.12786,1.12787,1.50,4.87
2016.09.08 10:02:25.604,1.12786,1.12787,1.50,5.25
2016.09.08 10:02:25.655,1.12785,1.12787,4.20,5.99
2016.09.08 10:02:25.706,1.12785,1.12787,4.20,5.62
2016.09.08 10:02:25.757,1.12785,1.12787,3.82,6.22
2016.09.08 10:02:25.809,1.12785,1.12786,3.07,7.12
2016.09.08 10:02:25.860,1.12783,1.12785,7.69,1.00
2016.09.08 10:02:25.913,1.12784,1.12785,1.10,6.75
2016.09.08 10:02:25.965,1.12784,1.12785,1.50,10.50
2016.09.08 10:02:26.016,1.12783,1.12784,1.10,1.12
2016.09.08 10:02:26.067,1.12782,1.12784,2.81,2.25
2016.09.08 10:02:26.221,1.12782,1.12784,2.51,2.25
2016.09.08 10:02:26.273,1.12783,1.12784,1.50,1.12
2016.09.08 10:02:26.375,1.12783,1.12784,3.07,1.12
2016.09.08 10:02:27.162,1.12783,1.12784,3.07,1.00
2016.09.08 10:02:27.213,1.12784,1.12785,1.00,2.62
2016.09.08 10:02:27.265,1.12784,1.12785,1.00,1.12
2016.09.08 10:02:28.826,1.12784,1.12786,1.00,2.70
2016.09.08 10:02:28.877,1.12785,1.12786,1.50,2.70
2016.09.08 10:02:28.928,1.12785,1.12786,1.50,2.62
2016.09.08 10:02:28.979,1.12786,1.12787,1.00,4.95
2016.09.08 10:02:29.030,1.12786,1.12787,1.00,4.57
2016.09.08 10:02:29.081,1.12786,1.12787,1.00,4.20
2016.09.08 10:02:29.175,1.12786,1.12787,1.00,3.45
2016.09.08 10:02:29.382,1.12786,1.12787,1.00,4.20
2016.09.08 10:02:29.433,1.12786,1.12787,1.50,4.42
2016.09.08 10:02:29.484,1.12785,1.12787,5.25,5.55
2016.09.08 10:02:29.535,1.12785,1.12787,3.75,4.80
2016.09.08 10:02:29.586,1.12786,1.12787,1.00,5.17
2016.09.08 10:02:29.944,1.12786,1.12787,1.00,3.82
2016.09.08 10:02:29.995,1.12786,1.12787,1.00,3.45
2016.09.08 10:02:30.047,1.12785,1.12787,4.50,3.45
2016.09.08 10:02:30.098,1.12785,1.12787,3.75,3.82
2016.09.08 10:02:30.234,1.12786,1.12787,1.50,4.12
2016.09.08 10:02:30.286,1.12785,1.12787,3.82,6.22
2016.09.08 10:02:30.338,1.12785,1.12787,3.82,5.10
2016.09.08 10:02:30.390,1.12785,1.12787,3.82,5.47
2016.09.08 10:02:30.442,1.12785,1.12787,3.07,5.47
2016.09.08 10:02:30.494,1.12785,1.12787,3.07,4.72
2016.09.08 10:02:30.545,1.12785,1.12787,3.82,3.37
2016.09.08 10:02:30.596,1.12785,1.12787,3.82,3.75
2016.09.08 10:02:30.647,1.12786,1.12787,1.00,4.12
2016.09.08 10:02:30.699,1.12786,1.12787,1.50,3.75
2016.09.08 10:02:30.750,1.12786,1.12787,3.00,3.37
2016.09.08 10:02:30.902,1.12786,1.12787,2.25,3.75
2016.09.08 10:02:30.953,1.12786,1.12787,1.00,4.50
2016.09.08 10:02:31.461,1.12786,1.12787,1.00,4.71
2016.09.08 10:02:31.520,1.12786,1.12787,1.00,5.46
2016.09.08 10:02:31.572,1.12786,1.12787,1.00,5.83
2016.09.08 10:02:31.623,1.12786,1.12787,1.00,5.08
2016.09.08 10:02:31.674,1.12786,1.12787,1.00,4.87
2016.09.08 10:02:31.743,1.12785,1.12787,3.07,6.43
2016.09.08 10:02:31.846,1.12785,1.12787,3.82,7.72
2016.09.08 10:02:31.897,1.12785,1.12786,3.07,1.00
2016.09.08 10:02:31.948,1.12785,1.12786,3.07,1.12
2016.09.08 10:02:31.999,1.12785,1.12786,3.75,1.12
2016.09.08 10:02:32.050,1.12785,1.12786,3.00,1.12
2016.09.08 10:02:32.151,1.12785,1.12786,3.75,1.12
2016.09.08 10:02:32.202,1.12785,1.12786,3.00,1.12
2016.09.08 10:02:32.334,1.12785,1.12786,3.75,1.12
2016.09.08 10:02:32.385,1.12785,1.12786,3.00,1.12
2016.09.08 10:02:32.487,1.12785,1.12786,3.75,1.12
2016.09.08 10:02:32.691,1.12785,1.12786,3.00,1.12
2016.09.08 10:02:32.792,1.12785,1.12786,2.25,1.12
2016.09.08 10:02:32.844,1.12785,1.12786,1.50,1.16
2016.09.08 10:02:32.895,1.12785,1.12786,1.00,1.16
2016.09.08 10:02:33.352,1.12784,1.12786,2.51,1.16
2016.09.08 10:02:33.731,1.12784,1.12786,3.26,1.16
2016.09.08 10:02:33.833,1.12785,1.12786,1.00,1.16
2016.09.08 10:02:33.884,1.12785,1.12786,3.00,1.16
2016.09.08 10:02:34.087,1.12785,1.12786,2.25,1.16
2016.09.08 10:02:34.139,1.12785,1.12786,3.00,1.16
2016.09.08 10:02:34.240,1.12785,1.12786,3.75,1.05
2016.09.08 10:02:34.292,1.12785,1.12787,5.25,1.46
2016.09.08 10:02:34.343,1.12785,1.12788,3.75,10.39
2016.09.08 10:02:34.445,1.12785,1.12788,5.25,10.39
2016.09.08 10:02:34.496,1.12785,1.12788,5.25,10.01
2016.09.08 10:02:34.700,1.12785,1.12788,4.50,9.26
2016.09.08 10:02:34.751,1.12785,1.12788,3.00,7.72
2016.09.08 10:02:34.802,1.12786,1.12788,1.00,6.60
2016.09.08 10:02:35.009,1.12785,1.12788,6.00,6.60
2016.09.08 10:02:35.111,1.12786,1.12787,1.00,1.10
2016.09.08 10:02:35.620,1.12786,1.12787,1.50,1.10
2016.09.08 10:02:35.874,1.12786,1.12788,1.50,7.72
2016.09.08 10:02:36.902,1.12786,1.12787,1.50,1.10
2016.09.08 10:02:36.953,1.12786,1.12787,1.50,1.57
2016.09.08 10:02:37.004,1.12785,1.12786,5.25,1.00
2016.09.08 10:02:37.055,1.12785,1.12786,4.87,1.50
2016.09.08 10:02:37.106,1.12785,1.12787,4.00,1.78
2016.09.08 10:02:37.157,1.12785,1.12787,3.25,1.78
2016.09.08 10:02:37.208,1.12785,1.12786,3.00,1.12
2016.09.08 10:02:37.447,1.12785,1.12786,2.25,1.12
2016.09.08 10:02:37.500,1.12785,1.12786,3.00,1.12
2016.09.08 10:02:37.759,1.12785,1.12786,2.25,1.12
2016.09.08 10:02:38.013,1.12785,1.12786,2.25,1.50
2016.09.08 10:02:38.064,1.12784,1.12785,4.01,1.00
2016.09.08 10:02:38.115,1.12784,1.12786,2.95,6.60
2016.09.08 10:02:38.166,1.12784,1.12785,1.00,2.25
2016.09.08 10:02:38.217,1.12783,1.12784,3.07,1.00
2016.09.08 10:02:38.342,1.12783,1.12785,3.82,1.87
2016.09.08 10:02:38.393,1.12783,1.12785,3.07,1.00
2016.09.08 10:02:38.444,1.12784,1.12785,1.00,1.00
2016.09.08 10:02:38.496,1.12784,1.12786,1.50,1.10
2016.09.08 10:02:38.547,1.12784,1.12787,1.50,6.75
2016.09.08 10:02:38.598,1.12784,1.12786,1.50,1.10
2016.09.08 10:02:38.649,1.12784,1.12787,1.50,7.12
2016.09.08 10:02:38.701,1.12785,1.12787,1.00,4.87
2016.09.08 10:02:38.752,1.12785,1.12787,1.00,2.25
2016.09.08 10:02:38.803,1.12786,1.12787,1.00,1.20
2016.09.08 10:02:38.854,1.12786,1.12787,1.00,1.10
2016.09.08 10:02:38.906,1.12786,1.12787,1.00,1.20
2016.09.08 10:02:38.957,1.12786,1.12787,1.50,1.20
2016.09.08 10:02:39.009,1.12786,1.12787,2.44,1.20
2016.09.08 10:02:39.213,1.12786,1.12787,1.69,1.20
2016.09.08 10:02:39.265,1.12786,1.12788,1.00,6.97
2016.09.08 10:02:39.316,1.12786,1.12788,2.69,7.72
2016.09.08 10:02:39.367,1.12786,1.12788,1.00,7.72
2016.09.08 10:02:39.419,1.12786,1.12788,1.00,8.10
2016.09.08 10:02:39.776,1.12786,1.12787,1.69,1.57
2016.09.08 10:02:40.464,1.12786,1.12788,1.00,6.00
2016.09.08 10:02:40.870,1.12786,1.12788,1.00,6.60
2016.09.08 10:02:40.922,1.12786,1.12787,1.25,1.95
2016.09.08 10:02:40.973,1.12786,1.12787,1.69,3.30
2016.09.08 10:02:41.024,1.12785,1.12787,4.31,4.30
2016.09.08 10:02:41.075,1.12785,1.12786,3.37,1.50
2016.09.08 10:02:41.127,1.12783,1.12785,12.19,2.50
2016.09.08 10:02:41.230,1.12783,1.12785,4.39,4.00
2016.09.08 10:02:41.282,1.12783,1.12784,1.01,1.00
2016.09.08 10:02:41.333,1.12783,1.12784,1.01,1.12
2016.09.08 10:02:41.537,1.12782,1.12784,2.89,1.12
2016.09.08 10:02:41.639,1.12783,1.12784,1.25,1.00
2016.09.08 10:02:42.148,1.12782,1.12784,2.89,1.00
2016.09.08 10:02:42.250,1.12783,1.12784,1.25,1.00
2016.09.08 10:02:42.890,1.12782,1.12784,2.14,1.00
2016.09.08 10:02:43.043,1.12782,1.12784,2.14,2.50
2016.09.08 10:02:43.247,1.12782,1.12783,2.14,1.00
2016.09.08 10:02:43.349,1.12782,1.12784,2.14,2.50
2016.09.08 10:02:43.747,1.12782,1.12783,2.14,1.00
2016.09.08 10:02:43.803,1.12782,1.12783,2.14,1.50
2016.09.08 10:02:44.627,1.12782,1.12783,2.14,1.87
2016.09.08 10:02:44.678,1.12781,1.12783,4.05,2.10
2016.09.08 10:02:44.729,1.12779,1.1278,28.31,1.20
2016.09.08 10:02:44.780,1.12778,1.12779,22.31,1.35
2016.09.08 10:02:44.831,1.12778,1.12779,4.50,1.12
2016.09.08 10:02:44.883,1.12778,1.1278,1.00,8.17
2016.09.08 10:02:44.934,1.12777,1.12778,1.50,1.00
2016.09.08 10:02:44.985,1.12777,1.12779,1.50,1.12
2016.09.08 10:02:45.037,1.12778,1.12779,2.25,1.12
2016.09.08 10:02:45.088,1.12778,1.12779,3.22,1.87
2016.09.08 10:02:45.140,1.12778,1.12779,2.62,1.50
2016.09.08 10:02:45.279,1.12778,1.12779,3.19,1.50
2016.09.08 10:02:45.332,1.12778,1.1278,2.69,3.07
2016.09.08 10:02:45.384,1.12778,1.12779,1.69,1.50
2016.09.08 10:02:45.435,1.12778,1.12779,1.25,1.50
2016.09.08 10:02:45.588,1.12777,1.12779,5.51,1.50
2016.09.08 10:02:45.639,1.12778,1.12779,1.25,1.50
2016.09.08 10:02:45.741,1.12777,1.12779,4.39,1.50
2016.09.08 10:02:45.995,1.12778,1.12779,1.25,1.50
2016.09.08 10:02:46.046,1.12778,1.12779,1.00,1.50
2016.09.08 10:02:46.490,1.12778,1.12779,1.00,1.00
2016.09.08 10:02:46.542,1.12779,1.1278,1.12,3.07
2016.09.08 10:02:46.593,1.12779,1.1278,1.78,1.00
2016.09.08 10:02:46.645,1.12779,1.12782,3.09,5.62
2016.09.08 10:02:46.698,1.1278,1.12781,1.00,1.10
2016.09.08 10:02:46.778,1.1278,1.12782,1.50,1.57
2016.09.08 10:02:46.881,1.1278,1.12782,1.50,1.57
2016.09.08 10:02:47.136,1.1278,1.12782,2.25,1.10
2016.09.08 10:02:47.274,1.12781,1.12783,4.31,3.45
2016.09.08 10:02:47.327,1.12781,1.12783,4.91,3.82
2016.09.08 10:02:47.378,1.12781,1.12783,5.66,2.32
2016.09.08 10:02:47.429,1.12781,1.12783,7.16,1.10
2016.09.08 10:02:47.480,1.12781,1.12783,7.99,1.00
2016.09.08 10:02:48.739,1.12781,1.12783,8.74,1.00
2016.09.08 10:02:50.220,1.12781,1.12783,6.49,1.00
2016.09.08 10:02:50.322,1.12781,1.12783,7.99,1.00
2016.09.08 10:02:50.373,1.12782,1.12783,1.00,1.00
2016.09.08 10:02:51.733,1.12782,1.12783,1.50,1.00
2016.09.08 10:02:52.309,1.12782,1.12783,1.00,1.00
2016.09.08 10:02:52.614,1.12782,1.12783,1.50,1.00
2016.09.08 10:02:52.716,1.12782,1.12783,1.00,1.00
2016.09.08 10:02:52.919,1.12782,1.12783,1.50,1.00
2016.09.08 10:02:53.501,1.12782,1.12784,1.50,3.07
2016.09.08 10:02:53.552,1.12782,1.12784,1.00,3.07
2016.09.08 10:02:53.654,1.12782,1.12784,1.50,3.82
2016.09.08 10:02:53.755,1.12782,1.12784,1.50,3.07
2016.09.08 10:02:54.111,1.12783,1.12785,1.00,13.12
2016.09.08 10:02:54.162,1.12787,1.12788,3.97,38.25
2016.09.08 10:02:54.214,1.12788,1.12789,1.10,36.37
2016.09.08 10:02:54.266,1.12789,1.12791,5.85,17.32
2016.09.08 10:02:54.317,1.12789,1.1279,6.22,6.00
2016.09.08 10:02:54.451,1.1279,1.12791,3.82,3.82
2016.09.08 10:02:54.503,1.1279,1.12791,1.57,1.12
2016.09.08 10:02:54.554,1.1279,1.12791,1.10,3.19
2016.09.08 10:02:54.605,1.12788,1.12791,4.87,3.94
2016.09.08 10:02:54.656,1.12788,1.12791,4.20,6.04
2016.09.08 10:02:54.707,1.12788,1.12791,3.82,6.49
2016.09.08 10:02:54.759,1.12788,1.12791,3.82,8.20
2016.09.08 10:02:54.810,1.12788,1.1279,3.07,1.29
2016.09.08 10:02:54.861,1.12788,1.1279,3.07,1.00
2016.09.08 10:02:54.963,1.12788,1.1279,1.76,1.00
2016.09.08 10:02:55.014,1.12788,1.12791,1.76,4.20
2016.09.08 10:02:55.066,1.12788,1.12791,3.26,5.70
2016.09.08 10:02:55.117,1.12788,1.12791,3.26,6.90
2016.09.08 10:02:55.168,1.12788,1.12791,1.76,5.40
2016.09.08 10:02:55.332,1.12788,1.12791,3.26,6.90
2016.09.08 10:02:55.383,1.1279,1.12791,1.50,5.40
2016.09.08 10:02:55.434,1.1279,1.12791,1.50,5.02
2016.09.08 10:02:55.485,1.1279,1.12791,1.00,4.65
2016.09.08 10:02:55.536,1.1279,1.12791,1.00,5.25
2016.09.08 10:02:55.587,1.1279,1.12791,1.00,3.75
2016.09.08 10:02:55.638,1.12789,1.12791,3.19,3.07
2016.09.08 10:02:55.943,1.12789,1.1279,3.19,1.12
2016.09.08 10:02:55.994,1.12789,1.1279,2.44,2.62
2016.09.08 10:02:56.045,1.12789,1.1279,1.50,3.37
2016.09.08 10:02:56.216,1.12785,1.12787,12.60,2.62
2016.09.08 10:02:56.270,1.12784,1.12785,11.06,1.00
2016.09.08 10:02:56.322,1.12783,1.12785,12.64,2.50
2016.09.08 10:02:56.373,1.12783,1.12784,7.01,1.00
2016.09.08 10:02:56.424,1.12783,1.12784,1.69,1.20
2016.09.08 10:02:56.476,1.12782,1.12784,2.44,1.57
2016.09.08 10:02:56.527,1.12782,1.12784,1.69,1.57
2016.09.08 10:02:56.578,1.12782,1.12784,3.19,1.57
2016.09.08 10:02:56.630,1.12783,1.12785,1.00,4.87
2016.09.08 10:02:56.681,1.12783,1.12785,1.00,3.75
2016.09.08 10:02:56.826,1.12784,1.12785,2.25,1.50
2016.09.08 10:02:56.903,1.12784,1.12785,3.00,1.12
2016.09.08 10:02:56.954,1.12784,1.12786,3.00,13.87
2016.09.08 10:02:57.056,1.12784,1.12786,3.00,13.31
2016.09.08 10:02:57.107,1.12784,1.12786,3.00,12.56
2016.09.08 10:02:57.159,1.12784,1.12786,3.00,11.81
2016.09.08 10:02:57.568,1.12784,1.12786,6.31,9.00
2016.09.08 10:02:57.672,1.12785,1.12787,4.75,5.25
2016.09.08 10:02:57.741,1.12788,1.12789,1.00,2.70
2016.09.08 10:02:57.793,1.12788,1.12789,1.50,1.10
2016.09.08 10:02:57.846,1.12789,1.1279,1.00,16.76
2016.09.08 10:02:57.898,1.12789,1.1279,1.00,16.57
2016.09.08 10:02:57.950,1.12788,1.12789,1.50,1.00
2016.09.08 10:02:58.001,1.12788,1.12789,1.50,1.00
2016.09.08 10:02:58.053,1.12789,1.1279,1.00,12.07
2016.09.08 10:02:58.105,1.12789,1.1279,1.00,9.82
2016.09.08 10:02:58.207,1.12789,1.1279,1.00,8.32
2016.09.08 10:02:58.258,1.12789,1.1279,1.00,9.82
2016.09.08 10:02:58.309,1.12789,1.1279,1.00,11.32
2016.09.08 10:02:58.553,1.12789,1.1279,1.00,10.95
2016.09.08 10:02:58.604,1.12789,1.1279,1.00,9.45
2016.09.08 10:02:58.657,1.12789,1.1279,1.00,4.57
2016.09.08 10:02:58.708,1.12789,1.1279,1.00,3.07
2016.09.08 10:02:58.760,1.12789,1.12791,3.10,18.01
2016.09.08 10:02:58.811,1.1279,1.12791,2.25,11.26
2016.09.08 10:02:58.863,1.1279,1.12791,3.75,6.75
2016.09.08 10:02:58.914,1.1279,1.12791,4.50,9.45
2016.09.08 10:02:58.965,1.12791,1.12792,1.12,7.42
2016.09.08 10:02:59.016,1.12791,1.12792,1.12,9.75
2016.09.08 10:02:59.067,1.12791,1.12792,1.87,2.62
2016.09.08 10:02:59.119,1.12791,1.12792,1.87,1.87
2016.09.08 10:02:59.171,1.12791,1.12793,2.62,6.97
2016.09.08 10:02:59.224,1.12791,1.12792,1.87,1.12
2016.09.08 10:02:59.398,1.12791,1.12793,1.00,6.22
2016.09.08 10:02:59.450,1.12791,1.12793,1.50,7.72
2016.09.08 10:02:59.502,1.12791,1.12793,1.50,8.47
2016.09.08 10:02:59.553,1.12791,1.12792,1.50,1.12
2016.09.08 10:02:59.757,1.12791,1.12792,1.50,1.05
2016.09.08 10:02:59.809,1.12791,1.12792,1.50,1.00
2016.09.08 10:02:59.861,1.12792,1.12793,1.00,1.10
2016.09.08 10:02:59.912,1.12792,1.12793,1.00,1.00
2016.09.08 10:02:59.963,1.12792,1.12794,1.50,8.89
2016.09.08 10:03:00.014,1.12792,1.12794,1.50,7.20
2016.09.08 10:03:00.065,1.12793,1.12794,1.00,5.32
2016.09.08 10:03:00.117,1.12793,1.12794,1.50,2.70
2016.09.08 10:03:00.258,1.12793,1.12795,1.87,5.70
2016.09.08 10:03:00.360,1.12793,1.12795,2.62,5.70
2016.09.08 10:03:00.412,1.12793,1.12795,2.62,6.45
2016.09.08 10:03:00.463,1.12793,1.12795,3.37,7.20
2016.09.08 10:03:00.514,1.12793,1.12794,3.00,1.12
2016.09.08 10:03:00.565,1.12793,1.12794,3.37,1.12
2016.09.08 10:03:00.668,1.12793,1.12794,2.25,1.12
2016.09.08 10:03:00.821,1.12793,1.12794,2.25,1.20
2016.09.08 10:03:00.872,1.12793,1.12795,2.62,10.50
2016.09.08 10:03:01.011,1.12793,1.12794,3.37,1.20
2016.09.08 10:03:01.063,1.12793,1.12794,2.62,1.20
2016.09.08 10:03:01.114,1.12793,1.12795,2.62,8.25
2016.09.08 10:03:01.165,1.12793,1.12795,3.37,6.75
2016.09.08 10:03:01.217,1.12793,1.12795,3.37,6.00
2016.09.08 10:03:01.268,1.12793,1.12795,3.37,7.50
2016.09.08 10:03:01.319,1.12793,1.12795,3.37,8.25
2016.09.08 10:03:01.371,1.12793,1.12795,2.62,5.70
2016.09.08 10:03:01.473,1.12793,1.12795,3.37,6.45
2016.09.08 10:03:01.524,1.12793,1.12795,3.37,5.70
2016.09.08 10:03:01.575,1.12794,1.12795,1.12,3.82
2016.09.08 10:03:01.627,1.12794,1.12795,1.87,1.20
2016.09.08 10:03:01.678,1.12794,1.12796,1.87,13.20
2016.09.08 10:03:01.729,1.12794,1.12796,1.12,12.82
2016.09.08 10:03:01.908,1.12794,1.12795,2.62,1.12
2016.09.08 10:03:01.960,1.12794,1.12795,2.62,3.37
2016.09.08 10:03:02.062,1.12794,1.12795,2.62,3.75
2016.09.08 10:03:02.113,1.12794,1.12796,2.95,10.87
2016.09.08 10:03:02.164,1.12795,1.12797,1.00,6.82
2016.09.08 10:03:02.215,1.12795,1.12797,1.00,5.70
2016.09.08 10:03:02.266,1.12796,1.12797,1.00,3.45
2016.09.08 10:03:02.368,1.12796,1.12797,1.50,2.70
2016.09.08 10:03:02.470,1.12796,1.12797,2.25,2.70
2016.09.08 10:03:02.652,1.12796,1.12797,1.50,2.70
2016.09.08 10:03:02.714,1.12795,1.12797,3.75,1.00
2016.09.08 10:03:03.172,1.12795,1.12797,3.00,1.00
2016.09.08 10:03:03.274,1.12795,1.12797,3.75,1.00
2016.09.08 10:03:03.607,1.12796,1.12797,2.25,1.10
2016.09.08 10:03:03.862,1.12796,1.12797,2.25,1.57
2016.09.08 10:03:04.014,1.12795,1.12797,3.75,1.00
2016.09.08 10:03:04.230,1.12795,1.12797,3.00,1.00
2016.09.08 10:03:04.281,1.12795,1.12797,2.25,1.00
2016.09.08 10:03:04.332,1.12796,1.12797,1.50,1.57
2016.09.08 10:03:04.383,1.12796,1.12797,2.25,1.57
2016.09.08 10:03:04.744,1.12796,1.12797,2.25,1.10
2016.09.08 10:03:04.949,1.12796,1.12797,1.50,1.10
2016.09.08 10:03:05.052,1.12796,1.12797,1.50,1.57
2016.09.08 10:03:05.103,1.12796,1.12797,1.00,1.57
2016.09.08 10:03:05.154,1.12795,1.12797,2.25,1.57
2016.09.08 10:03:05.205,1.12795,1.12797,3.00,1.57
2016.09.08 10:03:05.256,1.12795,1.12797,3.00,1.10
2016.09.08 10:03:05.460,1.12795,1.12797,2.25,1.10
2016.09.08 10:03:05.664,1.12795,1.12797,3.00,1.10
2016.09.08 10:03:05.783,1.12795,1.12796,3.00,1.00
2016.09.08 10:03:06.140,1.12795,1.12796,2.25,1.00
2016.09.08 10:03:06.192,1.12795,1.12797,2.25,1.10
2016.09.08 10:03:06.243,1.12795,1.12797,3.00,1.10
2016.09.08 10:03:06.345,1.12795,1.12797,3.75,1.10
2016.09.08 10:03:06.448,1.12796,1.12797,1.00,1.10
2016.09.08 10:03:06.689,1.12795,1.12797,3.00,1.00
2016.09.08 10:03:06.742,1.12795,1.12797,3.75,2.42
2016.09.08 10:03:07.072,1.12795,1.12797,3.75,2.57
2016.09.08 10:03:07.174,1.12795,1.12797,3.00,1.00
2016.09.08 10:03:07.276,1.12795,1.12797,3.75,1.00
2016.09.08 10:03:07.328,1.12795,1.12797,3.75,2.57
2016.09.08 10:03:07.583,1.12795,1.12797,3.00,2.57
2016.09.08 10:03:07.710,1.12796,1.12797,1.00,2.32
2016.09.08 10:03:07.762,1.12795,1.12796,3.00,1.00
2016.09.08 10:03:07.864,1.12795,1.12796,3.75,1.00
2016.09.08 10:03:08.018,1.12794,1.12796,5.89,1.00
2016.09.08 10:03:08.069,1.12794,1.12795,4.39,1.00
2016.09.08 10:03:08.121,1.12794,1.12795,3.64,1.00
2016.09.08 10:03:08.172,1.12794,1.12795,2.70,1.00
2016.09.08 10:03:08.224,1.12794,1.12795,2.32,1.00
2016.09.08 10:03:08.276,1.12794,1.12795,1.57,1.00
2016.09.08 10:03:08.480,1.12794,1.12795,2.32,1.00
2016.09.08 10:03:08.615,1.12795,1.12796,1.00,1.50
2016.09.08 10:03:08.743,1.12795,1.12797,1.00,6.07
2016.09.08 10:03:08.794,1.12796,1.12798,1.00,6.00
2016.09.08 10:03:08.846,1.12796,1.12798,1.00,3.75
2016.09.08 10:03:08.897,1.12797,1.12799,1.50,6.67
2016.09.08 10:03:08.948,1.12798,1.12799,1.00,6.67
2016.09.08 10:03:09.000,1.12798,1.12799,1.50,2.92
2016.09.08 10:03:09.051,1.12798,1.12799,1.00,2.32
2016.09.08 10:03:09.102,1.12798,1.12799,1.50,1.57
2016.09.08 10:03:09.153,1.12798,1.12799,1.50,1.00
2016.09.08 10:03:09.363,1.12798,1.12799,1.57,1.00
2016.09.08 10:03:09.720,1.12798,1.12799,2.32,1.00
2016.09.08 10:03:09.929,1.12798,1.128,2.32,7.87
2016.09.08 10:03:10.081,1.12798,1.128,1.57,6.37
2016.09.08 10:03:10.262,1.12798,1.128,2.32,7.87
2016.09.08 10:03:10.364,1.12798,1.128,2.32,6.37
2016.09.08 10:03:10.574,1.12798,1.128,2.32,7.12
2016.09.08 10:03:10.727,1.12798,1.128,2.25,7.20
2016.09.08 10:03:10.778,1.12798,1.128,2.25,7.80
2016.09.08 10:03:11.084,1.12798,1.128,1.50,6.30
2016.09.08 10:03:11.186,1.12798,1.128,2.25,7.80
2016.09.08 10:03:11.594,1.12798,1.128,2.25,5.70
2016.09.08 10:03:11.698,1.12798,1.128,2.32,2.62
2016.09.08 10:03:11.749,1.12798,1.128,3.07,2.62
2016.09.08 10:03:11.830,1.12799,1.128,1.00,4.87
2016.09.08 10:03:11.881,1.12799,1.128,1.50,6.37
2016.09.08 10:03:12.136,1.12799,1.128,1.50,7.12
2016.09.08 10:03:12.187,1.12799,1.128,1.00,7.12
2016.09.08 10:03:12.289,1.12798,1.128,1.57,6.37
2016.09.08 10:03:12.392,1.12799,1.128,1.00,2.25
2016.09.08 10:03:12.443,1.12799,1.128,1.00,1.50
2016.09.08 10:03:12.494,1.12799,1.128,1.00,1.00
2016.09.08 10:03:12.605,1.12798,1.128,3.07,1.00
2016.09.08 10:03:12.677,1.12799,1.128,1.00,1.35
2016.09.08 10:03:12.728,1.12799,1.128,1.50,1.35
2016.09.08 10:03:12.779,1.12799,1.128,2.25,1.35
2016.09.08 10:03:12.830,1.12799,1.128,1.50,2.10
2016.09.08 10:03:12.882,1.12799,1.128,1.00,2.10
2016.09.08 10:03:12.933,1.12799,1.128,1.50,2.10
2016.09.08 10:03:13.035,1.12799,1.128,2.25,2.10
2016.09.08 10:03:13.238,1.12799,1.128,1.50,2.10
2016.09.08 10:03:13.340,1.12799,1.128,1.50,2.17
2016.09.08 10:03:13.391,1.12799,1.128,2.25,3.67
2016.09.08 10:03:13.544,1.12799,1.128,1.50,3.82
2016.09.08 10:03:13.660,1.12799,1.128,1.00,3.07
2016.09.08 10:03:13.711,1.12798,1.128,2.25,5.92
2016.09.08 10:03:14.220,1.12798,1.128,2.25,6.07
2016.09.08 10:03:14.321,1.12798,1.128,2.25,5.32
2016.09.08 10:03:14.423,1.12798,1.128,1.50,4.57
2016.09.08 10:03:14.474,1.12798,1.128,2.25,4.57
2016.09.08 10:03:14.525,1.12798,1.128,3.00,4.57
2016.09.08 10:03:14.577,1.12799,1.128,1.00,4.57
2016.09.08 10:03:14.815,1.12798,1.128,2.25,5.17
2016.09.08 10:03:14.892,1.12798,1.128,1.50,4.57
2016.09.08 10:03:15.095,1.12798,1.128,2.25,4.57
2016.09.08 10:03:15.721,1.12798,1.128,1.50,4.57
2016.09.08 10:03:15.823,1.12798,1.128,2.25,4.57
2016.09.08 10:03:16.524,1.12798,1.128,1.50,4.57
2016.09.08 10:03:16.727,1.12798,1.128,2.25,4.57
2016.09.08 10:03:16.829,1.12798,1.128,1.50,4.57
2016.09.08 10:03:16.931,1.12798,1.128,2.25,4.57
2016.09.08 10:03:17.300,1.12798,1.128,2.25,6.45
2016.09.08 10:03:17.399,1.12798,1.12799,2.25,1.00
2016.09.08 10:03:17.450,1.12798,1.12799,1.50,1.00
2016.09.08 10:03:17.502,1.12797,1.12799,3.00,1.00
2016.09.08 10:03:17.605,1.12797,1.12799,2.25,1.12
2016.09.08 10:03:17.707,1.12797,1.12799,1.50,1.12
2016.09.08 10:03:17.910,1.12797,1.12799,2.25,1.12
2016.09.08 10:03:18.012,1.12797,1.12798,2.25,1.00
2016.09.08 10:03:19.048,1.12797,1.12799,2.25,1.12
2016.09.08 10:03:19.303,1.12797,1.12799,1.50,1.12
2016.09.08 10:03:19.485,1.12796,1.12798,1.69,5.85
2016.09.08 10:03:19.537,1.12796,1.12798,1.00,5.10
2016.09.08 10:03:19.588,1.12797,1.12798,1.00,1.72
2016.09.08 10:03:19.690,1.12797,1.12798,1.00,2.62
2016.09.08 10:03:19.792,1.12797,1.12798,1.00,1.87
2016.09.08 10:03:19.844,1.12797,1.12798,1.00,2.62
2016.09.08 10:03:19.946,1.12797,1.12798,1.00,1.87
2016.09.08 10:03:19.997,1.12797,1.12798,1.00,2.62
2016.09.08 10:03:20.048,1.12796,1.12797,2.44,1.10
2016.09.08 10:03:20.452,1.12796,1.12797,1.69,1.10
2016.09.08 10:03:20.554,1.12796,1.12797,2.44,1.10
2016.09.08 10:03:20.655,1.12796,1.12797,3.19,1.10
2016.09.08 10:03:21.663,1.12796,1.12797,2.44,1.10
2016.09.08 10:03:21.714,1.12795,1.12797,8.14,1.00
2016.09.08 10:03:21.766,1.12795,1.12797,7.01,1.00
2016.09.08 10:03:21.843,1.12795,1.12797,7.39,1.00
2016.09.08 10:03:21.894,1.12795,1.12797,8.14,1.00
2016.09.08 10:03:22.250,1.12795,1.12797,6.64,1.00
2016.09.08 10:03:22.352,1.12795,1.12797,8.89,1.00
2016.09.08 10:03:22.403,1.12795,1.12797,9.26,1.00
2016.09.08 10:03:22.454,1.12796,1.12797,2.44,1.20
2016.09.08 10:03:22.624,1.12795,1.12797,8.14,1.00
2016.09.08 10:03:22.726,1.12795,1.12797,6.64,1.00
2016.09.08 10:03:22.828,1.12795,1.12797,7.84,1.00
2016.09.08 10:03:23.591,1.12795,1.12797,8.59,1.00
2016.09.08 10:03:23.642,1.12796,1.12797,1.25,1.20
2016.09.08 10:03:23.794,1.12796,1.12797,1.25,1.20
2016.09.08 10:03:23.993,1.12795,1.12797,10.09,1.20
2016.09.08 10:03:24.044,1.12795,1.12797,7.84,1.20
2016.09.08 10:03:24.247,1.12795,1.12797,6.34,1.20
2016.09.08 10:03:24.350,1.12795,1.12797,7.84,1.20
2016.09.08 10:03:24.604,1.12795,1.12797,7.09,1.20
2016.09.08 10:03:24.655,1.12795,1.12797,6.71,1.20
2016.09.08 10:03:24.706,1.12795,1.12797,7.84,1.20
2016.09.08 10:03:24.859,1.12795,1.12797,6.34,1.20
2016.09.08 10:03:24.910,1.12795,1.12797,5.89,1.20
2016.09.08 10:03:24.961,1.12796,1.12797,1.25,1.20
2016.09.08 10:03:25.063,1.12795,1.12797,8.21,1.20
2016.09.08 10:03:25.114,1.12795,1.12797,7.39,1.20
2016.09.08 10:03:25.165,1.12795,1.12797,8.51,1.20
2016.09.08 10:03:25.216,1.12795,1.12797,8.89,1.20
2016.09.08 10:03:25.267,1.12795,1.12797,7.39,1.20
2016.09.08 10:03:25.463,1.12795,1.12797,9.34,1.20
2016.09.08 10:03:25.514,1.12795,1.12797,8.59,1.20
2016.09.08 10:03:25.565,1.12795,1.12797,8.21,1.20
2016.09.08 10:03:25.616,1.12795,1.12797,7.84,1.20
2016.09.08 10:03:25.667,1.12795,1.12797,7.09,1.20
2016.09.08 10:03:25.769,1.12795,1.12797,6.34,1.20
2016.09.08 10:03:25.820,1.12795,1.12797,7.09,1.20
2016.09.08 10:03:25.871,1.12796,1.12797,1.25,1.20
2016.09.08 10:03:26.378,1.12795,1.12797,10.84,1.20
2016.09.08 10:03:26.429,1.12795,1.12797,10.09,1.20
2016.09.08 10:03:26.582,1.12795,1.12797,9.34,1.20
2016.09.08 10:03:26.683,1.12795,1.12797,9.34,1.95
2016.09.08 10:03:27.230,1.12795,1.12797,7.84,1.95
2016.09.08 10:03:27.332,1.12795,1.12797,9.34,1.95
2016.09.08 10:03:27.383,1.12795,1.12797,8.59,1.20
2016.09.08 10:03:27.434,1.12795,1.12797,8.96,1.20
2016.09.08 10:03:27.485,1.12795,1.12797,11.59,1.20
2016.09.08 10:03:27.535,1.12795,1.12797,11.59,1.10
2016.09.08 10:03:27.637,1.12795,1.12797,11.96,1.10
2016.09.08 10:03:27.688,1.12795,1.12797,11.59,1.10
2016.09.08 10:03:27.739,1.12795,1.12797,11.96,1.10
2016.09.08 10:03:27.790,1.12796,1.12797,1.31,1.10
2016.09.08 10:03:27.841,1.12796,1.12797,1.69,1.20
2016.09.08 10:03:27.892,1.12796,1.12797,2.06,1.20
2016.09.08 10:03:27.997,1.12796,1.12797,2.06,1.10
2016.09.08 10:03:28.048,1.12796,1.12797,1.69,1.80
2016.09.08 10:03:28.150,1.12796,1.12797,1.69,1.20
2016.09.08 10:03:28.607,1.12796,1.12797,1.69,1.57
2016.09.08 10:03:29.168,1.12796,1.12797,2.44,1.57
2016.09.08 10:03:29.339,1.12796,1.12797,1.69,1.57
2016.09.08 10:03:31.578,1.12796,1.12797,1.31,1.57
2016.09.08 10:03:31.629,1.12795,1.12797,8.96,1.57
2016.09.08 10:03:31.681,1.12795,1.12797,9.34,1.57
2016.09.08 10:03:31.732,1.12795,1.12797,10.09,1.57
2016.09.08 10:03:31.785,1.12795,1.12797,9.34,1.57
2016.09.08 10:03:31.871,1.12795,1.12797,8.59,1.57
2016.09.08 10:03:31.973,1.12795,1.12797,7.84,1.57
2016.09.08 10:03:32.105,1.12795,1.12797,6.71,1.57
2016.09.08 10:03:32.156,1.12795,1.12797,7.84,1.57
2016.09.08 10:03:32.360,1.12795,1.12796,7.09,1.50
2016.09.08 10:03:32.411,1.12795,1.12796,4.76,5.85
2016.09.08 10:03:32.463,1.12793,1.12794,7.01,1.00
2016.09.08 10:03:32.514,1.12793,1.12794,2.14,1.00
2016.09.08 10:03:32.567,1.12793,1.12794,1.01,1.00
2016.09.08 10:03:32.618,1.12792,1.12794,3.19,1.00
2016.09.08 10:03:32.669,1.12792,1.12794,3.94,1.00
2016.09.08 10:03:32.924,1.12792,1.12794,3.94,1.50
2016.09.08 10:03:33.079,1.12792,1.12794,3.19,1.50
2016.09.08 10:03:34.335,1.12792,1.12794,2.44,1.50
2016.09.08 10:03:34.437,1.12792,1.12794,3.19,1.50
2016.09.08 10:03:34.488,1.12792,1.12794,2.89,1.50
2016.09.08 10:03:34.590,1.12792,1.12794,3.64,1.50
2016.09.08 10:03:34.641,1.12793,1.12794,1.31,1.00
2016.09.08 10:03:34.692,1.12792,1.12794,4.39,1.00
2016.09.08 10:03:34.743,1.12792,1.12794,3.64,1.00
2016.09.08 10:03:34.948,1.12792,1.12794,4.39,1.00
2016.09.08 10:03:34.999,1.12793,1.12795,2.06,1.87
2016.09.08 10:03:35.050,1.12793,1.12795,2.81,1.87
2016.09.08 10:03:35.184,1.12794,1.12795,1.12,1.00
2016.09.08 10:03:35.287,1.12793,1.12795,4.69,1.00
2016.09.08 10:03:35.389,1.12794,1.12795,1.12,1.00
2016.09.08 10:03:35.898,1.12794,1.12795,1.00,1.00
2016.09.08 10:03:36.400,1.12794,1.12796,1.50,2.25
2016.09.08 10:03:36.452,1.12795,1.12797,1.25,2.32
2016.09.08 10:03:36.503,1.12794,1.12797,4.76,2.32
2016.09.08 10:03:36.554,1.12795,1.12796,1.25,1.00
2016.09.08 10:03:36.656,1.12795,1.12796,1.25,1.50
2016.09.08 10:03:36.911,1.12794,1.12796,4.01,1.50
2016.09.08 10:03:36.962,1.12794,1.12796,3.26,2.25
2016.09.08 10:03:37.013,1.12794,1.12796,2.51,2.25
2016.09.08 10:03:37.064,1.12794,1.12796,2.14,2.25
2016.09.08 10:03:37.491,1.12794,1.12796,2.14,1.50
2016.09.08 10:03:37.594,1.12794,1.12796,2.14,2.25
2016.09.08 10:03:37.696,1.12794,1.12796,2.14,1.50
2016.09.08 10:03:37.798,1.12794,1.12796,2.14,2.25
2016.09.08 10:03:38.160,1.12794,1.12796,2.14,3.00
2016.09.08 10:03:38.211,1.12793,1.12795,6.19,1.00
2016.09.08 10:03:38.262,1.12793,1.12795,2.81,3.75
2016.09.08 10:03:38.313,1.12792,1.12794,7.31,1.00
2016.09.08 10:03:38.364,1.12792,1.12794,5.44,1.00
2016.09.08 10:03:38.415,1.12792,1.12794,4.69,1.00
2016.09.08 10:03:38.466,1.12792,1.12794,3.94,1.00
2016.09.08 10:03:38.518,1.12792,1.12794,4.39,1.00
2016.09.08 10:03:38.569,1.12792,1.12794,3.64,1.00
2016.09.08 10:03:38.620,1.12792,1.12794,2.89,1.00
2016.09.08 10:03:38.671,1.12792,1.12794,3.64,1.00
2016.09.08 10:03:38.788,1.12792,1.12794,4.39,1.00
2016.09.08 10:03:38.891,1.12792,1.12794,3.64,1.00
2016.09.08 10:03:38.942,1.12793,1.12795,1.25,1.57
2016.09.08 10:03:38.993,1.12793,1.12795,1.25,2.32
2016.09.08 10:03:39.718,1.12793,1.12794,1.25,1.00
2016.09.08 10:03:39.991,1.12793,1.12794,1.31,1.00
2016.09.08 10:03:40.097,1.12792,1.12794,3.64,1.00
2016.09.08 10:03:40.198,1.12793,1.12795,1.62,3.07
2016.09.08 10:03:40.305,1.12793,1.12795,1.62,4.57
2016.09.08 10:03:40.356,1.12793,1.12794,1.31,1.00
2016.09.08 10:03:40.407,1.12793,1.12794,1.31,1.50
2016.09.08 10:03:40.661,1.12793,1.12794,1.31,1.00
2016.09.08 10:03:40.712,1.12793,1.12795,1.62,7.95
2016.09.08 10:03:40.763,1.12793,1.12795,1.62,5.32
2016.09.08 10:03:41.162,1.12793,1.12795,1.62,4.57
2016.09.08 10:03:41.264,1.12793,1.12795,1.62,5.32
2016.09.08 10:03:41.467,1.12793,1.12795,1.62,4.57
2016.09.08 10:03:41.518,1.12793,1.12795,1.62,3.82
2016.09.08 10:03:41.569,1.12793,1.12795,1.62,3.07
2016.09.08 10:03:41.620,1.12792,1.12795,3.64,3.07
2016.09.08 10:03:41.671,1.12792,1.12795,4.01,3.82
2016.09.08 10:03:42.077,1.12793,1.12795,1.62,3.82
2016.09.08 10:03:42.356,1.12793,1.12795,1.62,2.32
2016.09.08 10:03:42.408,1.12793,1.12795,1.62,3.07
2016.09.08 10:03:42.510,1.12793,1.12795,1.31,3.32
2016.09.08 10:03:42.612,1.12792,1.12795,4.01,3.07
2016.09.08 10:03:42.867,1.12792,1.12795,4.01,2.32
2016.09.08 10:03:42.969,1.12792,1.12795,4.01,3.07
2016.09.08 10:03:43.122,1.12793,1.12795,1.62,3.07
2016.09.08 10:03:43.173,1.12793,1.12795,2.06,2.32
2016.09.08 10:03:43.224,1.12794,1.12795,3.37,1.57
2016.09.08 10:03:43.276,1.12795,1.12796,1.25,1.57
2016.09.08 10:03:43.328,1.12795,1.12797,1.69,4.12
2016.09.08 10:03:43.468,1.12795,1.12797,3.19,4.12
2016.09.08 10:03:43.519,1.12795,1.12797,2.44,4.12
2016.09.08 10:03:43.723,1.12795,1.12797,3.19,4.12
2016.09.08 10:03:43.774,1.12795,1.12797,2.44,3.37
2016.09.08 10:03:43.825,1.12795,1.12797,1.69,3.37
2016.09.08 10:03:43.978,1.12795,1.12797,2.44,4.12
2016.09.08 10:03:44.724,1.12795,1.12797,3.19,4.12
2016.09.08 10:03:44.775,1.12795,1.12797,2.44,4.12
2016.09.08 10:03:44.878,1.12795,1.12797,1.69,4.12
2016.09.08 10:03:44.929,1.12795,1.12797,1.25,4.12
2016.09.08 10:03:45.031,1.12795,1.12797,1.69,4.12
2016.09.08 10:03:45.387,1.12795,1.12797,1.69,3.37
2016.09.08 10:03:45.590,1.12795,1.12797,1.25,4.12
2016.09.08 10:03:45.702,1.12795,1.12797,1.69,4.12
2016.09.08 10:03:45.776,1.12794,1.12796,5.06,1.00
2016.09.08 10:03:45.827,1.12794,1.12796,4.31,1.00
2016.09.08 10:03:45.878,1.12794,1.12796,2.81,1.00
2016.09.08 10:03:45.930,1.12794,1.12796,2.44,1.00
2016.09.08 10:03:45.981,1.12795,1.12796,1.00,1.57
2016.09.08 10:03:46.033,1.12795,1.12796,1.00,4.20
2016.09.08 10:03:46.084,1.12794,1.12796,1.00,6.07
2016.09.08 10:03:46.135,1.12793,1.12795,3.45,1.00
2016.09.08 10:03:46.187,1.12794,1.12795,1.00,1.00
2016.09.08 10:03:46.238,1.12794,1.12795,1.12,1.00
2016.09.08 10:03:46.289,1.12793,1.12795,1.95,1.00
2016.09.08 10:03:46.383,1.12793,1.12795,1.57,1.12
2016.09.08 10:03:46.434,1.12792,1.12795,7.91,1.50
2016.09.08 10:03:46.485,1.12793,1.12795,1.47,1.50
2016.09.08 10:03:47.101,1.12793,1.12795,1.95,1.50
2016.09.08 10:03:47.303,1.12793,1.12795,1.47,1.50
2016.09.08 10:03:47.406,1.12793,1.12795,1.95,1.00
2016.09.08 10:03:47.459,1.12793,1.12795,3.30,1.00
2016.09.08 10:03:47.510,1.12794,1.12795,1.12,1.00
2016.09.08 10:03:47.564,1.12795,1.12796,1.31,1.57
2016.09.08 10:03:47.643,1.12796,1.12797,1.00,2.62
2016.09.08 10:03:47.694,1.12796,1.12797,2.25,1.87
2016.09.08 10:03:47.747,1.12797,1.12798,1.00,2.85
2016.09.08 10:03:47.799,1.12797,1.12798,1.00,2.10
2016.09.08 10:03:47.851,1.12797,1.12798,1.00,1.72
2016.09.08 10:03:47.984,1.12797,1.12798,1.00,1.05
2016.09.08 10:03:48.036,1.12797,1.12799,1.00,6.22
2016.09.08 10:03:48.139,1.12797,1.12798,1.00,1.42
2016.09.08 10:03:49.398,1.12795,1.12796,3.45,1.50
2016.09.08 10:03:49.449,1.12795,1.12796,1.95,1.50
2016.09.08 10:03:49.500,1.12795,1.12796,1.20,9.00
2016.09.08 10:03:49.551,1.12794,1.12796,1.95,2.62
2016.09.08 10:03:49.602,1.12794,1.12795,1.20,1.00
2016.09.08 10:03:50.108,1.12793,1.12795,3.94,1.00
2016.09.08 10:03:50.515,1.12793,1.12795,3.64,1.00
2016.09.08 10:03:51.110,1.12793,1.12795,2.89,1.00
2016.09.08 10:03:51.212,1.12794,1.12795,1.12,1.00
2016.09.08 10:03:51.263,1.12795,1.12796,1.25,1.57
2016.09.08 10:03:51.314,1.12795,1.12796,1.69,1.10
2016.09.08 10:03:51.366,1.12795,1.12797,2.44,1.12
2016.09.08 10:03:51.417,1.12795,1.12797,1.69,1.10
2016.09.08 10:03:51.469,1.12795,1.12797,3.94,1.10
2016.09.08 10:03:51.520,1.12795,1.12797,4.69,1.57
2016.09.08 10:03:51.571,1.12795,1.12797,2.44,2.32
2016.09.08 10:03:51.622,1.12795,1.12797,1.69,2.32
2016.09.08 10:03:52.290,1.12795,1.12797,1.25,2.32
2016.09.08 10:03:52.391,1.12795,1.12797,1.69,2.32
2016.09.08 10:03:52.646,1.12795,1.12797,1.25,2.32
2016.09.08 10:03:52.849,1.12795,1.12797,1.69,2.32
2016.09.08 10:03:53.229,1.12795,1.12797,2.44,2.32
2016.09.08 10:03:53.331,1.12795,1.12797,2.44,3.07
2016.09.08 10:03:53.433,1.12795,1.12797,1.69,3.07
2016.09.08 10:03:53.485,1.12795,1.12796,1.25,2.02
2016.09.08 10:03:53.587,1.12794,1.12796,1.95,1.50
2016.09.08 10:03:53.742,1.12794,1.12796,1.20,1.50
2016.09.08 10:03:53.793,1.12794,1.12796,1.20,1.00
2016.09.08 10:03:54.082,1.12793,1.12795,6.00,1.00
2016.09.08 10:03:54.134,1.12793,1.12795,6.75,1.00
2016.09.08 10:03:54.340,1.12793,1.12796,6.00,1.00
2016.09.08 10:03:54.443,1.12793,1.12796,6.00,1.50
2016.09.08 10:03:54.596,1.12793,1.12796,5.25,1.50
2016.09.08 10:03:54.698,1.12793,1.12795,4.50,1.00
2016.09.08 10:03:54.750,1.12793,1.12795,4.12,2.12
2016.09.08 10:03:54.801,1.12793,1.12794,1.10,1.00
2016.09.08 10:03:54.852,1.12792,1.12794,6.75,1.00
2016.09.08 10:03:54.984,1.12792,1.12794,7.50,1.00
2016.09.08 10:03:55.341,1.12792,1.12794,6.75,1.00
2016.09.08 10:03:55.392,1.12792,1.12794,5.25,1.00
2016.09.08 10:03:55.444,1.12792,1.12794,4.50,1.00
2016.09.08 10:03:55.548,1.12792,1.12794,4.50,1.12
2016.09.08 10:03:55.651,1.12792,1.12794,4.50,1.50
2016.09.08 10:03:55.702,1.12792,1.12794,4.20,1.50
2016.09.08 10:03:55.753,1.12792,1.12793,4.20,1.00
2016.09.08 10:03:55.804,1.12792,1.12793,3.82,1.00
2016.09.08 10:03:55.906,1.12792,1.12793,3.07,1.00
2016.09.08 10:03:56.046,1.12792,1.12793,3.45,1.00
2016.09.08 10:03:56.097,1.12792,1.12793,3.07,1.50
2016.09.08 10:03:56.148,1.12792,1.12793,3.00,1.50
2016.09.08 10:03:56.301,1.12792,1.12793,3.37,1.50
2016.09.08 10:03:56.402,1.12792,1.12793,4.12,1.50
2016.09.08 10:03:56.504,1.12792,1.12793,3.37,1.50
2016.09.08 10:03:56.708,1.12792,1.12793,4.12,1.50
2016.09.08 10:03:56.914,1.12792,1.12793,3.37,1.50
2016.09.08 10:03:57.095,1.12792,1.12793,3.00,1.50
2016.09.08 10:03:57.146,1.12792,1.12793,2.25,1.50
2016.09.08 10:03:57.356,1.12792,1.12793,3.00,1.50
2016.09.08 10:03:57.458,1.12792,1.12793,2.25,1.50
2016.09.08 10:03:57.560,1.12792,1.12793,3.00,1.50
2016.09.08 10:03:57.686,1.12792,1.12793,3.00,1.00
2016.09.08 10:03:57.738,1.12792,1.12793,3.00,1.50
2016.09.08 10:03:57.789,1.12792,1.12793,3.37,1.50
2016.09.08 10:03:58.339,1.12792,1.12793,4.12,1.00
2016.09.08 10:03:58.441,1.12793,1.12794,1.00,2.32
2016.09.08 10:03:58.543,1.12792,1.12793,4.12,1.00
2016.09.08 10:03:58.747,1.12792,1.12793,3.37,1.00
2016.09.08 10:03:58.849,1.12792,1.12793,4.12,1.00
2016.09.08 10:03:58.900,1.12792,1.12794,4.12,2.32
2016.09.08 10:03:59.103,1.12793,1.12794,1.12,2.32
2016.09.08 10:03:59.204,1.12792,1.12794,4.12,2.32
2016.09.08 10:03:59.357,1.12792,1.12794,3.37,2.32
2016.09.08 10:03:59.550,1.12792,1.12794,3.37,3.07
2016.09.08 10:04:00.313,1.12792,1.12793,3.37,1.00
2016.09.08 10:04:00.415,1.12792,1.12794,3.37,3.07
2016.09.08 10:04:00.517,1.12792,1.12794,4.12,3.07
2016.09.08 10:04:00.646,1.12793,1.12794,1.87,2.25
2016.09.08 10:04:00.698,1.12793,1.12795,1.87,12.45
2016.09.08 10:04:00.750,1.12793,1.12795,1.87,10.95
2016.09.08 10:04:00.802,1.12793,1.12795,1.87,10.20
2016.09.08 10:04:00.955,1.12793,1.12795,2.62,7.95
2016.09.08 10:04:01.007,1.12793,1.12794,1.12,2.25
2016.09.08 10:04:01.059,1.12793,1.12794,1.50,1.12
2016.09.08 10:04:01.110,1.12793,1.12794,2.25,1.12
2016.09.08 10:04:01.162,1.12793,1.12795,3.00,3.82
2016.09.08 10:04:01.213,1.12793,1.12795,3.00,1.57
2016.09.08 10:04:01.264,1.12793,1.12796,2.25,18.37
2016.09.08 10:04:01.315,1.12794,1.12796,1.12,18.37
2016.09.08 10:04:01.366,1.12794,1.12795,1.12,1.10
2016.09.08 10:04:01.417,1.12793,1.12795,3.00,2.32
2016.09.08 10:04:01.468,1.12793,1.12795,3.00,1.57
2016.09.08 10:04:01.617,1.12793,1.12795,3.00,1.10
2016.09.08 10:04:01.922,1.12793,1.12795,2.25,1.10
2016.09.08 10:04:02.025,1.12793,1.12795,2.25,2.32
2016.09.08 10:04:02.076,1.12793,1.12795,3.00,2.32
2016.09.08 10:04:02.127,1.12793,1.12795,2.25,1.57
2016.09.08 10:04:02.229,1.12793,1.12794,2.25,1.00
2016.09.08 10:04:02.382,1.12793,1.12795,3.00,2.32
2016.09.08 10:04:02.433,1.12794,1.12795,1.12,1.57
2016.09.08 10:04:02.484,1.12795,1.12797,2.12,22.12
2016.09.08 10:04:02.535,1.12795,1.12796,2.62,5.92
2016.09.08 10:04:02.696,1.12795,1.12797,3.37,1.10
2016.09.08 10:04:02.748,1.12795,1.12797,3.37,1.10
2016.09.08 10:04:02.800,1.12795,1.12798,4.12,4.31
2016.09.08 10:04:02.853,1.12795,1.12798,5.32,3.86
2016.09.08 10:04:03.006,1.12795,1.12798,4.57,3.86
2016.09.08 10:04:03.211,1.12795,1.12798,4.57,4.61
2016.09.08 10:04:03.556,1.12795,1.12798,3.07,5.36
2016.09.08 10:04:03.607,1.12795,1.12797,1.95,1.35
2016.09.08 10:04:03.658,1.12795,1.12796,1.57,1.00
2016.09.08 10:04:03.761,1.12795,1.12796,1.10,1.00
2016.09.08 10:04:03.812,1.12794,1.12796,4.87,1.00
2016.09.08 10:04:04.119,1.12794,1.12797,5.25,2.85
2016.09.08 10:04:04.171,1.12794,1.12797,6.75,1.50
2016.09.08 10:04:04.222,1.12794,1.12797,9.00,1.50
2016.09.08 10:04:04.273,1.12794,1.12797,8.25,2.10
2016.09.08 10:04:04.324,1.12794,1.12796,6.37,1.00
2016.09.08 10:04:04.375,1.12794,1.12797,4.87,1.35
2016.09.08 10:04:04.477,1.12794,1.12798,4.50,4.61
2016.09.08 10:04:04.528,1.12794,1.12796,3.75,1.00
2016.09.08 10:04:04.628,1.12794,1.12796,4.50,1.00
2016.09.08 10:04:04.680,1.12794,1.12796,3.00,1.00
2016.09.08 10:04:04.731,1.12794,1.12796,2.25,1.50
2016.09.08 10:04:04.835,1.12794,1.12796,1.87,1.00
2016.09.08 10:04:05.655,1.12795,1.12797,1.10,2.85
2016.09.08 10:04:05.779,1.12795,1.12797,1.10,2.10
2016.09.08 10:04:05.881,1.12795,1.12797,3.45,1.00
2016.09.08 10:04:05.932,1.12795,1.12796,6.82,1.50
2016.09.08 10:04:05.983,1.12795,1.12796,6.45,6.97
2016.09.08 10:04:06.034,1.12795,1.12796,2.25,10.80
2016.09.08 10:04:06.085,1.12795,1.12796,2.25,11.92
2016.09.08 10:04:06.136,1.12794,1.12796,2.25,14.92
2016.09.08 10:04:06.187,1.12794,1.12796,2.25,14.55
2016.09.08 10:04:06.239,1.12794,1.12796,2.25,14.70
2016.09.08 10:04:06.290,1.12795,1.12796,2.25,8.70
2016.09.08 10:04:06.341,1.12795,1.12796,2.25,4.95
2016.09.08 10:04:06.392,1.12795,1.12796,2.25,4.20
2016.09.08 10:04:06.443,1.12795,1.12796,2.25,1.10
2016.09.08 10:04:06.494,1.12795,1.12796,2.25,1.57
2016.09.08 10:04:06.545,1.12795,1.12796,2.25,2.32
2016.09.08 10:04:06.788,1.12795,1.12796,3.00,2.32
2016.09.08 10:04:06.839,1.12795,1.12796,3.00,1.57
2016.09.08 10:04:07.043,1.12794,1.12796,1.00,1.57
2016.09.08 10:04:08.634,1.12794,1.12796,1.00,1.95
2016.09.08 10:04:08.910,1.12794,1.12796,1.00,1.20
2016.09.08 10:04:08.961,1.12794,1.12796,1.00,1.10
2016.09.08 10:04:09.013,1.12794,1.12796,1.00,1.20
2016.09.08 10:04:09.218,1.12794,1.12796,1.00,1.10
2016.09.08 10:04:09.423,1.12794,1.12796,1.00,1.20
2016.09.08 10:04:09.961,1.12794,1.12797,1.00,4.35
2016.09.08 10:04:10.012,1.12794,1.12797,1.12,4.35
2016.09.08 10:04:10.064,1.12794,1.12797,1.87,3.97
2016.09.08 10:04:10.115,1.12794,1.12797,1.50,3.60
2016.09.08 10:04:10.166,1.12795,1.12797,1.00,3.60
2016.09.08 10:04:10.218,1.12794,1.12797,1.87,3.22
2016.09.08 10:04:10.269,1.12794,1.12797,1.87,2.47
2016.09.08 10:04:10.320,1.12794,1.12797,1.57,2.17
2016.09.08 10:04:10.371,1.12794,1.12797,3.07,2.17
2016.09.08 10:04:10.422,1.12794,1.12797,2.32,2.17
2016.09.08 10:04:10.474,1.12794,1.12797,3.07,2.17
2016.09.08 10:04:10.524,1.12794,1.12797,3.82,2.17
2016.09.08 10:04:10.626,1.12794,1.12797,3.07,2.17
2016.09.08 10:04:10.728,1.12794,1.12797,5.70,2.17
2016.09.08 10:04:10.914,1.12794,1.12797,4.20,2.17
2016.09.08 10:04:11.066,1.12795,1.12797,1.00,2.17
2016.09.08 10:04:11.523,1.12795,1.12797,1.00,3.86
2016.09.08 10:04:11.574,1.12795,1.12797,1.00,3.49
2016.09.08 10:04:11.625,1.12795,1.12797,1.00,2.92
2016.09.08 10:04:11.677,1.12795,1.12796,1.00,1.00
2016.09.08 10:04:11.880,1.12795,1.12797,1.00,2.55
2016.09.08 10:04:12.017,1.12795,1.12797,1.00,2.17
2016.09.08 10:04:12.069,1.12795,1.12797,1.00,1.42
2016.09.08 10:04:12.120,1.12796,1.12797,1.00,1.10
2016.09.08 10:04:12.222,1.12796,1.12797,1.00,1.42
2016.09.08 10:04:12.273,1.12796,1.12798,1.00,1.00
2016.09.08 10:04:12.427,1.12797,1.12798,1.00,1.35
2016.09.08 10:04:12.479,1.12797,1.12798,1.00,2.10
2016.09.08 10:04:12.530,1.12797,1.12798,1.00,1.42
2016.09.08 10:04:12.633,1.12797,1.12798,1.00,1.80
2016.09.08 10:04:12.837,1.12797,1.12798,1.00,2.55
2016.09.08 10:04:12.966,1.12797,1.12798,1.00,1.80
2016.09.08 10:04:13.017,1.12797,1.12798,1.00,1.42
2016.09.08 10:04:13.221,1.12797,1.12798,1.00,1.10
2016.09.08 10:04:13.272,1.12797,1.12799,1.00,6.56
2016.09.08 10:04:13.323,1.12797,1.12799,1.00,5.06
2016.09.08 10:04:13.375,1.12797,1.12799,1.00,3.56
2016.09.08 10:04:13.477,1.12797,1.12799,1.00,2.44
2016.09.08 10:04:13.579,1.12797,1.12799,1.00,3.94
2016.09.08 10:04:13.782,1.12796,1.12798,2.62,2.55
2016.09.08 10:04:13.834,1.12796,1.12798,1.87,4.80
2016.09.08 10:04:13.885,1.12796,1.12798,1.50,4.80
2016.09.08 10:04:13.936,1.12796,1.12797,1.50,1.72
2016.09.08 10:04:14.078,1.12796,1.12797,1.00,1.72
2016.09.08 10:04:14.334,1.12796,1.12797,1.00,1.30
2016.09.08 10:04:14.842,1.12796,1.12798,1.00,5.92
2016.09.08 10:04:14.893,1.12796,1.12798,1.00,3.67
2016.09.08 10:04:14.944,1.12796,1.12798,1.00,3.30
2016.09.08 10:04:15.046,1.12796,1.12798,1.00,3.67
2016.09.08 10:04:16.295,1.12796,1.12797,1.00,1.12
2016.09.08 10:04:17.300,1.12796,1.12798,1.00,3.67
2016.09.08 10:04:17.505,1.12796,1.12798,1.50,3.67
2016.09.08 10:04:17.557,1.12796,1.12798,2.25,3.67
2016.09.08 10:04:17.682,1.12796,1.12798,2.25,2.92
2016.09.08 10:04:17.733,1.12796,1.12798,2.25,2.17
2016.09.08 10:04:17.785,1.12796,1.12798,1.50,2.17
2016.09.08 10:04:17.836,1.12796,1.12798,1.50,2.55
2016.09.08 10:04:17.887,1.12796,1.12798,2.25,2.17
2016.09.08 10:04:17.977,1.12796,1.12798,2.25,2.92
2016.09.08 10:04:18.088,1.12796,1.12797,2.25,1.00
2016.09.08 10:04:18.241,1.12796,1.12797,1.50,1.57
2016.09.08 10:04:18.292,1.12795,1.12796,3.00,1.00
2016.09.08 10:04:18.344,1.12795,1.12796,2.25,1.00
2016.09.08 10:04:18.449,1.12795,1.12796,1.50,1.00
2016.09.08 10:04:18.512,1.12795,1.12796,1.00,1.00
2016.09.08 10:04:18.616,1.12794,1.12796,2.32,1.00
2016.09.08 10:04:18.717,1.12794,1.12796,1.57,1.00
2016.09.08 10:04:18.819,1.12794,1.12796,2.32,1.00
2016.09.08 10:04:19.229,1.12794,1.12796,3.07,1.00
2016.09.08 10:04:19.331,1.12794,1.12796,2.32,1.00
2016.09.08 10:04:19.382,1.12794,1.12796,1.57,1.00
2016.09.08 10:04:19.944,1.12795,1.12796,1.50,1.00
2016.09.08 10:04:19.995,1.12795,1.12796,2.25,1.00
2016.09.08 10:04:20.095,1.12795,1.12796,2.62,1.00
2016.09.08 10:04:20.154,1.12796,1.12797,1.00,1.20
2016.09.08 10:04:20.206,1.12796,1.12797,1.00,1.42
2016.09.08 10:04:20.360,1.12796,1.12797,1.50,1.42
2016.09.08 10:04:20.411,1.12796,1.12797,2.25,1.10
2016.09.08 10:04:20.515,1.12796,1.12797,1.50,1.10
2016.09.08 10:04:20.566,1.12796,1.12797,1.50,2.17
2016.09.08 10:04:20.617,1.12796,1.12797,1.00,2.17
2016.09.08 10:04:20.668,1.12795,1.12797,3.75,1.10
2016.09.08 10:04:20.770,1.12795,1.12797,3.75,1.57
2016.09.08 10:04:20.974,1.12795,1.12797,3.75,1.10
2016.09.08 10:04:21.157,1.12795,1.12797,3.00,1.57
2016.09.08 10:04:21.259,1.12795,1.12797,3.00,2.32
2016.09.08 10:04:21.310,1.12795,1.12797,2.25,3.07
2016.09.08 10:04:21.361,1.12795,1.12797,1.00,3.82
2016.09.08 10:04:21.513,1.12795,1.12797,1.50,2.32
2016.09.08 10:04:21.564,1.12796,1.12797,1.12,1.57
2016.09.08 10:04:21.615,1.12796,1.12797,1.87,1.10
2016.09.08 10:04:21.667,1.12796,1.12798,1.87,4.31
2016.09.08 10:04:21.769,1.12796,1.12798,1.87,3.56
2016.09.08 10:04:21.820,1.12796,1.12798,1.87,2.81
2016.09.08 10:04:21.922,1.12796,1.12798,1.87,3.41
2016.09.08 10:04:22.151,1.12796,1.12798,1.12,3.41
2016.09.08 10:04:22.202,1.12796,1.12798,1.87,3.41
2016.09.08 10:04:22.254,1.12796,1.12798,1.00,2.81
2016.09.08 10:04:22.305,1.12796,1.12798,1.00,2.62
2016.09.08 10:04:22.356,1.12796,1.12798,1.00,3.97
2016.09.08 10:04:22.407,1.12796,1.12798,1.00,3.67
2016.09.08 10:04:22.560,1.12796,1.12798,1.00,2.92
2016.09.08 10:04:22.634,1.12796,1.12798,1.00,3.67
2016.09.08 10:04:23.193,1.12795,1.12798,9.07,3.67
2016.09.08 10:04:23.257,1.12795,1.12798,8.32,3.67
2016.09.08 10:04:23.308,1.12795,1.12798,7.57,3.67
2016.09.08 10:04:23.599,1.12795,1.12798,6.45,3.67
2016.09.08 10:04:23.701,1.12795,1.12798,7.57,3.67
2016.09.08 10:04:23.758,1.12795,1.12798,6.45,3.67
2016.09.08 10:04:23.860,1.12795,1.12798,7.57,3.67
2016.09.08 10:04:24.012,1.12795,1.12798,7.57,3.07
2016.09.08 10:04:24.063,1.12795,1.12798,6.82,2.92
2016.09.08 10:04:24.114,1.12795,1.12798,6.07,2.92
2016.09.08 10:04:24.319,1.12795,1.12798,4.95,2.92
2016.09.08 10:04:24.421,1.12795,1.12798,6.07,2.92
2016.09.08 10:04:24.472,1.12795,1.12798,7.95,2.92
2016.09.08 10:04:24.574,1.12795,1.12798,8.32,2.17
2016.09.08 10:04:24.625,1.12795,1.12798,7.57,2.17
2016.09.08 10:04:24.677,1.12795,1.12798,7.20,2.17
2016.09.08 10:04:24.880,1.12795,1.12798,7.57,2.17
2016.09.08 10:04:24.982,1.12795,1.12798,7.95,2.17
2016.09.08 10:04:25.085,1.12795,1.12798,7.57,2.17
2016.09.08 10:04:25.136,1.12795,1.12798,8.32,2.17
2016.09.08 10:04:25.187,1.12795,1.12798,10.20,2.17
2016.09.08 10:04:25.291,1.12795,1.12798,9.82,2.17
2016.09.08 10:04:25.342,1.12795,1.12798,9.07,2.17
2016.09.08 10:04:25.443,1.12795,1.12798,9.07,2.92
2016.09.08 10:04:25.494,1.12795,1.12798,10.57,2.92
2016.09.08 10:04:25.546,1.12795,1.12798,9.45,2.92
2016.09.08 10:04:25.647,1.12795,1.12798,12.07,2.17
2016.09.08 10:04:25.698,1.12795,1.12798,12.82,2.17
2016.09.08 10:04:25.800,1.12796,1.12798,1.00,2.17
2016.09.08 10:04:25.953,1.12796,1.12798,1.00,2.17
2016.09.08 10:04:26.304,1.12796,1.12798,1.00,2.92
2016.09.08 10:04:26.406,1.12795,1.12798,9.07,2.17
2016.09.08 10:04:26.507,1.12796,1.12798,1.00,2.92
2016.09.08 10:04:27.015,1.12795,1.12798,9.07,2.17
2016.09.08 10:04:27.116,1.12796,1.12798,1.00,2.92
2016.09.08 10:04:27.421,1.12795,1.12798,9.07,2.17
2016.09.08 10:04:27.472,1.12795,1.12798,7.20,2.17
2016.09.08 10:04:27.523,1.12796,1.12798,1.00,2.92
2016.09.08 10:04:27.746,1.12796,1.12798,1.00,2.92
2016.09.08 10:04:28.001,1.12796,1.12798,1.00,2.92
2016.09.08 10:04:28.103,1.12795,1.12798,9.82,2.17
2016.09.08 10:04:28.205,1.12796,1.12798,1.00,2.92
