2017.06.14 19:00:00.358,1.1215,1.12154,1.87,2.44
2017.06.14 19:00:00.564,1.12156,1.12159,2.25,1.25
2017.06.14 19:00:00.616,1.12154,1.12156,1.12,1.87
2017.06.14 19:00:01.024,1.1215,1.12153,1.00,1.00
2017.06.14 19:00:01.076,1.12148,1.12151,1.87,2.10
2017.06.14 19:00:01.337,1.12142,1.12148,6.00,3.74
2017.06.14 19:00:01.551,1.12141,1.12145,1.12,3.00
2017.06.14 19:00:01.883,1.12137,1.12141,1.57,1.00
2017.06.14 19:00:02.038,1.12138,1.12144,3.00,2.43
2017.06.14 19:00:02.142,1.1214,1.12144,2.25,3.33
2017.06.14 19:00:02.674,1.12133,1.12141,6.37,4.50
2017.06.14 19:00:02.726,1.12135,1.1214,1.00,1.12
2017.06.14 19:00:02.830,1.12136,1.12142,4.12,1.50
2017.06.14 19:00:03.259,1.12135,1.12141,1.37,3.37
2017.06.14 19:00:03.413,1.12137,1.12141,1.87,1.50
2017.06.14 19:00:03.618,1.12136,1.12141,1.37,3.37
2017.06.14 19:00:03.772,1.12133,1.12139,1.50,1.00
2017.06.14 19:00:04.131,1.12132,1.12136,1.12,1.87
2017.06.14 19:00:04.470,1.1213,1.12135,2.25,1.00
2017.06.14 19:00:04.984,1.1213,1.12136,4.87,6.00
2017.06.14 19:00:05.202,1.12132,1.12135,1.00,3.37
2017.06.14 19:00:05.615,1.12129,1.12134,1.00,3.37
2017.06.14 19:00:05.870,1.12131,1.12133,1.00,1.00
2017.06.14 19:00:06.648,1.12131,1.12134,1.00,1.00
2017.06.14 19:00:07.116,1.12129,1.12134,1.00,1.00
2017.06.14 19:00:07.629,1.12128,1.12133,2.25,1.12
2017.06.14 19:00:08.146,1.12129,1.12133,1.87,1.00
2017.06.14 19:00:08.975,1.12129,1.12132,1.12,2.25
2017.06.14 19:00:09.026,1.12129,1.1213,1.12,1.00
2017.06.14 19:00:09.180,1.12128,1.12132,1.57,1.00
2017.06.14 19:00:09.333,1.12128,1.1213,2.70,1.00
2017.06.14 19:00:09.673,1.12133,1.12135,2.50,1.50
2017.06.14 19:00:09.726,1.12141,1.12142,1.00,1.00
2017.06.14 19:00:09.883,1.12145,1.12147,4.07,2.51
2017.06.14 19:00:09.986,1.12147,1.12148,2.70,1.00
2017.06.14 19:00:10.488,1.12145,1.12147,1.57,1.00
2017.06.14 19:00:10.593,1.12147,1.12149,1.00,1.12
2017.06.14 19:00:10.699,1.12147,1.12152,3.82,2.25
2017.06.14 19:00:10.853,1.12149,1.12151,1.00,1.00
2017.06.14 19:00:11.146,1.12143,1.12146,1.84,1.00
2017.06.14 19:00:11.556,1.12142,1.12144,2.25,1.00
2017.06.14 19:00:12.099,1.12143,1.12146,1.95,1.50
2017.06.14 19:00:12.356,1.12142,1.12145,6.00,1.00
2017.06.14 19:00:12.410,1.12141,1.12142,5.25,1.50
2017.06.14 19:00:12.463,1.12137,1.12141,3.07,1.00
2017.06.14 19:00:12.566,1.12138,1.1214,1.20,1.00
2017.06.14 19:00:12.618,1.12138,1.12141,1.57,1.00
2017.06.14 19:00:12.671,1.12137,1.12141,9.75,1.00
2017.06.14 19:00:12.722,1.12141,1.12142,2.81,1.00
2017.06.14 19:00:13.047,1.12144,1.12145,1.00,1.00
2017.06.14 19:00:13.151,1.12136,1.12139,1.42,1.00
2017.06.14 19:00:13.203,1.12138,1.12139,1.50,1.00
2017.06.14 19:00:13.851,1.12139,1.12141,1.50,1.00
2017.06.14 19:00:14.210,1.12142,1.12143,1.00,1.50
2017.06.14 19:00:14.367,1.12147,1.12151,4.59,3.37
2017.06.14 19:00:14.419,1.12146,1.12148,1.37,1.12
2017.06.14 19:00:14.522,1.12145,1.12148,1.87,1.00
2017.06.14 19:00:14.898,1.12143,1.12146,2.25,1.00
2017.06.14 19:00:15.209,1.12148,1.1215,1.00,1.00
2017.06.14 19:00:15.577,1.12146,1.12151,1.12,3.79
2017.06.14 19:00:15.782,1.12149,1.12153,1.12,5.89
2017.06.14 19:00:16.095,1.12155,1.12158,1.00,3.37
2017.06.14 19:00:16.146,1.12156,1.12158,1.00,3.00
2017.06.14 19:00:16.360,1.12153,1.12154,1.12,1.50
2017.06.14 19:00:16.566,1.1215,1.12152,1.00,1.00
2017.06.14 19:00:17.077,1.1215,1.12153,1.50,1.00
2017.06.14 19:00:17.299,1.12148,1.1215,1.37,7.76
2017.06.14 19:00:17.556,1.12139,1.12143,1.12,1.00
2017.06.14 19:00:17.969,1.12137,1.12144,6.30,2.70
2017.06.14 19:00:18.176,1.12139,1.12144,1.12,5.32
2017.06.14 19:00:18.688,1.12139,1.12143,1.50,5.55
2017.06.14 19:00:19.024,1.12139,1.1214,1.00,1.69
2017.06.14 19:00:19.076,1.12137,1.1214,1.00,1.69
2017.06.14 19:00:19.285,1.12137,1.12142,4.87,2.51
2017.06.14 19:00:19.337,1.12139,1.12142,1.00,2.44
2017.06.14 19:00:19.646,1.12139,1.12145,1.37,1.57
2017.06.14 19:00:20.076,1.12143,1.12145,1.00,1.00
2017.06.14 19:00:20.222,1.12142,1.12147,4.22,1.87
2017.06.14 19:00:20.274,1.12144,1.12147,1.00,1.87
2017.06.14 19:00:20.582,1.12142,1.12147,2.02,1.69
2017.06.14 19:00:20.686,1.12141,1.12147,3.45,1.50
2017.06.14 19:00:20.789,1.12141,1.12144,1.37,2.81
2017.06.14 19:00:21.074,1.12143,1.12147,1.12,1.00
2017.06.14 19:00:21.126,1.12142,1.12144,1.87,2.25
2017.06.14 19:00:21.281,1.12138,1.12146,3.90,6.49
2017.06.14 19:00:21.385,1.12142,1.12146,1.00,4.39
2017.06.14 19:00:22.002,1.12142,1.12146,1.00,10.54
2017.06.14 19:00:22.568,1.12144,1.12146,1.50,1.00
2017.06.14 19:00:22.672,1.12144,1.1215,2.25,4.12
2017.06.14 19:00:23.087,1.12147,1.1215,1.00,3.37
2017.06.14 19:00:23.486,1.12145,1.12148,1.87,1.00
2017.06.14 19:00:23.640,1.12146,1.1215,1.00,6.00
2017.06.14 19:00:23.999,1.12144,1.12147,1.50,1.00
2017.06.14 19:00:24.309,1.12146,1.12148,1.00,1.12
2017.06.14 19:00:24.413,1.12145,1.12148,1.00,1.00
2017.06.14 19:00:24.465,1.12145,1.12146,1.00,1.00
2017.06.14 19:00:24.517,1.12145,1.12148,1.00,1.72
2017.06.14 19:00:25.022,1.12144,1.12147,1.00,1.00
2017.06.14 19:00:25.536,1.12144,1.12146,1.00,1.00
2017.06.14 19:00:26.031,1.12145,1.12147,1.00,1.00
2017.06.14 19:00:26.543,1.12145,1.12146,1.00,1.00
2017.06.14 19:00:26.813,1.12143,1.12146,1.50,2.10
2017.06.14 19:00:27.323,1.12144,1.12146,1.00,1.50
2017.06.14 19:00:28.089,1.12143,1.12145,1.00,5.25
2017.06.14 19:00:28.142,1.12141,1.12143,1.50,2.25
2017.06.14 19:00:28.457,1.12138,1.1214,1.00,1.37
2017.06.14 19:00:28.509,1.12138,1.12141,1.00,1.00
2017.06.14 19:00:28.611,1.12139,1.12142,1.00,2.25
2017.06.14 19:00:29.377,1.1214,1.12141,1.00,1.00
2017.06.14 19:00:29.889,1.1214,1.12142,1.00,1.20
2017.06.14 19:00:30.635,1.1214,1.12141,1.00,1.00
2017.06.14 19:00:30.989,1.12138,1.1214,1.00,1.87
2017.06.14 19:00:31.041,1.12136,1.12139,1.50,3.00
2017.06.14 19:00:32.285,1.12138,1.12141,1.50,2.25
2017.06.14 19:00:32.337,1.12138,1.12141,1.00,1.50
2017.06.14 19:00:32.439,1.12137,1.12144,1.12,1.72
2017.06.14 19:00:32.643,1.12139,1.12144,1.00,2.06
2017.06.14 19:00:32.988,1.12144,1.12146,1.87,1.50
2017.06.14 19:00:33.295,1.12142,1.12146,2.70,3.00
2017.06.14 19:00:33.705,1.12144,1.12148,2.32,1.80
2017.06.14 19:00:34.038,1.12141,1.12144,1.12,1.12
2017.06.14 19:00:34.346,1.1214,1.12141,1.00,1.12
2017.06.14 19:00:34.398,1.12137,1.1214,1.00,1.00
2017.06.14 19:00:34.905,1.12136,1.1214,1.12,1.87
2017.06.14 19:00:35.213,1.12138,1.12141,3.07,1.37
2017.06.14 19:00:35.317,1.12139,1.12142,1.00,1.37
2017.06.14 19:00:35.793,1.1214,1.12144,1.00,1.37
2017.06.14 19:00:36.407,1.12147,1.12148,1.10,1.31
2017.06.14 19:00:36.511,1.12149,1.1215,1.00,18.37
2017.06.14 19:00:36.614,1.12149,1.12152,1.00,13.87
2017.06.14 19:00:36.665,1.1215,1.12152,1.00,2.25
2017.06.14 19:00:37.800,1.12148,1.12149,1.00,1.50
2017.06.14 19:00:37.989,1.12149,1.12151,1.12,1.09
2017.06.14 19:00:38.603,1.12149,1.12151,1.12,1.37
2017.06.14 19:00:40.597,1.12154,1.12155,1.00,1.65
2017.06.14 19:00:40.757,1.12153,1.12157,1.20,2.62
2017.06.14 19:00:41.015,1.12152,1.12155,1.57,1.00
2017.06.14 19:00:41.169,1.12151,1.12155,2.25,1.50
2017.06.14 19:00:41.366,1.12152,1.12155,1.57,1.00
2017.06.14 19:00:41.423,1.12154,1.12157,1.57,2.62
2017.06.14 19:00:41.783,1.12157,1.12159,1.00,2.25
2017.06.14 19:00:41.834,1.12157,1.12161,1.50,2.70
2017.06.14 19:00:42.039,1.12155,1.12157,1.20,1.00
2017.06.14 19:00:42.355,1.12156,1.1216,1.87,2.62
2017.06.14 19:00:42.458,1.12155,1.12158,1.12,1.00
2017.06.14 19:00:42.665,1.12157,1.12159,1.00,2.62
2017.06.14 19:00:42.870,1.12158,1.12162,1.00,4.12
2017.06.14 19:00:43.447,1.12158,1.12161,1.00,1.12
2017.06.14 19:00:44.129,1.1216,1.12162,1.00,6.37
2017.06.14 19:00:44.233,1.12158,1.12162,1.10,1.12
2017.06.14 19:00:44.393,1.12157,1.1216,1.57,1.00
2017.06.14 19:00:44.704,1.12159,1.12162,1.00,3.22
2017.06.14 19:00:45.034,1.12157,1.12159,1.50,2.25
2017.06.14 19:00:45.136,1.12155,1.12159,3.37,2.10
2017.06.14 19:00:45.240,1.12159,1.12161,1.00,2.25
2017.06.14 19:00:45.450,1.12165,1.12167,1.00,1.50
2017.06.14 19:00:45.711,1.12167,1.1217,1.00,1.12
2017.06.14 19:00:45.969,1.12172,1.12174,1.57,2.62
2017.06.14 19:00:46.531,1.12172,1.12177,1.27,2.66
2017.06.14 19:00:46.882,1.12173,1.12177,1.12,3.74
2017.06.14 19:00:47.037,1.12176,1.12177,1.00,1.11
2017.06.14 19:00:47.140,1.12174,1.12178,1.87,5.88
2017.06.14 19:00:47.295,1.12176,1.12177,1.00,1.04
2017.06.14 19:00:47.525,1.12173,1.12177,1.50,1.53
2017.06.14 19:00:47.731,1.12176,1.12178,1.10,1.45
2017.06.14 19:00:47.935,1.12174,1.12178,1.87,6.15
2017.06.14 19:00:48.091,1.12176,1.12178,1.00,2.92
2017.06.14 19:00:48.245,1.12174,1.12178,1.20,1.57
2017.06.14 19:00:48.754,1.12174,1.12178,1.00,1.47
2017.06.14 19:00:49.914,1.12172,1.12175,1.12,1.00
2017.06.14 19:00:50.170,1.12172,1.12177,2.62,1.50
2017.06.14 19:00:50.682,1.12174,1.12177,1.00,1.50
2017.06.14 19:00:51.084,1.12175,1.1218,3.07,1.35
2017.06.14 19:00:51.289,1.12174,1.12178,2.62,1.25
2017.06.14 19:00:51.802,1.12174,1.12178,1.00,1.30
2017.06.14 19:00:52.336,1.12177,1.12178,1.10,1.10
2017.06.14 19:00:52.490,1.12177,1.1218,3.00,1.00
2017.06.14 19:00:52.994,1.12177,1.12182,3.45,3.22
2017.06.14 19:00:53.046,1.12179,1.12182,1.00,3.22
2017.06.14 19:00:53.558,1.12177,1.12183,4.20,4.50
2017.06.14 19:00:53.765,1.12176,1.12181,2.02,2.25
2017.06.14 19:00:54.300,1.12177,1.12182,3.07,1.50
2017.06.14 19:00:54.813,1.1218,1.12181,2.32,1.00
2017.06.14 19:00:55.013,1.12178,1.1218,1.47,1.00
2017.06.14 19:00:55.166,1.1218,1.12182,1.12,2.25
2017.06.14 19:00:55.269,1.12181,1.12183,3.45,1.12
2017.06.14 19:00:55.320,1.12183,1.12184,1.12,1.12
2017.06.14 19:00:55.835,1.12183,1.12185,1.12,1.27
2017.06.14 19:00:56.154,1.1218,1.12182,1.20,1.00
2017.06.14 19:00:56.465,1.12177,1.12178,1.50,4.35
2017.06.14 19:00:56.569,1.12169,1.12173,6.07,1.00
2017.06.14 19:00:57.072,1.12166,1.12172,14.61,1.50
2017.06.14 19:00:57.175,1.12166,1.12168,3.45,1.00
2017.06.14 19:00:57.381,1.12167,1.1217,1.27,1.00
2017.06.14 19:00:57.906,1.12168,1.12171,1.12,1.50
2017.06.14 19:00:58.035,1.12166,1.12169,1.95,1.00
2017.06.14 19:00:58.138,1.12164,1.12167,1.57,1.00
2017.06.14 19:00:58.745,1.12163,1.12167,1.10,1.00
2017.06.14 19:00:59.464,1.12163,1.12168,4.65,1.50
2017.06.14 19:00:59.515,1.12165,1.12169,2.32,1.87
2017.06.14 19:00:59.937,1.12167,1.1217,4.95,1.00
2017.06.14 19:01:00.092,1.12167,1.12171,1.50,1.12
2017.06.14 19:01:00.196,1.12166,1.12168,1.57,1.00
2017.06.14 19:01:00.298,1.12163,1.12166,1.20,1.00
2017.06.14 19:01:00.989,1.12164,1.12169,3.45,4.54
2017.06.14 19:01:01.041,1.12165,1.12169,1.12,2.62
2017.06.14 19:01:01.247,1.12163,1.12167,2.32,1.50
2017.06.14 19:01:02.167,1.12162,1.12164,2.32,1.00
2017.06.14 19:01:02.425,1.12161,1.12166,3.82,5.25
2017.06.14 19:01:02.784,1.12161,1.12164,2.02,1.00
2017.06.14 19:01:02.937,1.1216,1.12163,2.32,1.00
2017.06.14 19:01:03.807,1.1216,1.12162,1.57,1.00
2017.06.14 19:01:04.011,1.12162,1.12164,1.10,2.62
2017.06.14 19:01:04.486,1.12162,1.12166,3.07,4.87
2017.06.14 19:01:04.693,1.1217,1.12172,1.10,1.12
2017.06.14 19:01:05.205,1.12171,1.12173,4.50,1.00
2017.06.14 19:01:05.467,1.12172,1.12176,1.10,2.62
2017.06.14 19:01:06.494,1.12174,1.12175,1.00,1.12
2017.06.14 19:01:06.650,1.12172,1.12176,1.20,1.12
2017.06.14 19:01:07.346,1.12173,1.12176,1.00,1.12
2017.06.14 19:01:07.609,1.12173,1.12178,1.50,8.62
2017.06.14 19:01:08.046,1.12172,1.12177,1.57,2.25
2017.06.14 19:01:08.503,1.12174,1.12176,1.00,1.00
2017.06.14 19:01:09.029,1.12174,1.12177,1.00,2.62
2017.06.14 19:01:09.913,1.12172,1.12177,1.57,1.12
2017.06.14 19:01:10.454,1.12174,1.12177,1.00,2.25
2017.06.14 19:01:10.965,1.12173,1.12176,1.00,1.57
2017.06.14 19:01:11.424,1.1217,1.12174,1.20,1.15
2017.06.14 19:01:12.004,1.1217,1.12174,1.10,1.60
2017.06.14 19:01:12.314,1.12174,1.12178,1.00,9.19
2017.06.14 19:01:12.860,1.12174,1.12177,1.00,3.37
2017.06.14 19:01:13.372,1.12173,1.12177,1.00,3.00
2017.06.14 19:01:13.915,1.12174,1.12178,1.00,5.25
2017.06.14 19:01:14.432,1.12174,1.12177,1.00,1.00
2017.06.14 19:01:16.803,1.12173,1.12176,1.37,1.00
2017.06.14 19:01:17.059,1.12172,1.12176,2.70,3.37
2017.06.14 19:01:17.162,1.12174,1.12175,1.00,1.00
2017.06.14 19:01:17.621,1.12174,1.12177,1.00,3.37
2017.06.14 19:01:18.876,1.12176,1.12178,1.12,3.00
2017.06.14 19:01:19.081,1.12177,1.1218,1.00,1.12
2017.06.14 19:01:19.605,1.12176,1.1218,1.50,3.37
2017.06.14 19:01:19.863,1.12176,1.12178,1.50,1.00
2017.06.14 19:01:20.386,1.12176,1.12179,1.00,1.50
2017.06.14 19:01:20.934,1.12176,1.1218,1.37,3.00
2017.06.14 19:01:21.800,1.12175,1.1218,1.50,4.12
2017.06.14 19:01:21.851,1.12175,1.12178,1.12,1.50
2017.06.14 19:01:22.161,1.12177,1.12179,2.70,1.00
2017.06.14 19:01:22.315,1.1218,1.12182,1.50,2.25
2017.06.14 19:01:22.818,1.12181,1.12183,1.00,1.50
2017.06.14 19:01:22.983,1.12184,1.12185,1.00,2.06
2017.06.14 19:01:23.187,1.12182,1.12186,1.37,1.50
2017.06.14 19:01:23.732,1.12184,1.12186,1.00,2.25
2017.06.14 19:01:24.040,1.12186,1.12188,1.37,1.50
2017.06.14 19:01:24.639,1.12186,1.12189,1.37,1.93
2017.06.14 19:01:25.754,1.12186,1.12189,1.37,3.43
2017.06.14 19:01:26.167,1.12185,1.12188,1.50,1.18
2017.06.14 19:01:26.320,1.12188,1.1219,1.00,4.56
2017.06.14 19:01:26.372,1.12188,1.1219,2.62,1.00
2017.06.14 19:01:26.424,1.1219,1.12191,1.12,1.00
2017.06.14 19:01:26.476,1.1219,1.12194,1.37,3.37
2017.06.14 19:01:27.079,1.1219,1.12194,1.50,3.19
2017.06.14 19:01:27.284,1.12189,1.12193,3.07,1.57
2017.06.14 19:01:27.641,1.12189,1.12193,1.95,2.32
2017.06.14 19:01:28.149,1.1219,1.12193,1.00,1.50
2017.06.14 19:01:28.457,1.1219,1.12195,1.05,5.44
2017.06.14 19:01:28.615,1.12191,1.12195,2.25,1.69
2017.06.14 19:01:29.174,1.12196,1.12198,1.42,23.32
2017.06.14 19:01:29.328,1.12197,1.122,1.42,2.25
2017.06.14 19:01:29.482,1.12196,1.12198,1.00,4.05
2017.06.14 19:01:29.790,1.12205,1.12207,1.00,1.00
2017.06.14 19:01:29.973,1.12208,1.1221,1.87,1.20
2017.06.14 19:01:30.334,1.12205,1.12208,1.12,2.02
2017.06.14 19:01:30.386,1.12204,1.12206,1.00,1.87
2017.06.14 19:01:30.666,1.12202,1.12204,1.50,1.50
2017.06.14 19:01:30.718,1.12201,1.12204,3.37,1.50
2017.06.14 19:01:31.239,1.12202,1.12204,1.00,1.20
2017.06.14 19:01:31.345,1.122,1.12202,4.12,2.12
2017.06.14 19:01:31.682,1.12209,1.12211,1.00,5.32
2017.06.14 19:01:31.787,1.12207,1.12209,1.12,1.12
2017.06.14 19:01:31.942,1.12205,1.12207,1.50,2.32
2017.06.14 19:01:31.994,1.12203,1.12207,3.37,1.20
2017.06.14 19:01:32.046,1.12207,1.12208,1.87,1.10
2017.06.14 19:01:32.148,1.12207,1.1221,1.12,1.00
2017.06.14 19:01:32.618,1.12208,1.12212,2.62,2.32
2017.06.14 19:01:32.721,1.1221,1.12213,1.37,1.20
2017.06.14 19:01:33.079,1.12209,1.12213,1.00,3.30
2017.06.14 19:01:33.590,1.12208,1.12212,1.12,4.80
2017.06.14 19:01:33.744,1.12206,1.12211,3.38,6.60
2017.06.14 19:01:33.800,1.12206,1.12209,3.00,1.00
2017.06.14 19:01:34.059,1.12207,1.12211,1.12,2.61
2017.06.14 19:01:34.161,1.12209,1.12211,1.00,2.98
2017.06.14 19:01:34.626,1.12209,1.12213,1.50,2.32
2017.06.14 19:01:35.416,1.12212,1.12213,1.12,1.10
2017.06.14 19:01:35.633,1.12215,1.12218,1.00,6.67
2017.06.14 19:01:35.838,1.12212,1.12217,1.87,2.25
2017.06.14 19:01:36.044,1.12214,1.12218,1.87,8.25
2017.06.14 19:01:36.347,1.1221,1.12213,1.25,1.50
2017.06.14 19:01:36.657,1.12207,1.12209,2.62,1.00
2017.06.14 19:01:36.914,1.1221,1.12213,1.00,1.87
2017.06.14 19:01:37.069,1.12209,1.12211,1.50,1.00
2017.06.14 19:01:37.370,1.12209,1.12212,2.32,1.00
2017.06.14 19:01:37.678,1.12212,1.12215,1.87,1.37
2017.06.14 19:01:37.732,1.12214,1.12216,1.12,1.50
2017.06.14 19:01:37.840,1.12215,1.1222,1.12,2.85
2017.06.14 19:01:38.044,1.12215,1.1222,1.12,2.85
2017.06.14 19:01:38.300,1.12218,1.1222,2.25,1.50
2017.06.14 19:01:38.609,1.12219,1.12223,2.62,1.50
2017.06.14 19:01:38.765,1.12219,1.12224,3.45,1.87
2017.06.14 19:01:39.178,1.12218,1.1222,1.87,1.00
2017.06.14 19:01:39.692,1.12219,1.12223,1.87,1.20
2017.06.14 19:01:39.745,1.12219,1.12223,1.87,1.10
2017.06.14 19:01:39.797,1.12222,1.12224,1.00,1.95
2017.06.14 19:01:39.954,1.12219,1.12223,6.00,1.00
2017.06.14 19:01:40.006,1.12218,1.12221,1.95,1.00
2017.06.14 19:01:40.058,1.12217,1.12221,4.95,1.10
2017.06.14 19:01:40.109,1.12218,1.12221,1.87,1.10
2017.06.14 19:01:40.314,1.12218,1.12223,2.25,1.57
2017.06.14 19:01:40.841,1.1222,1.12224,1.12,1.35
2017.06.14 19:01:41.163,1.12221,1.12224,2.10,1.00
2017.06.14 19:01:41.521,1.12218,1.12221,1.87,1.50
2017.06.14 19:01:41.624,1.12217,1.12221,1.10,4.12
2017.06.14 19:01:42.174,1.12217,1.1222,1.10,1.87
2017.06.14 19:01:42.226,1.12218,1.1222,2.25,1.12
2017.06.14 19:01:42.482,1.12217,1.1222,1.12,1.00
2017.06.14 19:01:43.017,1.12216,1.1222,1.10,1.50
2017.06.14 19:01:43.900,1.12214,1.12218,2.25,1.00
2017.06.14 19:01:44.003,1.12212,1.12216,4.95,1.50
2017.06.14 19:01:44.519,1.12211,1.12215,1.12,1.00
2017.06.14 19:01:44.929,1.12213,1.12218,1.00,1.80
2017.06.14 19:01:45.082,1.12211,1.12216,1.87,4.57
2017.06.14 19:01:45.492,1.12212,1.12217,2.32,1.50
2017.06.14 19:01:45.749,1.12211,1.12214,1.12,1.00
2017.06.14 19:01:45.801,1.1221,1.12213,1.87,3.37
2017.06.14 19:01:45.852,1.12209,1.12213,1.00,7.50
2017.06.14 19:01:45.955,1.12207,1.12212,2.70,2.47
2017.06.14 19:01:46.414,1.12207,1.12209,1.10,1.00
2017.06.14 19:01:46.942,1.12206,1.12209,1.12,1.00
2017.06.14 19:01:47.289,1.12201,1.12203,1.00,5.32
2017.06.14 19:01:47.341,1.12199,1.12201,1.50,1.00
2017.06.14 19:01:47.393,1.12197,1.12201,3.07,1.00
2017.06.14 19:01:47.540,1.12195,1.122,2.62,1.50
2017.06.14 19:01:47.591,1.12195,1.122,4.12,1.12
2017.06.14 19:01:47.643,1.12196,1.122,1.37,3.37
2017.06.14 19:01:48.296,1.12195,1.12199,2.25,1.00
2017.06.14 19:01:48.348,1.12195,1.12199,1.50,1.50
2017.06.14 19:01:48.450,1.12194,1.12198,1.00,2.40
2017.06.14 19:01:48.962,1.12192,1.12197,3.75,1.12
2017.06.14 19:01:49.508,1.1219,1.12196,4.12,4.20
2017.06.14 19:01:49.917,1.1219,1.12193,1.00,1.37
2017.06.14 19:01:50.322,1.1219,1.12194,1.12,1.50
2017.06.14 19:01:50.723,1.12192,1.12194,1.87,1.00
2017.06.14 19:01:51.081,1.12192,1.12197,1.00,4.50
2017.06.14 19:01:51.601,1.12193,1.12197,1.00,1.86
2017.06.14 19:01:52.934,1.12197,1.12199,1.00,2.62
2017.06.14 19:01:53.038,1.1221,1.12211,1.10,12.37
2017.06.14 19:01:53.090,1.12207,1.1221,6.00,1.69
2017.06.14 19:01:53.195,1.12205,1.12208,3.37,1.12
2017.06.14 19:01:53.373,1.12208,1.12211,1.20,2.62
2017.06.14 19:01:53.476,1.12205,1.1221,1.50,6.60
2017.06.14 19:01:53.783,1.12204,1.12208,1.00,2.25
2017.06.14 19:01:53.835,1.12203,1.12207,2.62,1.37
2017.06.14 19:01:54.210,1.12204,1.12208,1.50,1.00
2017.06.14 19:01:54.262,1.12204,1.1221,3.00,1.87
2017.06.14 19:01:54.776,1.12205,1.12209,1.12,1.00
2017.06.14 19:01:55.462,1.12204,1.12208,1.87,1.00
2017.06.14 19:01:55.974,1.12202,1.12208,6.45,4.50
2017.06.14 19:01:56.498,1.12203,1.12208,4.57,1.00
2017.06.14 19:01:57.024,1.12201,1.12205,5.77,1.50
2017.06.14 19:01:57.077,1.12202,1.12205,1.00,1.50
2017.06.14 19:01:57.180,1.12204,1.12206,1.00,1.12
2017.06.14 19:01:57.283,1.12204,1.12208,1.12,1.12
2017.06.14 19:01:57.489,1.12202,1.12207,1.00,1.50
2017.06.14 19:01:57.540,1.12201,1.12205,1.00,3.75
2017.06.14 19:01:58.053,1.12199,1.12203,3.37,1.00
2017.06.14 19:01:58.515,1.12199,1.12201,1.12,1.50
2017.06.14 19:01:58.672,1.12197,1.122,1.12,1.00
2017.06.14 19:01:58.726,1.12199,1.12203,1.12,3.75
2017.06.14 19:01:59.239,1.122,1.12202,2.62,1.00
2017.06.14 19:01:59.342,1.12202,1.12205,1.00,1.87
2017.06.14 19:01:59.703,1.12204,1.12205,4.87,1.12
2017.06.14 19:01:59.909,1.12205,1.12209,1.87,1.00
2017.06.14 19:01:59.960,1.12205,1.12207,1.12,1.00
2017.06.14 19:02:00.064,1.12203,1.12206,1.00,1.00
2017.06.14 19:02:00.320,1.12205,1.12206,1.00,1.00
2017.06.14 19:02:00.868,1.12205,1.12207,1.00,1.00
2017.06.14 19:02:02.050,1.12205,1.12206,1.00,1.00
2017.06.14 19:02:02.154,1.12202,1.12206,2.70,1.00
2017.06.14 19:02:02.206,1.12205,1.12207,1.50,3.00
2017.06.14 19:02:02.463,1.12214,1.12218,1.50,1.25
2017.06.14 19:02:03.024,1.12214,1.12219,1.50,1.50
2017.06.14 19:02:04.338,1.12213,1.12217,3.00,3.00
2017.06.14 19:02:04.865,1.12215,1.12218,1.00,1.87
2017.06.14 19:02:05.193,1.12217,1.12219,1.12,1.50
2017.06.14 19:02:06.471,1.12219,1.12221,1.00,1.00
2017.06.14 19:02:06.887,1.12218,1.12219,1.10,1.00
2017.06.14 19:02:07.744,1.12221,1.12224,1.00,31.27
2017.06.14 19:02:07.847,1.12221,1.12224,2.32,1.12
2017.06.14 19:02:07.951,1.12226,1.12227,1.50,5.25
2017.06.14 19:02:08.106,1.1223,1.12233,1.00,2.05
2017.06.14 19:02:08.291,1.12227,1.1223,5.32,1.00
2017.06.14 19:02:08.395,1.1223,1.12234,1.00,2.47
2017.06.14 19:02:08.500,1.1223,1.12234,1.00,1.50
2017.06.14 19:02:09.014,1.12229,1.12233,5.70,1.00
2017.06.14 19:02:09.418,1.12232,1.12235,1.00,1.00
2017.06.14 19:02:09.733,1.12221,1.12222,1.00,1.00
2017.06.14 19:02:09.838,1.12219,1.12221,1.50,1.00
2017.06.14 19:02:09.891,1.12217,1.12219,1.12,1.37
2017.06.14 19:02:10.115,1.12216,1.12217,1.87,1.00
2017.06.14 19:02:10.169,1.12213,1.12215,1.27,4.35
2017.06.14 19:02:10.227,1.12207,1.12208,1.50,1.00
2017.06.14 19:02:10.330,1.12208,1.1221,1.47,1.00
2017.06.14 19:02:10.433,1.12209,1.12212,1.50,1.50
2017.06.14 19:02:11.005,1.12208,1.1221,4.57,1.00
2017.06.14 19:02:11.263,1.12206,1.12208,3.00,1.50
2017.06.14 19:02:11.418,1.12202,1.12205,1.87,1.00
2017.06.14 19:02:11.521,1.12202,1.12205,1.50,1.00
2017.06.14 19:02:12.646,1.12204,1.12205,1.00,1.00
2017.06.14 19:02:12.698,1.12205,1.12207,1.57,1.10
2017.06.14 19:02:12.800,1.12205,1.12209,2.70,1.00
2017.06.14 19:02:13.288,1.12208,1.12212,1.00,2.32
2017.06.14 19:02:14.002,1.12207,1.1221,1.10,1.00
2017.06.14 19:02:14.504,1.12205,1.12209,4.12,1.12
2017.06.14 19:02:14.607,1.12205,1.12209,4.12,1.20
2017.06.14 19:02:14.862,1.12205,1.12206,1.00,1.00
2017.06.14 19:02:15.068,1.12201,1.12203,1.12,1.12
2017.06.14 19:02:15.321,1.12197,1.122,1.87,1.00
2017.06.14 19:02:15.526,1.12195,1.12198,1.00,1.12
2017.06.14 19:02:16.059,1.12194,1.12198,4.12,1.12
2017.06.14 19:02:16.537,1.12195,1.12198,3.00,1.50
2017.06.14 19:02:16.589,1.12194,1.12197,3.75,1.00
2017.06.14 19:02:17.049,1.12193,1.12195,1.87,3.00
2017.06.14 19:02:17.358,1.12193,1.12194,1.00,1.00
2017.06.14 19:02:17.511,1.12193,1.12195,1.50,1.00
2017.06.14 19:02:17.922,1.12191,1.12194,2.62,1.00
2017.06.14 19:02:18.433,1.12189,1.12191,1.87,1.00
2017.06.14 19:02:18.629,1.12187,1.12189,1.00,2.44
2017.06.14 19:02:18.836,1.1219,1.12192,4.12,1.87
2017.06.14 19:02:19.148,1.12208,1.12209,1.12,1.50
2017.06.14 19:02:19.416,1.12202,1.12206,2.62,1.12
2017.06.14 19:02:19.933,1.12202,1.12206,3.37,1.00
2017.06.14 19:02:20.628,1.12202,1.12206,1.87,1.10
2017.06.14 19:02:20.731,1.12202,1.12204,1.12,1.00
2017.06.14 19:02:22.687,1.12202,1.12203,1.00,1.50
2017.06.14 19:02:22.943,1.122,1.12202,1.00,3.60
2017.06.14 19:02:22.995,1.12198,1.12201,1.87,1.00
2017.06.14 19:02:23.658,1.12198,1.122,2.62,1.10
2017.06.14 19:02:24.752,1.12198,1.122,3.75,1.10
2017.06.14 19:02:26.830,1.12198,1.12202,1.50,2.70
2017.06.14 19:02:27.087,1.12201,1.12204,1.12,1.57
2017.06.14 19:02:27.423,1.12207,1.1221,1.50,1.37
2017.06.14 19:02:27.834,1.12204,1.12206,1.00,1.20
2017.06.14 19:02:27.938,1.12206,1.12209,5.62,1.39
2017.06.14 19:02:28.449,1.12204,1.12206,1.00,1.50
2017.06.14 19:02:28.655,1.12202,1.12206,1.10,2.32
2017.06.14 19:02:28.861,1.12201,1.12204,2.25,1.00
2017.06.14 19:02:29.688,1.12201,1.12204,3.00,1.10
2017.06.14 19:02:30.167,1.12202,1.12207,2.70,3.15
2017.06.14 19:02:30.716,1.12204,1.12207,1.37,2.25
2017.06.14 19:02:30.767,1.12201,1.12202,1.00,1.00
2017.06.14 19:02:31.337,1.122,1.12202,1.12,1.00
2017.06.14 19:02:31.593,1.122,1.12205,2.70,3.07
2017.06.14 19:02:31.796,1.12199,1.12202,3.00,1.00
2017.06.14 19:02:32.002,1.12196,1.122,2.25,1.00
2017.06.14 19:02:32.053,1.12196,1.12199,2.62,1.00
2017.06.14 19:02:32.262,1.12197,1.12201,1.00,1.27
2017.06.14 19:02:32.470,1.12196,1.12199,2.62,1.00
2017.06.14 19:02:33.145,1.12195,1.12197,2.62,1.00
2017.06.14 19:02:33.299,1.12193,1.12196,1.12,1.00
2017.06.14 19:02:33.504,1.12196,1.12198,1.00,4.12
2017.06.14 19:02:34.075,1.12194,1.12196,1.00,19.20
2017.06.14 19:02:34.128,1.12193,1.12197,1.00,3.07
2017.06.14 19:02:34.337,1.12193,1.12196,1.37,1.10
2017.06.14 19:02:34.441,1.12196,1.12197,1.50,1.00
2017.06.14 19:02:34.909,1.12194,1.12198,1.50,1.50
2017.06.14 19:02:35.094,1.12194,1.12197,1.12,1.95
2017.06.14 19:02:35.606,1.12193,1.12197,1.00,2.70
2017.06.14 19:02:36.083,1.12194,1.12196,1.00,4.95
2017.06.14 19:02:37.456,1.12193,1.12197,1.00,3.82
2017.06.14 19:02:37.559,1.12194,1.12196,1.00,1.10
2017.06.14 19:02:37.611,1.12193,1.12197,1.50,3.07
2017.06.14 19:02:39.775,1.12194,1.12197,1.00,3.52
2017.06.14 19:02:40.233,1.12197,1.12201,5.62,1.75
2017.06.14 19:02:40.540,1.12199,1.12202,1.00,4.95
2017.06.14 19:02:40.847,1.12195,1.12199,1.50,2.25
2017.06.14 19:02:40.899,1.12194,1.12198,1.12,3.07
2017.06.14 19:02:41.278,1.12194,1.12197,1.00,3.82
2017.06.14 19:02:42.058,1.12192,1.12194,1.00,8.02
2017.06.14 19:02:42.109,1.1219,1.12193,1.12,1.10
2017.06.14 19:02:42.161,1.12189,1.12193,1.00,2.32
2017.06.14 19:02:42.317,1.12188,1.12189,2.25,1.00
2017.06.14 19:02:42.369,1.12186,1.12189,1.00,3.45
2017.06.14 19:02:42.473,1.12189,1.12191,1.00,1.50
2017.06.14 19:02:43.139,1.1219,1.12193,1.00,2.70
2017.06.14 19:02:43.367,1.12192,1.12193,2.25,1.20
2017.06.14 19:02:43.680,1.12195,1.12197,1.00,1.37
2017.06.14 19:02:43.935,1.12192,1.12195,1.50,1.95
2017.06.14 19:02:44.038,1.1219,1.12194,1.00,4.76
2017.06.14 19:02:44.090,1.12188,1.12193,3.00,1.00
2017.06.14 19:02:44.144,1.12191,1.12193,1.57,1.00
2017.06.14 19:02:44.298,1.12192,1.12197,1.12,4.57
2017.06.14 19:02:44.499,1.12189,1.12193,5.25,1.37
2017.06.14 19:02:44.808,1.12191,1.12194,1.00,2.25
2017.06.14 19:02:45.014,1.12191,1.12194,1.12,1.12
2017.06.14 19:02:45.525,1.12191,1.12195,1.12,9.64
2017.06.14 19:02:45.941,1.12193,1.12195,1.00,4.19
2017.06.14 19:02:46.259,1.12199,1.122,1.00,1.00
2017.06.14 19:02:46.466,1.12199,1.12203,1.00,3.45
2017.06.14 19:02:47.808,1.122,1.12203,1.00,1.12
2017.06.14 19:02:47.962,1.122,1.12206,4.12,3.07
2017.06.14 19:02:48.115,1.12199,1.12205,1.12,9.04
2017.06.14 19:02:48.270,1.12203,1.12205,2.25,2.69
2017.06.14 19:02:48.411,1.12204,1.12208,1.87,1.10
2017.06.14 19:02:48.618,1.12204,1.12209,1.00,1.95
2017.06.14 19:02:48.725,1.12207,1.12209,1.12,1.95
2017.06.14 19:02:48.828,1.12205,1.12211,1.20,2.25
2017.06.14 19:02:49.186,1.12205,1.12209,1.00,7.20
2017.06.14 19:02:49.355,1.12203,1.12209,1.00,10.12
2017.06.14 19:02:49.891,1.12203,1.12208,1.50,3.00
2017.06.14 19:02:51.046,1.12203,1.12206,1.00,1.00
2017.06.14 19:02:51.734,1.12201,1.12204,3.00,1.50
2017.06.14 19:02:52.042,1.12199,1.12201,1.00,1.00
2017.06.14 19:02:52.353,1.12201,1.12205,1.20,1.87
2017.06.14 19:02:54.202,1.12198,1.12203,2.25,2.62
2017.06.14 19:02:54.254,1.12198,1.12203,1.00,3.45
2017.06.14 19:02:54.769,1.12197,1.12201,1.57,3.00
2017.06.14 19:02:55.592,1.12198,1.122,1.00,1.50
2017.06.14 19:02:56.138,1.12198,1.12201,1.00,1.37
2017.06.14 19:02:56.751,1.12202,1.12204,1.87,10.80
2017.06.14 19:02:57.008,1.12204,1.12206,1.50,1.87
2017.06.14 19:02:57.518,1.12205,1.12207,2.62,1.00
2017.06.14 19:02:58.022,1.12205,1.12207,2.62,1.00
2017.06.14 19:02:59.072,1.12206,1.12207,1.00,1.00
2017.06.14 19:03:00.045,1.12204,1.12207,1.50,1.00
2017.06.14 19:03:00.258,1.12204,1.12207,2.62,1.37
2017.06.14 19:03:00.311,1.12203,1.12208,1.20,2.62
2017.06.14 19:03:00.414,1.12202,1.12208,3.37,12.07
2017.06.14 19:03:00.777,1.12203,1.12206,1.95,1.00
2017.06.14 19:03:01.300,1.12204,1.12206,1.00,1.00
2017.06.14 19:03:02.938,1.12206,1.12207,2.62,2.62
2017.06.14 19:03:03.041,1.12206,1.12209,4.12,1.00
2017.06.14 19:03:03.560,1.12205,1.12208,1.00,1.10
2017.06.14 19:03:03.765,1.12203,1.12209,1.00,6.82
2017.06.14 19:03:07.969,1.12202,1.12205,2.25,1.10
2017.06.14 19:03:08.514,1.12203,1.12205,1.50,2.62
2017.06.14 19:03:09.022,1.12202,1.12205,1.50,1.87
2017.06.14 19:03:11.522,1.122,1.12202,1.50,1.50
2017.06.14 19:03:11.829,1.12203,1.12204,1.12,1.00
2017.06.14 19:03:12.526,1.12203,1.12205,1.12,1.12
2017.06.14 19:03:15.528,1.12205,1.12206,2.62,1.00
2017.06.14 19:03:17.932,1.12208,1.1221,1.50,1.12
2017.06.14 19:03:18.447,1.12209,1.1221,1.00,1.12
2017.06.14 19:03:18.912,1.1221,1.12214,1.00,4.12
2017.06.14 19:03:19.017,1.1221,1.12212,1.00,1.00
2017.06.14 19:03:19.965,1.1221,1.12212,1.37,1.00
2017.06.14 19:03:20.501,1.1221,1.12214,7.12,1.50
2017.06.14 19:03:20.807,1.12212,1.12214,1.00,1.50
2017.06.14 19:03:20.859,1.12213,1.12214,1.00,1.12
2017.06.14 19:03:21.260,1.12211,1.12214,1.95,1.12
2017.06.14 19:03:21.414,1.1221,1.12213,6.37,3.37
2017.06.14 19:03:23.901,1.12211,1.12214,1.00,2.32
2017.06.14 19:03:24.742,1.12213,1.12214,1.50,4.95
2017.06.14 19:03:24.941,1.12213,1.12217,2.62,4.50
2017.06.14 19:03:24.993,1.12216,1.12221,4.87,2.81
2017.06.14 19:03:25.148,1.12216,1.12222,2.62,3.75
2017.06.14 19:03:25.403,1.12216,1.12221,1.57,2.25
2017.06.14 19:03:27.155,1.12218,1.1222,5.50,1.00
2017.06.14 19:03:27.362,1.12219,1.12222,1.00,1.00
2017.06.14 19:03:28.145,1.12219,1.12222,1.00,3.37
2017.06.14 19:03:28.880,1.12216,1.1222,1.50,5.25
2017.06.14 19:03:29.035,1.12216,1.12218,1.00,1.37
2017.06.14 19:03:29.683,1.12214,1.12216,6.37,1.12
2017.06.14 19:03:29.735,1.12212,1.12215,1.87,1.00
2017.06.14 19:03:30.014,1.12211,1.12214,2.50,3.37
2017.06.14 19:03:30.373,1.12208,1.12211,1.50,1.50
2017.06.14 19:03:30.925,1.12208,1.1221,1.00,1.00
2017.06.14 19:03:32.747,1.12206,1.12211,2.70,4.12
2017.06.14 19:03:32.799,1.12206,1.12208,1.50,1.00
2017.06.14 19:03:33.313,1.12208,1.1221,1.10,2.25
2017.06.14 19:03:33.641,1.1221,1.12211,1.10,1.12
2017.06.14 19:03:34.362,1.1221,1.12213,1.10,1.12
2017.06.14 19:03:34.934,1.1221,1.12212,1.00,1.00
2017.06.14 19:03:35.453,1.1221,1.12213,1.00,2.62
2017.06.14 19:03:36.078,1.12211,1.12213,1.50,1.50
2017.06.14 19:03:36.131,1.12213,1.12214,1.00,4.50
2017.06.14 19:03:36.644,1.12213,1.12216,1.50,1.37
2017.06.14 19:03:38.758,1.12211,1.12213,1.00,2.25
2017.06.14 19:03:39.066,1.1221,1.12213,3.37,2.62
2017.06.14 19:03:39.169,1.12211,1.12213,1.50,1.87
2017.06.14 19:03:44.064,1.12215,1.12216,2.25,2.62
2017.06.14 19:03:44.219,1.12217,1.1222,1.00,5.62
2017.06.14 19:03:44.373,1.12215,1.12219,1.50,3.30
2017.06.14 19:03:44.905,1.12214,1.12218,1.00,1.61
2017.06.14 19:03:45.188,1.12213,1.12216,1.00,1.50
2017.06.14 19:03:45.701,1.12214,1.12216,1.00,2.25
2017.06.14 19:03:48.949,1.12214,1.12217,3.75,1.12
2017.06.14 19:03:49.902,1.12214,1.12216,3.75,1.50
2017.06.14 19:03:50.465,1.12213,1.12216,1.00,1.00
2017.06.14 19:03:50.975,1.12212,1.12215,1.50,1.69
2017.06.14 19:03:51.501,1.12212,1.12215,1.00,1.05
2017.06.14 19:03:53.455,1.12211,1.12213,1.00,1.50
2017.06.14 19:03:53.966,1.1221,1.12212,4.00,1.12
2017.06.14 19:03:54.171,1.12209,1.12212,1.00,1.12
2017.06.14 19:03:54.484,1.12211,1.12214,1.00,2.25
2017.06.14 19:03:55.016,1.12211,1.12214,1.00,1.00
2017.06.14 19:03:55.557,1.1221,1.12214,1.50,5.81
2017.06.14 19:03:55.865,1.12209,1.12212,7.12,2.77
2017.06.14 19:03:56.572,1.12209,1.12212,7.12,3.00
2017.06.14 19:03:57.080,1.12209,1.12211,1.00,2.62
2017.06.14 19:03:57.637,1.12208,1.12211,1.00,2.62
2017.06.14 19:03:57.948,1.12211,1.12213,1.00,2.25
2017.06.14 19:03:59.192,1.12212,1.12214,1.00,1.50
2017.06.14 19:03:59.721,1.12212,1.12214,1.00,1.69
2017.06.14 19:04:00.232,1.12211,1.12215,1.00,7.31
2017.06.14 19:04:00.745,1.12209,1.12211,1.00,1.87
2017.06.14 19:04:01.059,1.12207,1.12209,6.37,4.95
2017.06.14 19:04:01.264,1.12205,1.12209,3.75,2.70
2017.06.14 19:04:01.775,1.12205,1.12209,3.00,2.70
2017.06.14 19:04:01.928,1.12204,1.12205,3.75,3.00
2017.06.14 19:04:02.463,1.12205,1.12206,1.00,1.87
2017.06.14 19:04:02.949,1.12202,1.12205,1.69,1.00
2017.06.14 19:04:03.052,1.12204,1.12206,1.00,2.62
2017.06.14 19:04:03.573,1.12203,1.12206,1.50,1.00
2017.06.14 19:04:03.890,1.12202,1.12205,1.50,1.50
2017.06.14 19:04:04.402,1.12202,1.12206,1.00,2.62
2017.06.14 19:04:04.783,1.12202,1.12204,1.00,1.37
2017.06.14 19:04:05.530,1.12202,1.12205,1.00,4.50
2017.06.14 19:04:06.076,1.12202,1.12205,1.00,4.12
2017.06.14 19:04:06.385,1.12203,1.12208,2.62,3.00
2017.06.14 19:04:06.889,1.12204,1.12208,4.50,2.25
2017.06.14 19:04:07.451,1.12205,1.12208,2.25,1.87
2017.06.14 19:04:07.649,1.12205,1.12209,3.00,3.00
2017.06.14 19:04:09.566,1.12203,1.12206,3.00,1.50
2017.06.14 19:04:09.874,1.122,1.12202,6.37,10.50
2017.06.14 19:04:10.394,1.12202,1.12203,1.50,1.00
2017.06.14 19:04:10.756,1.12198,1.12201,1.00,1.12
2017.06.14 19:04:11.013,1.12197,1.12199,1.00,4.12
2017.06.14 19:04:11.321,1.12196,1.12197,3.75,1.12
2017.06.14 19:04:11.373,1.12193,1.12195,2.70,1.50
2017.06.14 19:04:12.198,1.12192,1.12195,2.62,1.00
2017.06.14 19:04:12.710,1.12192,1.12195,1.39,1.00
2017.06.14 19:04:13.054,1.12191,1.12195,4.20,1.00
2017.06.14 19:04:13.588,1.12191,1.12196,1.20,2.62
2017.06.14 19:04:14.118,1.12192,1.12196,1.50,2.62
2017.06.14 19:04:14.866,1.12192,1.12195,1.00,1.00
2017.06.14 19:04:15.465,1.12192,1.12196,1.00,5.70
2017.06.14 19:04:15.802,1.1219,1.12194,1.12,2.25
2017.06.14 19:04:16.323,1.1219,1.12194,1.12,4.76
2017.06.14 19:04:17.344,1.1219,1.12193,1.00,3.00
2017.06.14 19:04:17.552,1.12187,1.12191,6.94,3.82
2017.06.14 19:04:17.603,1.12187,1.1219,3.56,1.00
2017.06.14 19:04:18.115,1.12188,1.12191,1.12,1.50
2017.06.14 19:04:18.389,1.12191,1.12192,1.57,1.12
2017.06.14 19:04:18.492,1.1219,1.12195,7.57,1.00
2017.06.14 19:04:19.006,1.12192,1.12196,3.37,2.25
2017.06.14 19:04:19.247,1.12192,1.12195,2.44,2.62
2017.06.14 19:04:19.787,1.1219,1.12195,6.37,2.25
2017.06.14 19:04:20.149,1.12193,1.12195,1.50,1.12
2017.06.14 19:04:20.419,1.12193,1.12197,2.25,4.87
2017.06.14 19:04:20.940,1.12193,1.12196,2.62,1.00
2017.06.14 19:04:21.480,1.12194,1.12197,1.00,2.25
2017.06.14 19:04:23.160,1.12193,1.12196,1.87,1.50
2017.06.14 19:04:23.684,1.12191,1.12195,6.00,1.87
2017.06.14 19:04:24.376,1.12194,1.12197,1.57,3.82
2017.06.14 19:04:24.481,1.12192,1.12197,2.62,1.87
2017.06.14 19:04:25.935,1.12193,1.12196,1.50,3.00
2017.06.14 19:04:26.443,1.12193,1.12197,2.25,3.75
2017.06.14 19:04:27.388,1.12194,1.12197,1.00,2.25
2017.06.14 19:04:28.486,1.12193,1.12197,1.00,6.00
2017.06.14 19:04:28.999,1.12192,1.12196,1.95,1.00
2017.06.14 19:04:29.193,1.12197,1.12198,1.20,5.70
2017.06.14 19:04:29.296,1.12198,1.12202,1.12,1.87
2017.06.14 19:04:29.450,1.122,1.12203,2.62,1.50
2017.06.14 19:04:29.502,1.122,1.12203,2.62,1.00
2017.06.14 19:04:29.709,1.12203,1.12205,1.12,1.87
2017.06.14 19:04:30.025,1.12203,1.12208,5.10,4.50
2017.06.14 19:04:30.337,1.12211,1.12215,2.62,2.62
2017.06.14 19:04:30.441,1.12212,1.12216,1.37,9.45
2017.06.14 19:04:30.960,1.12211,1.12216,1.50,3.41
2017.06.14 19:04:31.464,1.12211,1.12216,1.50,2.96
2017.06.14 19:04:32.245,1.12211,1.12215,8.32,1.09
2017.06.14 19:04:32.552,1.12211,1.12215,3.45,1.00
2017.06.14 19:04:33.697,1.12211,1.12216,3.45,1.09
2017.06.14 19:04:34.208,1.12211,1.12215,2.32,1.00
2017.06.14 19:04:34.735,1.12211,1.12216,2.70,4.09
2017.06.14 19:04:35.183,1.12211,1.12213,2.70,1.50
2017.06.14 19:04:35.440,1.12203,1.12206,1.25,4.50
2017.06.14 19:04:35.800,1.12201,1.12205,1.00,4.12
2017.06.14 19:04:35.956,1.12202,1.12204,4.20,1.12
2017.06.14 19:04:36.162,1.12203,1.12207,1.12,1.37
2017.06.14 19:04:36.683,1.12205,1.12207,1.87,4.57
2017.06.14 19:04:36.837,1.12206,1.1221,1.00,1.50
2017.06.14 19:04:37.576,1.12207,1.12211,1.00,2.85
2017.06.14 19:04:37.628,1.12205,1.12208,1.19,1.57
2017.06.14 19:04:37.680,1.12204,1.12208,1.00,2.32
2017.06.14 19:04:38.040,1.12202,1.12206,4.95,1.50
2017.06.14 19:04:38.349,1.12202,1.12204,1.87,1.12
2017.06.14 19:04:38.594,1.12201,1.12205,1.00,1.12
2017.06.14 19:04:38.953,1.122,1.12203,1.12,1.50
2017.06.14 19:04:39.107,1.12198,1.12202,4.87,1.00
2017.06.14 19:04:39.734,1.12199,1.12202,1.00,1.00
2017.06.14 19:04:41.174,1.12198,1.12201,1.12,1.00
2017.06.14 19:04:41.721,1.12199,1.12202,2.62,1.00
2017.06.14 19:04:42.233,1.12201,1.12202,3.75,1.00
2017.06.14 19:04:42.583,1.12206,1.1221,1.69,1.87
2017.06.14 19:04:42.686,1.12206,1.1221,1.50,1.00
2017.06.14 19:04:43.197,1.12206,1.12209,3.37,1.00
2017.06.14 19:04:44.145,1.12206,1.12209,2.62,1.00
2017.06.14 19:04:44.198,1.12207,1.12211,2.38,1.00
2017.06.14 19:04:44.721,1.12209,1.12211,1.26,1.00
2017.06.14 19:04:45.497,1.12208,1.12212,1.50,1.00
2017.06.14 19:04:46.011,1.12208,1.12212,1.37,2.25
2017.06.14 19:04:46.375,1.12211,1.12212,2.25,1.50
2017.06.14 19:04:46.490,1.12212,1.12214,1.12,1.80
2017.06.14 19:04:46.596,1.12212,1.12216,2.62,1.12
2017.06.14 19:04:47.109,1.12212,1.12215,1.87,1.00
2017.06.14 19:04:48.287,1.12212,1.12215,1.37,1.50
2017.06.14 19:04:48.861,1.12212,1.12216,1.37,2.70
2017.06.14 19:04:49.408,1.12211,1.12216,4.12,2.62
2017.06.14 19:04:49.890,1.12211,1.12214,2.62,2.62
2017.06.14 19:04:49.993,1.1221,1.12214,2.62,1.00
2017.06.14 19:04:50.403,1.12211,1.12215,1.12,1.50
2017.06.14 19:04:50.994,1.1221,1.12214,3.37,1.00
2017.06.14 19:04:51.348,1.1221,1.12214,2.62,11.06
2017.06.14 19:04:51.451,1.1221,1.12212,2.25,1.00
2017.06.14 19:04:51.968,1.12207,1.12211,2.62,1.00
2017.06.14 19:04:52.824,1.12207,1.1221,1.00,1.12
2017.06.14 19:04:52.926,1.12208,1.12211,4.12,1.12
2017.06.14 19:04:53.030,1.12208,1.12212,4.12,3.37
2017.06.14 19:04:54.598,1.12208,1.12212,3.37,3.37
2017.06.14 19:04:55.010,1.122,1.12203,2.81,1.00
2017.06.14 19:04:55.063,1.122,1.12203,10.50,1.50
2017.06.14 19:04:55.575,1.12197,1.12202,10.50,1.00
2017.06.14 19:04:55.728,1.12197,1.12202,15.75,1.00
2017.06.14 19:04:56.309,1.12199,1.12201,1.87,1.00
2017.06.14 19:04:56.837,1.122,1.12203,1.12,3.15
2017.06.14 19:04:57.344,1.12199,1.12202,1.87,1.50
2017.06.14 19:04:57.721,1.12199,1.122,1.00,2.25
2017.06.14 19:04:58.004,1.12196,1.12199,4.95,1.00
2017.06.14 19:04:58.056,1.12198,1.122,1.87,1.00
2017.06.14 19:04:58.567,1.12197,1.12201,4.50,1.12
2017.06.14 19:04:58.724,1.12197,1.12201,2.25,1.12
2017.06.14 19:04:59.047,1.12197,1.12199,2.25,1.50
2017.06.14 19:04:59.358,1.12195,1.12198,1.50,1.72
2017.06.14 19:04:59.905,1.12191,1.12196,7.87,1.00
2017.06.14 19:05:00.472,1.12192,1.12195,2.25,1.00
2017.06.14 19:05:00.678,1.1219,1.12193,3.75,1.00
2017.06.14 19:05:00.840,1.12189,1.12193,6.37,1.00
2017.06.14 19:05:01.376,1.12189,1.12192,2.62,1.00
2017.06.14 19:05:01.584,1.12187,1.12188,2.62,1.12
2017.06.14 19:05:01.636,1.12184,1.12188,6.37,1.12
2017.06.14 19:05:01.862,1.12184,1.12187,1.87,2.77
2017.06.14 19:05:02.377,1.12183,1.12187,1.12,2.25
2017.06.14 19:05:02.592,1.12186,1.12187,1.10,1.87
2017.06.14 19:05:02.761,1.12188,1.12189,1.12,1.00
2017.06.14 19:05:02.813,1.12193,1.12195,2.62,1.12
2017.06.14 19:05:02.916,1.12194,1.12196,1.12,1.00
2017.06.14 19:05:02.967,1.12193,1.12198,3.37,3.00
2017.06.14 19:05:03.376,1.12193,1.12196,2.62,1.00
2017.06.14 19:05:03.725,1.1219,1.12193,1.87,1.87
2017.06.14 19:05:04.241,1.1219,1.12193,1.50,2.29
2017.06.14 19:05:04.345,1.12193,1.12195,1.37,1.12
2017.06.14 19:05:04.448,1.12193,1.12196,1.37,1.12
2017.06.14 19:05:04.993,1.12192,1.12196,2.62,3.00
2017.06.14 19:05:06.709,1.12192,1.12196,1.12,3.07
2017.06.14 19:05:06.916,1.12192,1.12194,1.00,1.69
2017.06.14 19:05:07.020,1.12189,1.12192,1.12,1.87
2017.06.14 19:05:07.610,1.12188,1.12192,3.37,4.12
2017.06.14 19:05:07.662,1.1219,1.12192,1.12,4.20
2017.06.14 19:05:07.816,1.12193,1.12197,1.12,1.39
2017.06.14 19:05:08.226,1.12194,1.12196,1.37,1.12
2017.06.14 19:05:08.396,1.12195,1.12198,1.12,1.00
2017.06.14 19:05:08.551,1.12198,1.122,1.37,4.39
2017.06.14 19:05:08.654,1.12197,1.12201,4.12,1.57
2017.06.14 19:05:09.171,1.12199,1.12202,1.12,1.50
2017.06.14 19:05:09.379,1.12197,1.12202,2.62,3.82
2017.06.14 19:05:09.925,1.12197,1.12201,1.87,1.57
2017.06.14 19:05:10.336,1.12199,1.12202,1.00,2.70
2017.06.14 19:05:10.439,1.12196,1.12199,1.87,1.12
2017.06.14 19:05:10.954,1.12196,1.12198,1.00,1.00
2017.06.14 19:05:11.757,1.12194,1.12197,2.62,1.00
2017.06.14 19:05:12.270,1.12193,1.12197,1.00,1.57
2017.06.14 19:05:12.425,1.12191,1.12196,1.50,4.20
2017.06.14 19:05:12.589,1.12191,1.12196,3.00,7.57
2017.06.14 19:05:12.641,1.1219,1.12194,1.37,1.50
2017.06.14 19:05:12.693,1.12189,1.12192,2.62,1.00
2017.06.14 19:05:12.745,1.12189,1.12192,1.00,1.00
2017.06.14 19:05:13.259,1.12189,1.12193,3.00,1.00
2017.06.14 19:05:14.659,1.12189,1.12192,1.50,1.12
2017.06.14 19:05:14.762,1.12188,1.12192,1.12,3.07
2017.06.14 19:05:15.314,1.1219,1.12192,1.37,1.87
2017.06.14 19:05:15.469,1.1219,1.12194,1.87,4.50
2017.06.14 19:05:15.574,1.12192,1.12194,1.00,1.12
2017.06.14 19:05:16.117,1.12192,1.12195,1.37,1.20
2017.06.14 19:05:16.219,1.1219,1.12195,4.12,3.45
2017.06.14 19:05:16.475,1.12191,1.12195,2.62,3.45
2017.06.14 19:05:16.834,1.12191,1.12195,1.12,1.45
2017.06.14 19:05:17.430,1.12191,1.12195,1.87,4.20
2017.06.14 19:05:17.943,1.12191,1.12195,1.87,2.32
2017.06.14 19:05:18.047,1.12194,1.12195,1.00,1.50
2017.06.14 19:05:18.149,1.12194,1.12197,1.87,2.25
2017.06.14 19:05:19.197,1.12194,1.12197,1.00,7.72
2017.06.14 19:05:19.300,1.12192,1.12197,2.25,9.07
2017.06.14 19:05:19.557,1.12194,1.12197,1.00,4.20
2017.06.14 19:05:20.066,1.12196,1.12199,1.12,3.86
2017.06.14 19:05:20.374,1.12199,1.12201,1.37,1.57
2017.06.14 19:05:20.949,1.12195,1.12198,1.50,3.45
2017.06.14 19:05:21.001,1.12194,1.12197,1.87,1.20
2017.06.14 19:05:21.521,1.12194,1.12196,1.12,4.12
2017.06.14 19:05:21.835,1.12198,1.12201,1.00,1.57
2017.06.14 19:05:22.367,1.12197,1.12201,1.12,1.87
2017.06.14 19:05:22.689,1.12197,1.12201,2.62,2.25
2017.06.14 19:05:23.255,1.12197,1.12202,3.62,1.10
2017.06.14 19:05:23.663,1.12197,1.12202,4.37,2.70
2017.06.14 19:05:23.767,1.12197,1.122,4.12,1.10
2017.06.14 19:05:24.415,1.12197,1.122,1.00,1.69
2017.06.14 19:05:25.269,1.12197,1.122,3.07,1.31
2017.06.14 19:05:25.474,1.12198,1.12203,2.25,14.32
2017.06.14 19:05:26.331,1.12198,1.12203,6.37,6.94
2017.06.14 19:05:26.843,1.122,1.12204,1.50,1.57
2017.06.14 19:05:27.354,1.12201,1.12204,1.00,1.20
2017.06.14 19:05:32.178,1.12201,1.12204,1.87,1.20
2017.06.14 19:05:33.173,1.12198,1.12204,5.25,11.32
2017.06.14 19:05:33.225,1.12198,1.12204,10.12,7.50
2017.06.14 19:05:33.765,1.12202,1.12205,1.62,2.81
2017.06.14 19:05:34.358,1.12201,1.12205,9.19,1.87
2017.06.14 19:05:34.410,1.12201,1.12205,6.19,6.37
2017.06.14 19:05:34.462,1.12201,1.12205,1.87,6.00
2017.06.14 19:05:35.001,1.12202,1.12206,2.62,1.00
2017.06.14 19:05:35.611,1.12203,1.12207,1.12,4.57
2017.06.14 19:05:37.885,1.12202,1.12206,3.75,3.00
2017.06.14 19:05:38.395,1.12202,1.12206,2.62,3.52
2017.06.14 19:05:39.120,1.12202,1.12206,1.12,1.27
2017.06.14 19:05:39.430,1.12201,1.12203,1.00,1.00
2017.06.14 19:05:39.583,1.12199,1.12202,2.62,1.00
2017.06.14 19:05:40.456,1.12198,1.12202,6.37,2.32
2017.06.14 19:05:40.508,1.122,1.12203,1.37,1.50
2017.06.14 19:05:40.713,1.122,1.12204,2.25,1.31
2017.06.14 19:05:42.210,1.12199,1.12203,8.25,1.50
2017.06.14 19:05:42.313,1.12199,1.12203,3.00,2.25
2017.06.14 19:05:42.519,1.12197,1.12201,6.37,1.00
2017.06.14 19:05:42.673,1.12197,1.12202,1.12,5.47
2017.06.14 19:05:42.979,1.12195,1.12197,1.87,1.30
2017.06.14 19:05:43.286,1.12198,1.12202,4.87,3.37
2017.06.14 19:05:43.490,1.12198,1.12201,1.00,1.80
2017.06.14 19:05:44.137,1.12198,1.12201,1.00,2.66
2017.06.14 19:05:45.056,1.12198,1.12201,2.62,1.42
2017.06.14 19:05:45.233,1.12198,1.12202,2.62,5.10
2017.06.14 19:05:45.940,1.12198,1.12202,3.37,3.60
2017.06.14 19:05:46.602,1.12198,1.122,1.00,1.20
2017.06.14 19:05:46.756,1.12196,1.122,2.25,2.70
2017.06.14 19:05:47.273,1.12195,1.12199,1.12,3.07
2017.06.14 19:05:47.325,1.12197,1.12199,1.00,2.70
2017.06.14 19:05:47.480,1.12198,1.12201,1.50,1.00
2017.06.14 19:05:47.681,1.12189,1.1219,19.69,1.00
2017.06.14 19:05:47.839,1.1218,1.12182,1.00,1.37
2017.06.14 19:05:47.945,1.12178,1.12179,1.87,1.10
2017.06.14 19:05:48.340,1.12177,1.1218,1.50,1.10
2017.06.14 19:05:48.753,1.12179,1.12182,1.00,4.95
2017.06.14 19:05:49.666,1.12179,1.12183,1.37,2.62
2017.06.14 19:05:50.178,1.12179,1.12184,1.50,1.87
2017.06.14 19:05:50.528,1.12182,1.12183,3.37,1.00
2017.06.14 19:05:50.938,1.1218,1.12184,1.50,3.37
2017.06.14 19:05:51.092,1.1218,1.12184,1.00,3.75
2017.06.14 19:05:51.573,1.12179,1.1218,1.00,1.50
2017.06.14 19:05:51.729,1.12167,1.1217,2.25,3.75
2017.06.14 19:05:51.780,1.12165,1.12169,1.12,2.25
2017.06.14 19:05:52.299,1.12163,1.12167,1.12,1.00
2017.06.14 19:05:52.403,1.12162,1.12164,1.12,1.50
2017.06.14 19:05:52.916,1.12162,1.12164,1.00,3.15
2017.06.14 19:05:53.018,1.12163,1.12165,1.12,1.01
2017.06.14 19:05:53.069,1.12164,1.12166,1.00,2.40
2017.06.14 19:05:53.222,1.12164,1.12167,1.00,4.16
2017.06.14 19:05:55.094,1.12164,1.12167,1.00,2.29
2017.06.14 19:05:55.867,1.12163,1.12167,2.62,4.91
2017.06.14 19:05:56.534,1.12161,1.12166,2.62,7.12
2017.06.14 19:05:56.901,1.12155,1.12157,2.62,1.12
2017.06.14 19:05:57.211,1.12141,1.12144,1.69,3.00
2017.06.14 19:05:57.314,1.1214,1.12143,1.00,4.12
2017.06.14 19:05:57.494,1.1214,1.12144,2.69,1.87
2017.06.14 19:05:57.601,1.12137,1.12141,1.31,6.30
2017.06.14 19:05:57.653,1.12137,1.12141,1.50,2.24
2017.06.14 19:05:57.758,1.12139,1.12142,1.87,1.00
2017.06.14 19:05:57.918,1.12142,1.12146,5.25,1.93
2017.06.14 19:05:58.224,1.12147,1.1215,1.20,1.00
2017.06.14 19:05:58.276,1.12147,1.12151,2.57,9.37
2017.06.14 19:05:58.379,1.12147,1.12149,1.12,1.87
2017.06.14 19:05:58.721,1.12144,1.12147,1.00,1.12
2017.06.14 19:05:58.927,1.12145,1.12147,1.00,1.00
2017.06.14 19:05:59.082,1.12145,1.12148,1.00,2.62
2017.06.14 19:05:59.237,1.12147,1.1215,1.87,2.44
2017.06.14 19:05:59.464,1.12149,1.12152,1.50,3.37
2017.06.14 19:05:59.516,1.1215,1.12154,3.00,1.87
2017.06.14 19:05:59.575,1.12154,1.12155,1.12,1.00
2017.06.14 19:05:59.881,1.12152,1.12156,4.20,1.50
2017.06.14 19:05:59.933,1.12152,1.12155,2.62,9.22
2017.06.14 19:06:00.188,1.1215,1.12153,1.00,12.38
2017.06.14 19:06:00.342,1.12147,1.12152,1.57,3.04
2017.06.14 19:06:00.496,1.12149,1.12152,1.00,1.37
2017.06.14 19:06:01.004,1.12154,1.12156,1.00,8.25
2017.06.14 19:06:01.619,1.12154,1.12158,1.00,4.12
2017.06.14 19:06:01.924,1.12152,1.12154,1.20,1.00
2017.06.14 19:06:02.239,1.12161,1.12162,1.00,1.00
2017.06.14 19:06:02.395,1.12163,1.12166,1.12,1.50
2017.06.14 19:06:02.913,1.12164,1.12167,2.70,1.12
2017.06.14 19:06:03.121,1.12169,1.12172,1.00,7.12
2017.06.14 19:06:03.525,1.1217,1.12174,1.95,2.62
2017.06.14 19:06:03.629,1.12168,1.12171,1.10,1.12
2017.06.14 19:06:03.989,1.1217,1.12171,1.12,1.12
2017.06.14 19:06:04.143,1.12171,1.12174,1.00,1.50
2017.06.14 19:06:04.458,1.1217,1.12172,1.20,1.00
2017.06.14 19:06:04.719,1.12161,1.12163,1.91,2.25
2017.06.14 19:06:04.771,1.12159,1.12161,3.75,1.00
2017.06.14 19:06:05.151,1.12154,1.12155,1.50,1.00
2017.06.14 19:06:05.253,1.1215,1.12153,2.25,1.00
2017.06.14 19:06:05.462,1.12148,1.1215,1.50,1.00
2017.06.14 19:06:05.874,1.1215,1.12153,1.00,2.59
2017.06.14 19:06:06.090,1.12151,1.12154,1.00,1.50
2017.06.14 19:06:06.397,1.12149,1.12152,1.87,1.00
2017.06.14 19:06:06.706,1.1216,1.12162,1.00,3.37
2017.06.14 19:06:07.253,1.12158,1.1216,3.00,1.00
2017.06.14 19:06:07.788,1.12157,1.12159,1.50,1.87
2017.06.14 19:06:07.840,1.12155,1.12158,1.00,2.70
2017.06.14 19:06:08.505,1.12154,1.12156,2.25,2.25
2017.06.14 19:06:08.557,1.12153,1.12155,1.50,2.24
2017.06.14 19:06:08.768,1.12153,1.12157,4.20,2.69
2017.06.14 19:06:09.281,1.12156,1.12157,1.50,1.17
2017.06.14 19:06:09.333,1.12157,1.12159,4.03,1.00
2017.06.14 19:06:09.385,1.12156,1.12157,4.50,1.00
2017.06.14 19:06:09.614,1.12153,1.12157,1.00,12.82
2017.06.14 19:06:09.875,1.1215,1.12156,4.87,4.12
2017.06.14 19:06:12.271,1.1215,1.12154,1.12,2.81
2017.06.14 19:06:12.679,1.12152,1.12154,2.62,1.50
2017.06.14 19:06:12.731,1.12154,1.12157,3.75,3.37
2017.06.14 19:06:12.834,1.12154,1.12157,1.37,1.12
2017.06.14 19:06:13.143,1.12154,1.12155,2.25,3.37
2017.06.14 19:06:13.444,1.12149,1.12151,4.12,1.12
2017.06.14 19:06:13.962,1.12147,1.12148,1.50,2.25
2017.06.14 19:06:14.066,1.12143,1.12146,3.37,1.37
2017.06.14 19:06:14.866,1.12147,1.12149,1.00,1.00
2017.06.14 19:06:15.023,1.12149,1.12152,1.50,4.12
2017.06.14 19:06:15.333,1.12149,1.12152,2.25,1.12
2017.06.14 19:06:15.797,1.12148,1.12153,3.37,2.25
2017.06.14 19:06:16.269,1.12151,1.12154,1.12,2.62
2017.06.14 19:06:16.321,1.12153,1.12157,1.12,1.50
2017.06.14 19:06:16.631,1.12155,1.12157,1.00,4.50
2017.06.14 19:06:16.939,1.12152,1.12153,5.62,1.50
2017.06.14 19:06:17.449,1.12151,1.12153,1.12,1.37
2017.06.14 19:06:17.958,1.12152,1.12154,1.00,3.75
2017.06.14 19:06:18.630,1.12152,1.12153,1.00,1.00
2017.06.14 19:06:18.972,1.12153,1.12157,1.00,2.24
2017.06.14 19:06:19.281,1.12156,1.12159,3.09,2.24
2017.06.14 19:06:19.333,1.12157,1.12159,1.59,1.37
2017.06.14 19:06:19.436,1.12157,1.1216,1.50,1.12
2017.06.14 19:06:19.487,1.12155,1.12156,1.00,3.75
2017.06.14 19:06:19.540,1.12152,1.12156,1.50,3.00
2017.06.14 19:06:19.645,1.12155,1.12157,8.25,1.37
2017.06.14 19:06:20.151,1.12156,1.12159,2.25,3.37
2017.06.14 19:06:20.203,1.12157,1.12159,5.25,1.12
2017.06.14 19:06:20.410,1.12153,1.12155,1.00,1.12
2017.06.14 19:06:20.513,1.12152,1.12156,4.50,1.00
2017.06.14 19:06:20.725,1.12155,1.12158,2.25,1.87
2017.06.14 19:06:21.034,1.12158,1.12159,1.00,1.50
2017.06.14 19:06:21.292,1.12154,1.12157,1.00,1.00
2017.06.14 19:06:21.498,1.12154,1.12157,1.75,1.12
2017.06.14 19:06:21.601,1.12154,1.12157,2.25,1.37
2017.06.14 19:06:22.524,1.12153,1.12155,3.75,1.00
2017.06.14 19:06:22.577,1.12154,1.12156,1.50,1.95
2017.06.14 19:06:22.630,1.12152,1.12154,1.00,1.87
2017.06.14 19:06:22.682,1.12151,1.12152,1.00,1.00
2017.06.14 19:06:22.784,1.12149,1.12153,1.00,1.12
2017.06.14 19:06:23.193,1.1215,1.12152,1.57,1.00
2017.06.14 19:06:23.295,1.1215,1.12153,1.00,1.00
2017.06.14 19:06:23.347,1.1215,1.12151,1.00,3.60
2017.06.14 19:06:23.502,1.12147,1.12149,1.87,1.00
2017.06.14 19:06:23.998,1.12145,1.12146,3.00,5.10
2017.06.14 19:06:24.514,1.12142,1.12145,1.50,1.00
2017.06.14 19:06:24.771,1.12142,1.12143,1.00,1.00
2017.06.14 19:06:24.822,1.12139,1.1214,7.57,2.10
2017.06.14 19:06:24.983,1.12141,1.12142,1.12,3.75
2017.06.14 19:06:25.450,1.12143,1.12146,1.50,2.25
2017.06.14 19:06:25.774,1.12147,1.12148,4.59,1.50
2017.06.14 19:06:25.827,1.1214,1.12141,1.25,2.25
2017.06.14 19:06:25.984,1.12136,1.12137,1.31,1.87
2017.06.14 19:06:26.036,1.12135,1.12137,4.50,1.37
2017.06.14 19:06:26.140,1.12136,1.12141,8.62,8.85
2017.06.14 19:06:26.397,1.12132,1.12134,2.04,1.00
2017.06.14 19:06:26.525,1.1213,1.12132,1.87,1.00
2017.06.14 19:06:26.628,1.12131,1.12134,1.00,1.87
2017.06.14 19:06:26.884,1.12132,1.12134,1.00,2.40
2017.06.14 19:06:26.935,1.1213,1.12134,5.32,1.12
2017.06.14 19:06:27.397,1.12132,1.12136,3.75,1.12
2017.06.14 19:06:27.710,1.1214,1.12142,1.50,1.50
2017.06.14 19:06:28.020,1.12141,1.12144,3.00,1.87
2017.06.14 19:06:28.249,1.12141,1.12143,1.69,1.00
2017.06.14 19:06:28.354,1.12139,1.12141,1.37,1.00
2017.06.14 19:06:28.411,1.12142,1.12143,1.00,1.00
2017.06.14 19:06:28.466,1.12143,1.12145,1.10,1.00
2017.06.14 19:06:28.568,1.12145,1.12146,1.00,1.00
2017.06.14 19:06:29.039,1.12145,1.12148,2.62,1.12
2017.06.14 19:06:29.708,1.12147,1.1215,1.10,1.50
2017.06.14 19:06:29.855,1.12147,1.12151,1.20,1.00
2017.06.14 19:06:29.909,1.12147,1.12148,3.45,2.85
2017.06.14 19:06:30.012,1.1214,1.12142,1.12,1.00
2017.06.14 19:06:30.064,1.12138,1.12143,3.00,3.37
2017.06.14 19:06:30.167,1.12138,1.12143,4.20,2.62
2017.06.14 19:06:30.321,1.1214,1.12143,1.50,2.62
2017.06.14 19:06:30.644,1.12148,1.1215,1.00,7.80
2017.06.14 19:06:30.953,1.1215,1.12152,1.50,1.00
2017.06.14 19:06:31.210,1.12153,1.12156,1.12,2.62
2017.06.14 19:06:31.621,1.12155,1.12157,1.00,1.72
2017.06.14 19:06:31.730,1.12156,1.12159,1.00,1.50
2017.06.14 19:06:31.884,1.12154,1.12156,1.12,1.00
2017.06.14 19:06:32.141,1.1215,1.12154,1.00,1.87
2017.06.14 19:06:32.655,1.12149,1.12153,1.50,4.12
2017.06.14 19:06:33.214,1.1215,1.12153,1.00,3.00
2017.06.14 19:06:33.730,1.12149,1.12153,1.00,9.97
2017.06.14 19:06:33.782,1.12151,1.12153,1.00,4.50
2017.06.14 19:06:34.313,1.1215,1.12153,1.00,2.62
2017.06.14 19:06:34.995,1.1215,1.12151,1.00,1.50
2017.06.14 19:06:35.047,1.12148,1.1215,1.50,1.00
2017.06.14 19:06:35.508,1.12146,1.12148,1.37,1.30
2017.06.14 19:06:35.675,1.12144,1.12147,1.00,1.87
2017.06.14 19:06:35.728,1.12142,1.12144,3.94,3.00
2017.06.14 19:06:35.882,1.1214,1.12144,2.25,3.00
2017.06.14 19:06:36.393,1.12139,1.12142,1.50,1.37
2017.06.14 19:06:38.533,1.1214,1.12143,1.00,3.37
2017.06.14 19:06:38.585,1.12137,1.12139,1.69,1.00
2017.06.14 19:06:38.896,1.12134,1.12137,1.12,1.37
2017.06.14 19:06:39.926,1.12135,1.12138,1.00,3.00
2017.06.14 19:06:40.237,1.12137,1.12138,1.10,4.50
2017.06.14 19:06:40.392,1.12134,1.12138,1.50,2.25
2017.06.14 19:06:40.755,1.12133,1.12135,1.12,1.37
2017.06.14 19:06:40.807,1.12131,1.12133,1.50,1.00
2017.06.14 19:06:40.859,1.1213,1.12135,2.77,5.44
2017.06.14 19:06:41.169,1.12134,1.12137,1.50,1.75
2017.06.14 19:06:41.479,1.12137,1.1214,1.12,1.12
2017.06.14 19:06:41.994,1.12138,1.12142,1.00,4.42
2017.06.14 19:06:42.046,1.12141,1.12143,1.50,10.24
2017.06.14 19:06:42.150,1.12143,1.12146,1.00,4.16
2017.06.14 19:06:42.253,1.12143,1.12144,1.00,1.00
2017.06.14 19:06:42.772,1.12146,1.12147,1.00,1.50
2017.06.14 19:06:42.878,1.12148,1.1215,1.10,2.70
2017.06.14 19:06:43.033,1.1215,1.12152,1.00,1.57
2017.06.14 19:06:43.601,1.1215,1.12152,1.00,1.50
2017.06.14 19:06:43.704,1.12152,1.12153,1.50,1.50
2017.06.14 19:06:44.199,1.12148,1.12152,1.12,1.50
2017.06.14 19:06:44.302,1.12147,1.12148,1.00,1.00
2017.06.14 19:06:44.405,1.12144,1.12148,1.12,1.00
2017.06.14 19:06:44.559,1.12146,1.12147,1.12,1.00
2017.06.14 19:06:44.714,1.12147,1.1215,1.00,1.00
2017.06.14 19:06:45.044,1.12143,1.12146,1.00,1.50
2017.06.14 19:06:45.563,1.12144,1.12146,1.00,1.00
2017.06.14 19:06:46.284,1.12145,1.12148,1.00,3.75
2017.06.14 19:06:46.594,1.12149,1.1215,1.00,1.12
2017.06.14 19:06:46.904,1.12149,1.12153,1.12,11.70
2017.06.14 19:06:46.957,1.12145,1.12148,1.12,1.87
2017.06.14 19:06:47.113,1.12144,1.12147,1.12,1.37
2017.06.14 19:06:47.370,1.12142,1.12145,1.00,1.69
2017.06.14 19:06:47.719,1.12138,1.12142,1.00,1.57
2017.06.14 19:06:48.232,1.12139,1.12142,1.00,1.37
2017.06.14 19:06:48.284,1.12137,1.12142,1.50,3.37
2017.06.14 19:06:48.433,1.12137,1.1214,1.00,1.87
2017.06.14 19:06:48.747,1.12132,1.12133,1.00,1.12
2017.06.14 19:06:48.953,1.12128,1.1213,4.12,2.47
2017.06.14 19:06:49.149,1.12126,1.12129,1.87,1.00
2017.06.14 19:06:49.612,1.12124,1.12127,1.00,1.00
2017.06.14 19:06:50.162,1.12124,1.12128,1.00,1.87
2017.06.14 19:06:50.520,1.12122,1.12128,3.37,5.61
2017.06.14 19:06:50.571,1.12123,1.12128,1.87,1.86
2017.06.14 19:06:50.733,1.12122,1.12128,4.20,4.49
2017.06.14 19:06:51.040,1.12122,1.12128,4.97,5.98
2017.06.14 19:06:51.564,1.12128,1.12129,1.00,4.50
2017.06.14 19:06:52.077,1.12127,1.12132,5.06,4.41
2017.06.14 19:06:52.291,1.12118,1.12119,1.25,2.24
2017.06.14 19:06:52.599,1.12119,1.12121,2.62,7.12
2017.06.14 19:06:52.650,1.12119,1.12123,1.50,13.50
2017.06.14 19:06:52.985,1.12118,1.12121,3.37,1.75
2017.06.14 19:06:53.088,1.12115,1.12118,3.00,1.40
2017.06.14 19:06:53.190,1.12114,1.12118,3.75,2.25
2017.06.14 19:06:53.701,1.12115,1.12118,1.00,1.42
2017.06.14 19:06:53.987,1.12112,1.12114,8.04,1.12
2017.06.14 19:06:54.295,1.12108,1.1211,1.60,3.45
2017.06.14 19:06:54.704,1.12106,1.12107,1.12,2.32
2017.06.14 19:06:55.219,1.12102,1.12105,1.12,13.95
2017.06.14 19:06:55.385,1.12097,1.12099,5.62,1.20
2017.06.14 19:06:55.488,1.121,1.12102,1.00,2.70
2017.06.14 19:06:55.849,1.12101,1.12103,4.45,1.57
2017.06.14 19:06:55.903,1.12105,1.12107,1.00,2.32
2017.06.14 19:06:56.421,1.12105,1.12106,1.00,1.00
2017.06.14 19:06:56.626,1.12103,1.12106,1.00,1.30
2017.06.14 19:06:56.730,1.12107,1.12108,1.50,6.97
2017.06.14 19:06:57.012,1.1211,1.12114,1.20,1.80
2017.06.14 19:06:57.323,1.1211,1.12112,1.69,1.00
2017.06.14 19:06:57.427,1.1211,1.12113,2.74,1.05
2017.06.14 19:06:57.947,1.12111,1.12113,1.00,1.12
2017.06.14 19:06:58.510,1.12112,1.12114,1.00,1.37
2017.06.14 19:06:58.613,1.12114,1.12115,1.00,1.12
2017.06.14 19:06:58.888,1.12111,1.12113,1.99,1.00
2017.06.14 19:06:59.094,1.12111,1.12114,1.87,1.12
2017.06.14 19:06:59.726,1.12109,1.1211,6.37,2.06
2017.06.14 19:06:59.778,1.12104,1.12105,1.50,1.00
2017.06.14 19:06:59.830,1.12102,1.12105,1.10,1.50
2017.06.14 19:06:59.883,1.12101,1.12103,1.95,1.12
2017.06.14 19:07:00.140,1.12099,1.12101,1.37,1.00
2017.06.14 19:07:00.346,1.12098,1.12101,1.00,1.37
2017.06.14 19:07:00.520,1.12096,1.12098,1.87,1.00
2017.06.14 19:07:00.725,1.12095,1.12097,1.12,1.12
2017.06.14 19:07:01.134,1.12095,1.121,1.95,4.12
2017.06.14 19:07:01.254,1.12095,1.12099,4.20,1.12
2017.06.14 19:07:01.410,1.12097,1.12102,2.02,1.87
2017.06.14 19:07:02.029,1.12096,1.121,3.45,1.00
2017.06.14 19:07:02.186,1.12097,1.12101,4.57,1.12
2017.06.14 19:07:02.598,1.12102,1.12104,1.50,3.75
2017.06.14 19:07:02.752,1.12102,1.12106,2.70,1.50
2017.06.14 19:07:03.013,1.12104,1.12108,2.77,1.87
2017.06.14 19:07:03.221,1.12104,1.12108,2.02,1.00
2017.06.14 19:07:03.784,1.12105,1.12108,1.50,1.00
2017.06.14 19:07:04.091,1.12104,1.12106,1.10,1.00
2017.06.14 19:07:04.295,1.12104,1.12108,4.95,1.87
2017.06.14 19:07:04.817,1.12104,1.12108,1.50,1.00
2017.06.14 19:07:05.339,1.12105,1.12109,4.27,1.12
2017.06.14 19:07:05.442,1.12108,1.1211,2.25,1.37
2017.06.14 19:07:05.807,1.12105,1.12107,1.20,1.00
2017.06.14 19:07:05.859,1.12103,1.12106,1.00,1.00
2017.06.14 19:07:06.373,1.12102,1.12106,2.62,1.12
2017.06.14 19:07:06.789,1.12098,1.12102,1.12,1.00
2017.06.14 19:07:06.843,1.121,1.12102,1.50,1.00
2017.06.14 19:07:06.894,1.12098,1.12102,1.87,1.00
2017.06.14 19:07:07.152,1.12099,1.12103,1.87,4.12
2017.06.14 19:07:07.677,1.12098,1.12102,1.12,1.00
2017.06.14 19:07:07.782,1.12101,1.12102,3.66,1.00
2017.06.14 19:07:07.886,1.12101,1.12103,5.72,1.00
2017.06.14 19:07:08.378,1.12101,1.12106,7.22,2.25
2017.06.14 19:07:08.929,1.12102,1.12106,2.25,3.75
2017.06.14 19:07:09.134,1.12107,1.12108,1.12,2.06
2017.06.14 19:07:09.237,1.12108,1.12112,2.62,1.87
2017.06.14 19:07:09.779,1.1211,1.12112,1.00,1.12
2017.06.14 19:07:10.307,1.12109,1.12112,1.00,1.50
2017.06.14 19:07:10.666,1.12107,1.1211,2.89,1.00
2017.06.14 19:07:10.871,1.12102,1.12107,6.19,3.00
2017.06.14 19:07:11.233,1.12101,1.12103,6.72,1.00
2017.06.14 19:07:11.432,1.12098,1.12102,1.37,1.00
2017.06.14 19:07:11.587,1.12095,1.12098,2.62,1.10
2017.06.14 19:07:11.691,1.12093,1.12098,8.32,3.67
2017.06.14 19:07:11.946,1.12096,1.12098,1.00,1.57
2017.06.14 19:07:11.998,1.12095,1.12099,1.50,2.47
2017.06.14 19:07:12.523,1.12094,1.12098,2.62,1.50
2017.06.14 19:07:12.575,1.12093,1.12095,4.80,2.85
2017.06.14 19:07:12.679,1.12092,1.12096,1.00,8.10
2017.06.14 19:07:12.783,1.1209,1.12094,1.09,1.72
2017.06.14 19:07:13.166,1.12088,1.12091,3.37,2.85
2017.06.14 19:07:13.378,1.1209,1.12094,2.25,3.60
2017.06.14 19:07:13.713,1.12093,1.12095,3.00,1.37
2017.06.14 19:07:13.895,1.12093,1.12097,3.00,4.72
2017.06.14 19:07:13.950,1.12091,1.12094,7.65,1.50
2017.06.14 19:07:14.003,1.12091,1.12094,1.00,2.47
2017.06.14 19:07:14.158,1.12089,1.12093,1.12,2.25
2017.06.14 19:07:14.314,1.12091,1.12093,1.50,1.12
2017.06.14 19:07:14.666,1.12095,1.12099,3.75,2.32
2017.06.14 19:07:14.976,1.121,1.12101,1.00,1.00
2017.06.14 19:07:15.079,1.12099,1.12102,2.25,1.00
2017.06.14 19:07:15.436,1.12097,1.121,2.70,1.00
2017.06.14 19:07:15.490,1.12095,1.12098,2.62,1.00
2017.06.14 19:07:15.989,1.12093,1.12097,1.00,1.00
2017.06.14 19:07:16.092,1.12091,1.12095,1.95,1.00
2017.06.14 19:07:16.428,1.12089,1.12092,1.50,2.25
2017.06.14 19:07:16.914,1.12091,1.12093,3.00,3.00
2017.06.14 19:07:17.017,1.1209,1.12093,1.50,1.12
2017.06.14 19:07:17.290,1.12088,1.12092,6.75,2.25
2017.06.14 19:07:17.904,1.12089,1.12092,1.50,2.25
2017.06.14 19:07:18.495,1.12089,1.12092,1.50,1.00
2017.06.14 19:07:18.806,1.12083,1.12085,1.50,1.00
2017.06.14 19:07:18.960,1.12081,1.12085,1.87,1.00
2017.06.14 19:07:19.373,1.12084,1.12086,1.00,1.50
2017.06.14 19:07:19.477,1.12085,1.12088,3.75,5.25
2017.06.14 19:07:19.529,1.12087,1.12089,1.00,4.12
2017.06.14 19:07:19.840,1.1208,1.12082,3.00,2.25
2017.06.14 19:07:19.996,1.12078,1.1208,1.00,1.00
2017.06.14 19:07:20.100,1.12077,1.12081,1.50,2.25
2017.06.14 19:07:20.423,1.1208,1.12081,1.35,1.00
2017.06.14 19:07:20.477,1.12084,1.12086,1.12,1.00
2017.06.14 19:07:20.580,1.12082,1.12086,1.31,1.00
2017.06.14 19:07:20.888,1.12085,1.12086,1.00,1.00
2017.06.14 19:07:20.940,1.12082,1.12086,4.39,1.00
2017.06.14 19:07:21.143,1.1208,1.12083,2.25,1.00
2017.06.14 19:07:21.503,1.1208,1.12083,1.00,1.75
2017.06.14 19:07:21.709,1.12085,1.12087,1.00,1.00
2017.06.14 19:07:22.203,1.12083,1.12086,1.00,1.87
2017.06.14 19:07:22.306,1.12079,1.12084,4.57,1.50
2017.06.14 19:07:22.583,1.12078,1.12081,2.58,1.00
2017.06.14 19:07:22.994,1.12077,1.12078,1.69,1.00
2017.06.14 19:07:23.047,1.12075,1.12079,2.62,1.12
2017.06.14 19:07:23.550,1.12077,1.1208,1.50,7.27
2017.06.14 19:07:23.859,1.12076,1.12078,1.00,5.47
2017.06.14 19:07:23.911,1.12073,1.12077,3.00,1.87
2017.06.14 19:07:24.299,1.12072,1.12076,1.50,6.22
2017.06.14 19:07:24.607,1.12076,1.12078,1.25,1.50
2017.06.14 19:07:24.907,1.12077,1.12083,2.62,6.56
2017.06.14 19:07:25.221,1.12075,1.12079,2.55,1.12
2017.06.14 19:07:25.625,1.12072,1.12077,4.24,1.00
2017.06.14 19:07:25.677,1.12074,1.12077,1.50,1.00
2017.06.14 19:07:25.782,1.12072,1.12077,5.69,1.50
2017.06.14 19:07:25.938,1.12071,1.12075,1.00,1.87
2017.06.14 19:07:26.246,1.12072,1.12076,3.37,1.00
2017.06.14 19:07:26.713,1.12076,1.12078,1.00,3.37
2017.06.14 19:07:27.021,1.1208,1.12083,1.00,1.00
2017.06.14 19:07:27.124,1.12078,1.12082,1.12,1.12
2017.06.14 19:07:27.491,1.1208,1.12082,1.00,1.12
2017.06.14 19:07:28.002,1.12081,1.12083,1.00,1.00
2017.06.14 19:07:28.519,1.1208,1.12081,1.00,1.12
2017.06.14 19:07:28.570,1.12078,1.12081,1.50,1.20
2017.06.14 19:07:28.776,1.1208,1.12082,1.50,1.50
2017.06.14 19:07:29.251,1.12082,1.12083,1.00,1.00
2017.06.14 19:07:29.303,1.12083,1.12084,1.00,3.00
2017.06.14 19:07:29.510,1.12081,1.12084,1.00,6.22
2017.06.14 19:07:29.614,1.12079,1.12084,5.25,7.22
2017.06.14 19:07:29.975,1.12083,1.12084,1.00,1.10
2017.06.14 19:07:30.152,1.12075,1.12079,1.87,10.61
2017.06.14 19:07:30.664,1.12075,1.12078,1.50,5.62
2017.06.14 19:07:31.204,1.12075,1.12079,1.50,2.05
2017.06.14 19:07:31.358,1.12077,1.12079,1.00,1.00
2017.06.14 19:07:31.410,1.12079,1.1208,2.25,1.87
2017.06.14 19:07:31.935,1.12081,1.12084,1.50,2.62
2017.06.14 19:07:31.988,1.12083,1.12084,2.62,1.12
2017.06.14 19:07:32.245,1.12091,1.12094,1.00,29.92
2017.06.14 19:07:32.401,1.12091,1.12094,1.00,6.97
2017.06.14 19:07:32.505,1.12089,1.12092,2.25,1.12
2017.06.14 19:07:32.653,1.12094,1.12095,1.00,2.25
2017.06.14 19:07:32.807,1.12099,1.121,1.12,1.12
2017.06.14 19:07:32.859,1.12101,1.12102,1.00,1.00
2017.06.14 19:07:33.013,1.12103,1.12104,1.00,1.50
2017.06.14 19:07:33.515,1.12103,1.12105,1.00,2.25
2017.06.14 19:07:33.824,1.12102,1.12104,1.50,2.25
2017.06.14 19:07:33.979,1.12103,1.12105,1.00,1.00
2017.06.14 19:07:34.031,1.12104,1.12107,1.00,5.92
2017.06.14 19:07:34.391,1.12106,1.12108,1.00,3.15
2017.06.14 19:07:34.597,1.12107,1.12111,6.75,4.50
2017.06.14 19:07:34.649,1.1211,1.12112,1.00,4.50
2017.06.14 19:07:35.175,1.1211,1.12111,1.00,4.50
2017.06.14 19:07:35.280,1.12108,1.12111,2.25,3.75
2017.06.14 19:07:35.436,1.12111,1.12113,1.00,3.15
2017.06.14 19:07:35.948,1.12111,1.12113,1.00,1.57
2017.06.14 19:07:36.092,1.12113,1.12114,2.62,1.00
2017.06.14 19:07:36.195,1.12116,1.12118,1.00,2.47
2017.06.14 19:07:36.710,1.12114,1.12115,1.12,3.75
2017.06.14 19:07:36.891,1.12111,1.12114,1.50,1.00
2017.06.14 19:07:37.405,1.12112,1.12114,1.00,1.00
2017.06.14 19:07:37.457,1.12112,1.12116,1.37,2.47
2017.06.14 19:07:37.509,1.12116,1.12117,2.25,1.00
2017.06.14 19:07:37.664,1.12123,1.12125,1.00,9.19
2017.06.14 19:07:37.837,1.1212,1.12124,1.50,1.50
2017.06.14 19:07:37.940,1.12124,1.12125,1.10,4.12
2017.06.14 19:07:37.993,1.12125,1.12127,2.55,1.00
2017.06.14 19:07:38.096,1.12129,1.12131,1.12,6.75
2017.06.14 19:07:38.199,1.12129,1.12132,1.12,19.87
2017.06.14 19:07:38.352,1.12131,1.12133,1.00,38.62
2017.06.14 19:07:38.620,1.12134,1.12137,1.00,1.00
2017.06.14 19:07:38.775,1.12133,1.12134,1.12,1.00
2017.06.14 19:07:39.034,1.12131,1.12134,1.00,3.56
2017.06.14 19:07:39.087,1.1213,1.12131,1.50,1.50
2017.06.14 19:07:39.140,1.12129,1.12131,1.00,4.50
2017.06.14 19:07:39.444,1.12127,1.12129,1.50,1.00
2017.06.14 19:07:39.700,1.12128,1.12131,1.00,1.12
2017.06.14 19:07:39.956,1.1213,1.12131,1.50,1.00
2017.06.14 19:07:40.443,1.12127,1.1213,1.00,1.00
2017.06.14 19:07:40.650,1.12124,1.12125,3.00,1.50
2017.06.14 19:07:40.758,1.12122,1.12124,1.87,1.87
2017.06.14 19:07:41.117,1.12123,1.12125,1.00,2.70
2017.06.14 19:07:41.622,1.12124,1.12127,4.50,3.75
2017.06.14 19:07:41.674,1.12126,1.12129,1.00,2.62
2017.06.14 19:07:41.780,1.12124,1.12125,2.25,2.25
2017.06.14 19:07:41.885,1.12125,1.12127,1.00,3.97
2017.06.14 19:07:42.491,1.12125,1.12127,1.00,3.37
2017.06.14 19:07:42.697,1.12123,1.12125,1.87,1.00
2017.06.14 19:07:42.750,1.12121,1.12124,2.62,1.00
2017.06.14 19:07:42.906,1.12123,1.12125,1.00,1.87
2017.06.14 19:07:43.341,1.12121,1.12123,4.12,2.62
2017.06.14 19:07:43.753,1.12119,1.12121,1.00,1.12
2017.06.14 19:07:44.257,1.12117,1.1212,1.00,4.35
2017.06.14 19:07:44.360,1.12116,1.12119,1.00,2.62
2017.06.14 19:07:44.814,1.12114,1.12116,1.12,1.12
2017.06.14 19:07:45.070,1.12111,1.12115,4.50,1.12
2017.06.14 19:07:45.327,1.12113,1.12115,1.00,1.12
2017.06.14 19:07:45.481,1.12116,1.12118,2.44,11.02
2017.06.14 19:07:45.533,1.12119,1.12121,1.00,18.19
2017.06.14 19:07:45.721,1.12118,1.12119,1.12,1.00
2017.06.14 19:07:45.876,1.1212,1.12122,1.00,1.72
2017.06.14 19:07:46.187,1.12123,1.12124,1.00,1.00
2017.06.14 19:07:46.239,1.12124,1.12126,1.00,3.00
2017.06.14 19:07:46.651,1.12121,1.12125,1.95,1.00
2017.06.14 19:07:47.169,1.12121,1.12124,1.00,1.12
2017.06.14 19:07:47.323,1.12123,1.12126,1.37,1.87
2017.06.14 19:07:47.683,1.12126,1.12127,1.00,1.50
2017.06.14 19:07:47.891,1.1213,1.12132,1.00,1.95
2017.06.14 19:07:48.151,1.12133,1.12134,1.00,1.00
2017.06.14 19:07:48.317,1.12134,1.12138,1.87,1.12
2017.06.14 19:07:48.369,1.12139,1.12141,1.00,8.62
2017.06.14 19:07:48.472,1.12136,1.12138,1.50,1.50
2017.06.14 19:07:48.575,1.12139,1.1214,1.00,1.12
2017.06.14 19:07:48.883,1.1214,1.12142,1.00,1.87
2017.06.14 19:07:49.141,1.12145,1.12149,1.37,1.00
2017.06.14 19:07:49.193,1.12145,1.12146,1.00,4.12
2017.06.14 19:07:49.296,1.12143,1.12146,1.00,1.50
2017.06.14 19:07:49.399,1.12142,1.12144,3.37,5.62
2017.06.14 19:07:49.926,1.12142,1.12145,2.62,1.75
2017.06.14 19:07:50.271,1.12144,1.12146,1.00,2.62
2017.06.14 19:07:50.578,1.12141,1.12142,2.62,1.00
2017.06.14 19:07:51.065,1.12141,1.12144,4.12,1.12
2017.06.14 19:07:51.945,1.12136,1.12138,1.37,1.00
2017.06.14 19:07:52.049,1.12134,1.12135,9.37,1.00
2017.06.14 19:07:52.203,1.12132,1.12134,1.00,2.62
2017.06.14 19:07:52.256,1.12131,1.12133,1.00,1.00
2017.06.14 19:07:52.308,1.1213,1.12133,1.00,1.37
2017.06.14 19:07:52.575,1.12132,1.12134,1.00,1.50
2017.06.14 19:07:52.885,1.12134,1.12135,1.00,1.00
2017.06.14 19:07:53.494,1.12131,1.12134,2.25,1.00
2017.06.14 19:07:53.598,1.12131,1.12133,1.00,1.50
2017.06.14 19:07:53.907,1.1213,1.12131,1.00,1.00
2017.06.14 19:07:54.433,1.12129,1.12131,1.50,1.50
2017.06.14 19:07:54.741,1.12125,1.12126,1.50,1.00
2017.06.14 19:07:54.896,1.12124,1.12127,1.00,3.37
2017.06.14 19:07:55.153,1.12124,1.12126,1.50,1.50
2017.06.14 19:07:55.421,1.12122,1.12126,1.00,1.87
2017.06.14 19:07:55.524,1.12124,1.12126,1.00,1.00
2017.06.14 19:07:55.835,1.12122,1.12125,1.87,1.50
2017.06.14 19:07:55.887,1.12122,1.12123,1.00,1.50
2017.06.14 19:07:56.236,1.12129,1.12131,1.00,1.20
2017.06.14 19:07:56.593,1.1213,1.12132,8.25,4.49
2017.06.14 19:07:56.645,1.12135,1.12137,1.00,1.76
2017.06.14 19:07:57.177,1.12134,1.12137,1.50,1.85
2017.06.14 19:07:57.385,1.12129,1.12134,1.12,4.87
2017.06.14 19:07:57.735,1.12131,1.12134,2.25,1.00
2017.06.14 19:07:58.042,1.12133,1.12136,1.50,1.37
2017.06.14 19:07:58.524,1.12132,1.12133,1.00,1.00
2017.06.14 19:07:58.747,1.1213,1.12133,1.00,2.59
2017.06.14 19:07:58.902,1.12131,1.12133,2.22,3.37
2017.06.14 19:07:59.005,1.12131,1.12134,1.50,1.12
2017.06.14 19:07:59.312,1.12131,1.12133,1.00,5.47
2017.06.14 19:08:00.182,1.1213,1.12132,1.50,2.92
2017.06.14 19:08:00.822,1.12131,1.12133,7.12,4.67
2017.06.14 19:08:01.294,1.12133,1.12135,1.50,2.51
2017.06.14 19:08:01.346,1.12134,1.12136,1.00,1.50
2017.06.14 19:08:01.398,1.12135,1.12137,1.00,1.50
2017.06.14 19:08:01.613,1.12133,1.12137,1.00,3.30
2017.06.14 19:08:01.823,1.12132,1.12134,1.00,1.00
2017.06.14 19:08:02.137,1.12129,1.12132,1.00,1.80
2017.06.14 19:08:02.461,1.12127,1.12131,1.00,4.05
2017.06.14 19:08:02.616,1.1213,1.12131,1.00,1.00
2017.06.14 19:08:02.823,1.12125,1.12126,4.87,1.00
2017.06.14 19:08:02.928,1.12123,1.12126,2.25,1.67
2017.06.14 19:08:03.558,1.12121,1.12125,1.12,1.42
2017.06.14 19:08:03.938,1.12122,1.12126,1.60,1.67
2017.06.14 19:08:04.041,1.12122,1.12126,1.12,2.92
2017.06.14 19:08:04.231,1.12124,1.12127,1.00,3.00
2017.06.14 19:08:05.011,1.12122,1.12123,1.00,1.00
2017.06.14 19:08:05.159,1.12121,1.12122,1.12,1.87
2017.06.14 19:08:05.622,1.12118,1.12122,2.25,3.00
2017.06.14 19:08:05.725,1.1212,1.12121,1.00,1.70
2017.06.14 19:08:06.276,1.12119,1.12121,1.12,1.70
2017.06.14 19:08:06.932,1.1212,1.12121,1.00,2.45
2017.06.14 19:08:07.446,1.12117,1.12121,4.87,1.70
2017.06.14 19:08:07.986,1.12118,1.12122,4.12,1.70
2017.06.14 19:08:08.089,1.12123,1.12126,2.25,7.87
2017.06.14 19:08:08.192,1.12125,1.12126,1.87,1.00
2017.06.14 19:08:08.399,1.12125,1.12128,1.37,1.12
2017.06.14 19:08:08.450,1.12124,1.12128,2.62,1.12
2017.06.14 19:08:08.690,1.12125,1.12129,1.50,1.50
2017.06.14 19:08:08.999,1.12128,1.1213,1.50,1.00
2017.06.14 19:08:09.050,1.12128,1.12132,5.25,1.00
2017.06.14 19:08:09.357,1.12132,1.12135,3.45,1.00
2017.06.14 19:08:09.717,1.12135,1.12137,1.12,1.12
2017.06.14 19:08:10.260,1.12135,1.12138,3.37,1.00
2017.06.14 19:08:10.650,1.12137,1.12141,2.25,3.00
2017.06.14 19:08:11.201,1.12135,1.12141,3.75,3.00
2017.06.14 19:08:11.303,1.12133,1.12138,3.75,1.50
2017.06.14 19:08:12.414,1.12133,1.12136,3.75,1.12
2017.06.14 19:08:12.517,1.1213,1.12134,2.32,1.87
2017.06.14 19:08:12.722,1.12129,1.12133,1.50,3.75
2017.06.14 19:08:13.109,1.12131,1.12133,1.00,2.25
2017.06.14 19:08:13.487,1.12133,1.12135,2.25,1.00
2017.06.14 19:08:13.592,1.12132,1.12136,1.87,2.25
2017.06.14 19:08:14.114,1.12134,1.12137,1.00,1.50
2017.06.14 19:08:15.102,1.12132,1.12135,2.25,1.00
2017.06.14 19:08:15.562,1.1213,1.12134,1.20,1.50
2017.06.14 19:08:15.613,1.1213,1.12131,1.50,1.50
2017.06.14 19:08:15.946,1.12122,1.12125,1.00,4.50
2017.06.14 19:08:16.152,1.1212,1.12125,4.27,7.50
2017.06.14 19:08:16.410,1.12118,1.12121,2.40,1.00
2017.06.14 19:08:16.514,1.12118,1.12121,2.25,2.32
2017.06.14 19:08:16.566,1.12121,1.12123,2.50,3.00
2017.06.14 19:08:16.733,1.12122,1.12124,2.91,1.12
2017.06.14 19:08:17.471,1.12123,1.12124,1.00,1.00
2017.06.14 19:08:18.086,1.12122,1.12124,1.00,1.00
2017.06.14 19:08:18.303,1.1212,1.12122,3.00,3.07
2017.06.14 19:08:18.458,1.12118,1.12121,1.50,1.20
2017.06.14 19:08:18.714,1.12117,1.12119,1.50,1.10
2017.06.14 19:08:19.485,1.12116,1.12118,1.20,1.10
2017.06.14 19:08:19.990,1.12114,1.12117,1.39,1.95
2017.06.14 19:08:20.366,1.12113,1.12117,2.32,2.32
2017.06.14 19:08:20.418,1.12112,1.12114,1.87,2.32
2017.06.14 19:08:20.469,1.12111,1.12113,1.50,1.00
2017.06.14 19:08:20.573,1.12108,1.12111,2.62,4.20
2017.06.14 19:08:20.677,1.12108,1.12111,3.97,1.12
2017.06.14 19:08:20.729,1.12112,1.12113,1.50,1.50
2017.06.14 19:08:20.781,1.12113,1.12115,1.00,2.25
2017.06.14 19:08:20.986,1.12114,1.12117,1.12,1.57
2017.06.14 19:08:21.511,1.12113,1.12116,4.20,1.00
2017.06.14 19:08:22.209,1.12116,1.12118,2.25,3.07
2017.06.14 19:08:22.370,1.12117,1.12121,9.75,4.20
2017.06.14 19:08:23.101,1.12117,1.1212,10.87,1.20
2017.06.14 19:08:23.642,1.12117,1.12119,1.87,1.12
2017.06.14 19:08:24.353,1.12114,1.12118,2.62,1.50
2017.06.14 19:08:24.591,1.12116,1.12119,2.32,4.20
2017.06.14 19:08:25.000,1.12113,1.12117,2.02,5.32
2017.06.14 19:08:25.102,1.12113,1.12115,2.02,1.12
2017.06.14 19:08:25.357,1.12112,1.12117,1.65,11.40
2017.06.14 19:08:25.408,1.12112,1.12114,1.65,3.82
2017.06.14 19:08:25.617,1.12111,1.12114,1.00,3.37
2017.06.14 19:08:25.720,1.12112,1.12116,2.62,2.62
2017.06.14 19:08:25.772,1.12113,1.12116,1.12,1.12
2017.06.14 19:08:25.823,1.12112,1.12113,1.12,1.87
2017.06.14 19:08:25.875,1.12111,1.12113,1.50,1.12
2017.06.14 19:08:26.080,1.12108,1.12112,1.37,2.32
2017.06.14 19:08:26.598,1.12108,1.12111,1.57,3.45
2017.06.14 19:08:26.888,1.12108,1.12109,1.20,1.20
2017.06.14 19:08:26.992,1.12106,1.12108,1.87,1.20
2017.06.14 19:08:27.249,1.12108,1.12109,1.87,1.12
2017.06.14 19:08:27.300,1.12109,1.1211,1.00,3.82
2017.06.14 19:08:27.827,1.12109,1.12111,1.00,1.00
2017.06.14 19:08:27.932,1.12108,1.12109,1.12,1.12
2017.06.14 19:08:28.035,1.12105,1.12108,1.72,1.12
2017.06.14 19:08:28.554,1.12108,1.12109,1.12,2.25
2017.06.14 19:08:28.667,1.12114,1.12117,1.50,1.12
2017.06.14 19:08:28.771,1.12115,1.12117,1.87,1.20
2017.06.14 19:08:28.875,1.12116,1.12119,2.62,1.57
2017.06.14 19:08:29.085,1.12117,1.1212,1.87,1.95
2017.06.14 19:08:29.405,1.12114,1.12116,1.00,1.20
2017.06.14 19:08:29.661,1.1211,1.12114,3.00,1.50
2017.06.14 19:08:30.184,1.12112,1.12116,1.00,4.95
2017.06.14 19:08:30.440,1.12111,1.12113,1.87,1.12
2017.06.14 19:08:30.543,1.12109,1.12113,1.12,1.87
2017.06.14 19:08:30.594,1.12108,1.12109,1.12,1.12
2017.06.14 19:08:30.646,1.12107,1.12108,1.00,1.87
2017.06.14 19:08:30.750,1.12109,1.12112,1.00,3.37
2017.06.14 19:08:30.801,1.12109,1.12112,1.00,4.12
2017.06.14 19:08:30.973,1.1211,1.12112,1.00,1.12
2017.06.14 19:08:31.077,1.12111,1.12114,1.00,1.00
2017.06.14 19:08:31.589,1.12112,1.12115,2.25,1.12
2017.06.14 19:08:32.098,1.12113,1.12117,4.50,1.50
2017.06.14 19:08:32.202,1.12113,1.12119,4.35,2.32
2017.06.14 19:08:32.356,1.12113,1.12116,1.50,1.00
2017.06.14 19:08:32.511,1.1211,1.12115,3.37,1.00
2017.06.14 19:08:32.563,1.1211,1.12112,1.00,1.10
2017.06.14 19:08:32.881,1.12103,1.12109,4.69,1.09
2017.06.14 19:08:32.932,1.12104,1.1211,1.25,3.71
2017.06.14 19:08:32.984,1.12104,1.12106,1.61,1.00
2017.06.14 19:08:33.495,1.12104,1.12107,3.00,1.00
2017.06.14 19:08:34.172,1.12105,1.12107,1.00,1.00
2017.06.14 19:08:34.223,1.12106,1.12109,1.00,1.00
2017.06.14 19:08:34.428,1.12107,1.12112,2.25,2.62
2017.06.14 19:08:35.081,1.12108,1.12112,1.57,1.12
2017.06.14 19:08:35.388,1.12106,1.12111,3.67,2.25
2017.06.14 19:08:35.594,1.12108,1.12112,2.25,3.75
2017.06.14 19:08:35.801,1.12111,1.12112,3.07,3.00
2017.06.14 19:08:35.955,1.12113,1.12116,1.00,1.37
2017.06.14 19:08:36.210,1.1211,1.12115,2.44,1.50
2017.06.14 19:08:36.313,1.1211,1.12111,2.44,1.10
2017.06.14 19:08:36.416,1.12107,1.12111,3.67,1.12
2017.06.14 19:08:36.469,1.12107,1.1211,2.25,1.00
2017.06.14 19:08:36.916,1.12108,1.12112,1.12,1.50
2017.06.14 19:08:37.488,1.12107,1.12108,1.00,1.50
2017.06.14 19:08:37.642,1.12104,1.12108,1.75,1.20
2017.06.14 19:08:37.694,1.12104,1.12108,1.00,2.70
2017.06.14 19:08:37.849,1.12103,1.12105,1.57,1.00
2017.06.14 19:08:38.332,1.12102,1.12104,1.87,1.00
2017.06.14 19:08:38.436,1.12101,1.12104,1.57,1.72
2017.06.14 19:08:38.488,1.12103,1.12104,1.00,1.00
2017.06.14 19:08:39.026,1.12103,1.12105,1.50,1.00
2017.06.14 19:08:39.336,1.12108,1.12109,1.10,1.00
2017.06.14 19:08:39.389,1.12107,1.12112,4.87,4.87
2017.06.14 19:08:39.493,1.12111,1.12112,2.25,2.70
2017.06.14 19:08:40.021,1.12109,1.12112,1.87,1.00
2017.06.14 19:08:41.313,1.12112,1.12115,3.75,1.50
2017.06.14 19:08:41.416,1.12114,1.12118,1.50,1.12
2017.06.14 19:08:41.519,1.12117,1.12119,1.12,1.37
2017.06.14 19:08:41.570,1.12117,1.12122,2.62,1.87
2017.06.14 19:08:42.119,1.12116,1.1212,5.72,1.00
2017.06.14 19:08:42.632,1.12116,1.12119,1.00,1.00
2017.06.14 19:08:42.837,1.12116,1.12121,7.97,1.00
2017.06.14 19:08:42.939,1.12117,1.12121,2.62,1.00
2017.06.14 19:08:43.404,1.12123,1.12124,1.00,1.00
2017.06.14 19:08:43.508,1.12123,1.12125,1.00,1.50
2017.06.14 19:08:44.031,1.12123,1.12126,1.00,1.00
2017.06.14 19:08:44.438,1.12123,1.12124,1.00,1.00
2017.06.14 19:08:45.054,1.1212,1.12123,1.12,1.12
2017.06.14 19:08:45.574,1.1212,1.12123,1.50,1.12
2017.06.14 19:08:46.083,1.1212,1.12122,2.25,1.00
2017.06.14 19:08:46.903,1.1212,1.12124,1.50,3.00
2017.06.14 19:08:47.057,1.12122,1.12124,2.25,1.00
2017.06.14 19:08:47.375,1.12121,1.12123,2.62,1.00
2017.06.14 19:08:47.585,1.12121,1.12125,1.50,1.00
2017.06.14 19:08:48.104,1.12123,1.12126,1.00,1.50
2017.06.14 19:08:48.652,1.12123,1.12125,1.00,1.10
2017.06.14 19:08:49.745,1.12123,1.12127,1.00,6.30
2017.06.14 19:08:49.797,1.12119,1.12121,1.20,1.00
2017.06.14 19:08:49.952,1.12116,1.1212,4.88,1.00
2017.06.14 19:08:50.006,1.12117,1.12121,1.87,2.25
2017.06.14 19:08:50.161,1.12119,1.12123,7.57,1.37
2017.06.14 19:08:50.213,1.12121,1.12123,1.00,1.00
2017.06.14 19:08:50.419,1.12122,1.12125,3.00,1.00
2017.06.14 19:08:50.660,1.12122,1.12123,1.00,1.00
2017.06.14 19:08:50.865,1.1212,1.12122,2.62,1.00
2017.06.14 19:08:51.379,1.12119,1.12122,1.50,2.25
2017.06.14 19:08:51.865,1.12119,1.1212,1.00,1.00
2017.06.14 19:08:52.018,1.12118,1.12122,10.20,2.25
2017.06.14 19:08:52.120,1.12121,1.12123,1.12,1.37
2017.06.14 19:08:52.223,1.12121,1.12124,1.87,1.50
2017.06.14 19:08:52.750,1.12122,1.12123,1.00,1.00
2017.06.14 19:08:53.261,1.1212,1.12122,5.25,1.00
2017.06.14 19:08:53.414,1.12122,1.12126,4.20,1.37
2017.06.14 19:08:53.466,1.12122,1.12127,3.07,1.00
2017.06.14 19:08:53.518,1.12125,1.12128,3.00,1.50
2017.06.14 19:08:53.875,1.12123,1.12126,1.37,1.00
2017.06.14 19:08:54.085,1.12126,1.1213,3.75,1.12
2017.06.14 19:08:54.240,1.12126,1.12127,1.50,1.00
2017.06.14 19:08:54.343,1.12127,1.12129,5.70,1.69
2017.06.14 19:08:54.893,1.12128,1.1213,1.87,1.00
2017.06.14 19:08:55.625,1.12129,1.12133,1.50,1.87
2017.06.14 19:08:55.779,1.12131,1.12132,1.00,1.00
2017.06.14 19:08:56.113,1.12128,1.12132,3.37,1.87
2017.06.14 19:08:56.420,1.12128,1.1213,1.87,1.00
2017.06.14 19:08:56.574,1.12127,1.1213,1.10,1.00
2017.06.14 19:08:56.933,1.12127,1.1213,2.32,1.00
2017.06.14 19:08:57.273,1.12122,1.12127,11.62,1.00
2017.06.14 19:08:57.325,1.12122,1.12126,8.62,1.12
2017.06.14 19:08:57.429,1.12122,1.12124,1.87,1.00
2017.06.14 19:08:57.482,1.12122,1.12126,1.95,1.12
2017.06.14 19:08:57.994,1.12122,1.12124,1.00,1.00
2017.06.14 19:08:58.442,1.12123,1.12125,2.62,1.00
2017.06.14 19:08:58.698,1.12125,1.12126,1.00,1.00
2017.06.14 19:08:58.749,1.12123,1.12126,1.50,1.12
2017.06.14 19:08:59.638,1.12122,1.12126,1.00,1.12
2017.06.14 19:09:00.316,1.12121,1.12124,5.62,1.00
2017.06.14 19:09:00.865,1.12123,1.12126,1.50,1.87
2017.06.14 19:09:00.917,1.12123,1.12126,1.50,1.87
2017.06.14 19:09:01.123,1.12124,1.12126,2.62,1.00
2017.06.14 19:09:01.381,1.1212,1.12123,1.12,1.50
2017.06.14 19:09:01.577,1.1212,1.12121,1.00,1.00
2017.06.14 19:09:01.681,1.12115,1.1212,4.95,3.75
2017.06.14 19:09:02.435,1.12117,1.1212,2.25,1.50
2017.06.14 19:09:02.968,1.12116,1.12119,2.62,1.00
2017.06.14 19:09:03.507,1.12116,1.1212,1.87,1.00
2017.06.14 19:09:03.917,1.12116,1.12118,1.50,1.00
2017.06.14 19:09:04.243,1.12112,1.12116,4.20,1.12
2017.06.14 19:09:05.378,1.12112,1.12115,1.50,1.00
2017.06.14 19:09:05.898,1.12112,1.12116,1.87,1.00
2017.06.14 19:09:05.951,1.12112,1.12116,1.87,1.00
2017.06.14 19:09:06.170,1.12112,1.12115,2.32,1.00
2017.06.14 19:09:07.804,1.12111,1.12114,3.00,1.00
2017.06.14 19:09:07.907,1.1211,1.12114,2.85,1.87
2017.06.14 19:09:08.389,1.12112,1.12115,1.00,1.50
2017.06.14 19:09:08.908,1.12113,1.12115,1.50,1.00
2017.06.14 19:09:09.420,1.12113,1.12116,1.12,1.12
2017.06.14 19:09:09.928,1.12112,1.12117,5.32,1.12
2017.06.14 19:09:10.248,1.1212,1.12122,1.00,1.87
2017.06.14 19:09:10.613,1.12122,1.12124,1.00,1.12
2017.06.14 19:09:11.456,1.12121,1.12124,1.00,1.31
2017.06.14 19:09:12.004,1.1212,1.12123,1.12,1.12
2017.06.14 19:09:14.091,1.12121,1.12123,1.37,1.00
2017.06.14 19:09:14.143,1.12124,1.12128,1.10,2.25
2017.06.14 19:09:14.657,1.12125,1.12129,1.00,3.56
2017.06.14 19:09:14.978,1.12127,1.12129,4.87,1.12
2017.06.14 19:09:15.199,1.12132,1.12134,2.32,1.50
2017.06.14 19:09:15.253,1.12132,1.12135,1.57,1.50
2017.06.14 19:09:15.562,1.12134,1.12137,1.00,1.87
2017.06.14 19:09:16.329,1.12134,1.12136,1.95,1.00
2017.06.14 19:09:16.790,1.12137,1.12138,1.20,2.62
2017.06.14 19:09:17.098,1.1214,1.12142,2.25,2.25
2017.06.14 19:09:17.287,1.12138,1.12142,1.87,1.12
2017.06.14 19:09:17.491,1.12137,1.1214,1.00,2.62
2017.06.14 19:09:17.696,1.12133,1.12139,1.12,6.97
2017.06.14 19:09:18.229,1.12134,1.12138,1.00,1.50
2017.06.14 19:09:19.543,1.12136,1.12138,10.11,1.12
2017.06.14 19:09:19.597,1.1214,1.12143,1.20,1.00
2017.06.14 19:09:19.749,1.12141,1.12143,3.75,1.00
2017.06.14 19:09:19.853,1.12144,1.12148,1.12,2.25
2017.06.14 19:09:20.163,1.12147,1.12149,1.00,3.37
2017.06.14 19:09:20.371,1.12149,1.12152,1.00,1.87
2017.06.14 19:09:20.423,1.12148,1.12149,1.00,1.00
2017.06.14 19:09:20.475,1.12147,1.12149,1.00,1.00
2017.06.14 19:09:21.004,1.12147,1.12149,1.50,1.00
2017.06.14 19:09:21.055,1.12147,1.12152,1.50,3.75
2017.06.14 19:09:21.515,1.12146,1.1215,1.75,1.00
2017.06.14 19:09:22.186,1.12148,1.12152,1.20,1.20
2017.06.14 19:09:22.701,1.12146,1.12151,2.62,1.50
2017.06.14 19:09:23.225,1.12147,1.1215,1.00,1.00
2017.06.14 19:09:23.762,1.12147,1.12149,1.00,1.00
2017.06.14 19:09:24.270,1.12145,1.1215,5.70,1.00
2017.06.14 19:09:24.629,1.12146,1.12148,1.50,1.50
2017.06.14 19:09:24.783,1.12142,1.12146,1.87,1.00
2017.06.14 19:09:24.835,1.12144,1.12148,2.62,4.12
2017.06.14 19:09:25.141,1.12142,1.12147,4.20,1.00
2017.06.14 19:09:25.193,1.12143,1.12147,1.00,1.00
2017.06.14 19:09:25.244,1.12143,1.12145,1.00,1.00
2017.06.14 19:09:25.603,1.12144,1.12147,1.12,1.00
2017.06.14 19:09:25.655,1.12144,1.12149,3.75,1.50
2017.06.14 19:09:25.809,1.12147,1.12149,1.12,1.50
2017.06.14 19:09:25.958,1.12147,1.12151,1.87,1.12
2017.06.14 19:09:26.319,1.12147,1.12149,3.37,1.00
2017.06.14 19:09:26.375,1.12145,1.12147,1.50,1.00
2017.06.14 19:09:26.479,1.12143,1.12147,4.50,1.00
2017.06.14 19:09:27.013,1.12143,1.12146,2.25,1.00
2017.06.14 19:09:27.705,1.12143,1.12147,1.00,1.00
2017.06.14 19:09:28.211,1.12144,1.12147,1.10,1.00
2017.06.14 19:09:28.313,1.12146,1.12148,1.00,1.00
2017.06.14 19:09:28.825,1.12144,1.12149,3.82,1.00
2017.06.14 19:09:29.190,1.12144,1.12147,1.00,3.00
2017.06.14 19:09:29.395,1.12139,1.12143,2.25,1.95
2017.06.14 19:09:29.651,1.1214,1.12143,1.50,1.50
2017.06.14 19:09:29.959,1.12143,1.12145,1.87,1.00
2017.06.14 19:09:30.286,1.12145,1.12147,1.00,1.12
2017.06.14 19:09:30.338,1.12142,1.12145,1.47,1.00
2017.06.14 19:09:30.867,1.12142,1.12145,1.00,2.62
2017.06.14 19:09:31.180,1.1214,1.12143,1.00,1.87
2017.06.14 19:09:31.488,1.12139,1.12141,1.00,1.00
2017.06.14 19:09:31.794,1.1214,1.12143,1.00,3.00
2017.06.14 19:09:31.846,1.12139,1.12142,3.00,1.00
2017.06.14 19:09:31.899,1.12141,1.12143,1.00,1.50
2017.06.14 19:09:32.003,1.12139,1.12144,3.07,3.75
2017.06.14 19:09:32.168,1.12144,1.12145,1.20,1.00
2017.06.14 19:09:32.220,1.12145,1.12146,1.10,1.00
2017.06.14 19:09:32.774,1.12145,1.12147,1.07,1.10
2017.06.14 19:09:32.980,1.12143,1.12147,1.57,1.10
2017.06.14 19:09:33.365,1.12145,1.12147,1.07,1.00
2017.06.14 19:09:33.674,1.12147,1.12149,1.07,2.62
2017.06.14 19:09:34.076,1.12146,1.12148,1.10,2.62
2017.06.14 19:09:34.383,1.12144,1.12147,1.57,3.75
2017.06.14 19:09:34.537,1.12144,1.12147,1.20,3.37
2017.06.14 19:09:34.589,1.12142,1.12145,1.00,1.00
2017.06.14 19:09:35.101,1.12142,1.12146,1.00,4.12
2017.06.14 19:09:35.858,1.12142,1.12146,2.77,1.50
2017.06.14 19:09:36.369,1.12142,1.12145,1.37,1.00
2017.06.14 19:09:36.528,1.12141,1.12146,1.00,5.62
2017.06.14 19:09:36.733,1.1214,1.12143,2.25,1.50
2017.06.14 19:09:36.989,1.12141,1.12145,1.50,1.87
2017.06.14 19:09:37.244,1.12143,1.12146,1.00,1.20
2017.06.14 19:09:37.923,1.12143,1.12146,1.00,2.92
2017.06.14 19:09:38.465,1.12142,1.12146,1.12,6.75
2017.06.14 19:09:38.978,1.12143,1.12146,1.00,1.12
2017.06.14 19:09:39.515,1.12141,1.12146,6.45,3.37
2017.06.14 19:09:40.097,1.12141,1.12146,2.70,4.80
2017.06.14 19:09:41.725,1.12142,1.12146,1.50,3.00
2017.06.14 19:09:42.856,1.12143,1.12146,1.00,3.75
2017.06.14 19:09:44.502,1.12142,1.12146,4.12,1.50
2017.06.14 19:09:44.811,1.12138,1.12141,1.87,5.62
2017.06.14 19:09:44.863,1.12137,1.12141,6.39,3.00
2017.06.14 19:09:45.412,1.12138,1.12141,1.00,1.00
2017.06.14 19:09:45.921,1.12138,1.12142,1.00,1.57
2017.06.14 19:09:46.579,1.12141,1.12142,2.25,1.87
2017.06.14 19:09:46.682,1.12142,1.12145,1.00,2.70
2017.06.14 19:09:46.733,1.12141,1.12144,4.50,1.37
2017.06.14 19:09:47.042,1.12133,1.12137,1.87,1.57
2017.06.14 19:09:47.581,1.12133,1.12137,1.12,1.07
2017.06.14 19:09:48.093,1.12132,1.12137,5.62,2.25
2017.06.14 19:09:48.248,1.12131,1.12137,6.00,3.45
2017.06.14 19:09:48.607,1.12131,1.12134,3.37,1.00
2017.06.14 19:09:48.914,1.1213,1.12132,1.12,1.00
2017.06.14 19:09:49.221,1.12132,1.12135,3.94,1.47
2017.06.14 19:09:49.273,1.12133,1.12135,1.00,1.00
2017.06.14 19:09:49.375,1.12133,1.12137,1.12,1.87
2017.06.14 19:09:49.985,1.12137,1.12138,2.92,1.87
2017.06.14 19:09:50.244,1.12153,1.12155,1.00,11.06
2017.06.14 19:09:50.349,1.12156,1.12158,1.37,1.00
2017.06.14 19:09:50.588,1.12163,1.12164,5.47,1.12
2017.06.14 19:09:50.640,1.12165,1.12167,4.87,1.19
2017.06.14 19:09:50.692,1.12165,1.12168,1.12,3.00
2017.06.14 19:09:50.795,1.12164,1.12166,1.87,1.00
2017.06.14 19:09:50.847,1.12164,1.12167,1.00,2.62
2017.06.14 19:09:51.101,1.12164,1.12166,1.12,2.25
2017.06.14 19:09:51.161,1.12164,1.12168,2.25,1.87
2017.06.14 19:09:51.468,1.12166,1.12169,1.72,1.00
2017.06.14 19:09:51.571,1.12169,1.12172,1.50,1.37
2017.06.14 19:09:52.116,1.12167,1.12172,3.37,3.00
2017.06.14 19:09:52.221,1.12167,1.1217,3.30,1.00
2017.06.14 19:09:52.766,1.12168,1.12171,1.00,1.00
2017.06.14 19:09:52.819,1.12169,1.12173,1.12,1.80
2017.06.14 19:09:53.128,1.12172,1.12175,1.00,2.55
2017.06.14 19:09:53.434,1.12175,1.12179,1.87,1.37
2017.06.14 19:09:53.793,1.12175,1.12176,1.12,1.00
2017.06.14 19:09:53.845,1.12173,1.12174,1.00,1.00
2017.06.14 19:09:53.897,1.12168,1.12169,1.50,1.12
2017.06.14 19:09:54.051,1.12166,1.12169,1.00,1.87
2017.06.14 19:09:54.278,1.12164,1.12166,1.00,2.25
2017.06.14 19:09:54.588,1.12157,1.1216,1.50,1.00
2017.06.14 19:09:54.844,1.12158,1.12162,1.00,1.12
2017.06.14 19:09:55.043,1.12159,1.12163,1.37,1.12
2017.06.14 19:09:55.405,1.12161,1.12165,1.12,1.12
2017.06.14 19:09:55.866,1.1216,1.12163,1.00,1.00
2017.06.14 19:09:56.218,1.12162,1.12163,3.75,1.50
2017.06.14 19:09:56.271,1.12162,1.12165,2.25,1.12
2017.06.14 19:09:56.425,1.12161,1.12164,1.50,3.00
2017.06.14 19:09:56.579,1.12159,1.12163,1.00,1.50
2017.06.14 19:09:57.080,1.12158,1.12162,1.50,1.00
2017.06.14 19:09:57.321,1.12161,1.12163,1.00,1.00
2017.06.14 19:09:57.426,1.12164,1.12167,7.20,4.87
2017.06.14 19:09:57.478,1.12167,1.12169,1.00,3.00
2017.06.14 19:09:57.809,1.12169,1.12172,3.00,1.50
2017.06.14 19:09:57.915,1.12164,1.12169,6.00,4.50
2017.06.14 19:09:57.967,1.12164,1.12168,1.75,2.25
2017.06.14 19:09:58.275,1.12158,1.12159,1.00,1.12
2017.06.14 19:09:58.327,1.12155,1.12157,9.37,1.00
2017.06.14 19:09:58.379,1.12148,1.12149,3.56,1.00
2017.06.14 19:09:58.555,1.12146,1.12149,3.37,3.37
2017.06.14 19:09:58.608,1.12144,1.12148,1.87,2.25
2017.06.14 19:09:59.120,1.12143,1.12147,2.25,1.00
2017.06.14 19:09:59.685,1.12143,1.12148,1.50,1.95
2017.06.14 19:10:00.134,1.12148,1.12149,1.50,1.50
2017.06.14 19:10:00.237,1.1215,1.12152,1.12,7.87
2017.06.14 19:10:00.341,1.12151,1.12154,2.25,1.00
2017.06.14 19:10:00.444,1.12152,1.12156,1.00,1.50
2017.06.14 19:10:00.609,1.12145,1.12149,3.37,1.00
2017.06.14 19:10:00.921,1.12148,1.12151,1.12,1.00
2017.06.14 19:10:01.342,1.12153,1.12157,1.12,1.00
2017.06.14 19:10:01.851,1.12153,1.12156,1.12,1.00
2017.06.14 19:10:02.191,1.12155,1.12157,1.87,1.00
2017.06.14 19:10:02.294,1.12157,1.1216,1.00,1.37
2017.06.14 19:10:02.529,1.12159,1.12163,1.87,2.55
2017.06.14 19:10:02.981,1.12158,1.1216,1.50,1.87
2017.06.14 19:10:03.189,1.12157,1.12159,1.00,1.00
2017.06.14 19:10:03.344,1.12157,1.12161,1.50,3.75
2017.06.14 19:10:03.490,1.12159,1.12161,1.00,1.00
2017.06.14 19:10:03.749,1.12159,1.12163,1.50,2.32
2017.06.14 19:10:03.954,1.12158,1.12162,1.75,2.62
2017.06.14 19:10:04.057,1.12157,1.12161,1.12,2.62
2017.06.14 19:10:04.109,1.12159,1.12161,1.00,1.00
2017.06.14 19:10:04.361,1.12161,1.12164,3.00,1.12
2017.06.14 19:10:04.567,1.1216,1.12163,1.00,1.50
2017.06.14 19:10:04.671,1.12158,1.12163,1.50,1.50
2017.06.14 19:10:04.929,1.1216,1.12164,1.00,5.25
2017.06.14 19:10:05.436,1.12162,1.12165,1.50,1.37
2017.06.14 19:10:05.539,1.12164,1.12168,1.00,3.22
2017.06.14 19:10:05.744,1.12167,1.12169,1.00,1.20
2017.06.14 19:10:05.946,1.12168,1.12172,2.62,3.37
2017.06.14 19:10:06.457,1.12169,1.12173,1.12,1.12
2017.06.14 19:10:06.784,1.12169,1.12172,2.62,2.25
2017.06.14 19:10:06.837,1.1217,1.12175,1.00,8.44
2017.06.14 19:10:06.992,1.1217,1.12175,3.75,5.62
2017.06.14 19:10:07.096,1.1217,1.12173,1.50,3.86
2017.06.14 19:10:07.302,1.1217,1.12176,3.00,8.81
2017.06.14 19:10:07.354,1.12173,1.12176,1.00,4.69
2017.06.14 19:10:07.714,1.12174,1.12177,1.37,3.37
2017.06.14 19:10:08.225,1.12175,1.12177,1.00,1.50
2017.06.14 19:10:08.545,1.12172,1.12175,1.50,1.00
2017.06.14 19:10:08.600,1.12172,1.12176,2.62,1.12
2017.06.14 19:10:09.113,1.12179,1.1218,1.50,7.87
2017.06.14 19:10:09.165,1.12179,1.12182,1.00,1.87
2017.06.14 19:10:09.617,1.12178,1.1218,1.50,3.75
2017.06.14 19:10:09.874,1.12177,1.12179,2.25,1.00
2017.06.14 19:10:09.984,1.12176,1.12177,2.25,1.00
2017.06.14 19:10:10.167,1.12174,1.12177,2.62,1.50
2017.06.14 19:10:10.690,1.12174,1.12176,1.00,1.00
2017.06.14 19:10:10.896,1.12174,1.12178,1.00,1.00
2017.06.14 19:10:11.312,1.12176,1.12178,1.00,1.00
2017.06.14 19:10:11.677,1.12174,1.12177,1.00,1.00
2017.06.14 19:10:12.140,1.12177,1.12179,2.25,1.00
2017.06.14 19:10:12.295,1.12177,1.12181,1.00,1.87
2017.06.14 19:10:12.499,1.1218,1.12182,1.87,1.50
2017.06.14 19:10:12.702,1.12179,1.12183,6.37,1.00
2017.06.14 19:10:13.169,1.12177,1.12178,4.12,4.35
2017.06.14 19:10:13.478,1.12166,1.12169,1.12,1.50
2017.06.14 19:10:13.992,1.12164,1.12168,1.00,1.12
2017.06.14 19:10:14.095,1.12166,1.12168,5.63,1.00
2017.06.14 19:10:14.631,1.12165,1.12169,1.20,2.25
2017.06.14 19:10:15.148,1.12164,1.12168,1.12,2.25
2017.06.14 19:10:15.458,1.12167,1.1217,4.50,1.37
2017.06.14 19:10:15.562,1.12167,1.12171,1.50,1.00
2017.06.14 19:10:16.102,1.12167,1.12172,1.50,4.54
2017.06.14 19:10:16.697,1.12167,1.12171,2.25,1.00
2017.06.14 19:10:17.212,1.12169,1.12172,1.00,1.76
2017.06.14 19:10:17.754,1.1217,1.12172,1.50,1.31
2017.06.14 19:10:17.859,1.1217,1.12174,1.87,2.62
2017.06.14 19:10:18.175,1.12168,1.12173,1.50,1.27
2017.06.14 19:10:19.158,1.12167,1.12172,5.62,1.57
2017.06.14 19:10:19.502,1.12169,1.12172,1.00,2.44
2017.06.14 19:10:20.019,1.12167,1.12169,2.62,1.50
2017.06.14 19:10:20.329,1.12164,1.12165,1.50,1.50
2017.06.14 19:10:20.498,1.12163,1.12166,2.32,1.00
2017.06.14 19:10:20.549,1.12166,1.1217,3.00,1.87
2017.06.14 19:10:20.707,1.12158,1.1216,1.87,1.00
2017.06.14 19:10:20.758,1.12156,1.1216,6.00,1.00
2017.06.14 19:10:20.810,1.12161,1.12162,1.00,1.00
2017.06.14 19:10:20.913,1.12162,1.12166,1.00,2.32
2017.06.14 19:10:20.966,1.12161,1.12167,2.25,5.02
2017.06.14 19:10:21.017,1.12168,1.12169,1.57,1.00
2017.06.14 19:10:21.069,1.12168,1.12171,1.20,8.62
2017.06.14 19:10:21.254,1.12171,1.12174,1.50,1.00
2017.06.14 19:10:21.360,1.12168,1.12172,2.32,1.12
2017.06.14 19:10:21.566,1.12168,1.1217,1.00,2.25
2017.06.14 19:10:21.670,1.12164,1.12169,1.95,3.37
2017.06.14 19:10:21.926,1.12167,1.12169,1.12,1.50
2017.06.14 19:10:22.179,1.12166,1.1217,1.50,4.12
2017.06.14 19:10:22.436,1.12169,1.12171,1.57,1.00
2017.06.14 19:10:22.776,1.12175,1.12179,1.00,3.75
2017.06.14 19:10:22.880,1.12171,1.12173,1.00,2.25
2017.06.14 19:10:22.934,1.12169,1.12173,1.50,3.00
2017.06.14 19:10:23.242,1.12167,1.12171,4.12,1.00
2017.06.14 19:10:23.607,1.12166,1.12169,1.00,1.00
2017.06.14 19:10:23.921,1.1217,1.12173,1.00,1.50
2017.06.14 19:10:23.973,1.12168,1.12173,1.00,1.50
2017.06.14 19:10:24.077,1.12172,1.12173,1.50,1.00
2017.06.14 19:10:24.609,1.12171,1.12175,1.00,1.37
2017.06.14 19:10:24.661,1.12171,1.12175,1.50,1.12
2017.06.14 19:10:25.124,1.12169,1.12173,2.70,1.00
2017.06.14 19:10:25.642,1.12168,1.12172,1.00,1.12
2017.06.14 19:10:25.951,1.12164,1.12168,2.25,2.62
2017.06.14 19:10:26.325,1.12166,1.12169,1.00,1.00
2017.06.14 19:10:26.636,1.12169,1.12173,3.07,1.50
2017.06.14 19:10:26.691,1.12172,1.12174,1.00,1.87
2017.06.14 19:10:26.845,1.12173,1.12175,2.25,1.00
2017.06.14 19:10:26.898,1.12177,1.12179,1.12,2.25
2017.06.14 19:10:27.201,1.12179,1.12182,4.12,1.00
2017.06.14 19:10:27.253,1.12182,1.12184,1.00,1.87
2017.06.14 19:10:27.305,1.12179,1.12185,5.62,3.37
2017.06.14 19:10:27.410,1.1218,1.12181,1.00,1.00
2017.06.14 19:10:27.462,1.12181,1.12183,1.00,3.75
2017.06.14 19:10:27.514,1.12179,1.12183,1.87,1.00
2017.06.14 19:10:27.669,1.12178,1.12179,1.50,1.00
2017.06.14 19:10:27.872,1.12164,1.12165,2.25,1.12
2017.06.14 19:10:28.027,1.1216,1.12162,3.00,1.50
2017.06.14 19:10:28.130,1.12159,1.12161,7.50,1.57
2017.06.14 19:10:28.670,1.12157,1.1216,1.00,1.00
2017.06.14 19:10:28.773,1.12158,1.12161,1.00,1.95
2017.06.14 19:10:28.876,1.12157,1.1216,1.00,1.00
2017.06.14 19:10:29.031,1.12155,1.12159,2.25,3.75
2017.06.14 19:10:29.083,1.12155,1.12157,1.37,1.00
2017.06.14 19:10:29.295,1.12152,1.12156,1.87,1.87
2017.06.14 19:10:29.347,1.12153,1.12156,1.50,1.00
2017.06.14 19:10:29.451,1.12156,1.12157,1.00,1.00
2017.06.14 19:10:29.503,1.12156,1.1216,1.00,2.25
2017.06.14 19:10:29.708,1.12153,1.12158,1.12,2.25
2017.06.14 19:10:29.862,1.12155,1.12157,1.00,1.12
2017.06.14 19:10:31.001,1.12156,1.12159,1.00,1.00
2017.06.14 19:10:31.848,1.12158,1.1216,1.10,2.25
2017.06.14 19:10:33.293,1.12158,1.12162,1.12,2.70
2017.06.14 19:10:33.816,1.12158,1.12162,1.12,1.20
2017.06.14 19:10:34.179,1.12158,1.1216,1.12,1.00
2017.06.14 19:10:34.549,1.12162,1.12164,1.00,3.07
2017.06.14 19:10:34.739,1.12161,1.12163,1.87,1.00
2017.06.14 19:10:34.792,1.12163,1.12165,1.00,1.12
2017.06.14 19:10:34.947,1.12162,1.12166,1.12,1.50
2017.06.14 19:10:35.154,1.12161,1.12163,1.87,1.00
2017.06.14 19:10:35.486,1.12155,1.12159,7.20,1.00
2017.06.14 19:10:35.693,1.12154,1.12155,7.50,1.50
2017.06.14 19:10:35.796,1.12152,1.12154,1.87,2.62
2017.06.14 19:10:35.849,1.12148,1.1215,4.50,1.00
2017.06.14 19:10:36.181,1.12151,1.12153,1.00,2.25
2017.06.14 19:10:36.336,1.12147,1.12152,5.62,1.50
2017.06.14 19:10:36.694,1.12147,1.1215,1.12,1.00
2017.06.14 19:10:37.017,1.12144,1.12148,1.37,1.00
2017.06.14 19:10:37.069,1.12144,1.12148,1.87,1.12
2017.06.14 19:10:37.601,1.12146,1.12148,1.00,1.12
2017.06.14 19:10:37.902,1.1215,1.12154,1.50,3.37
2017.06.14 19:10:37.954,1.1215,1.12153,1.00,1.00
2017.06.14 19:10:38.312,1.12148,1.12153,2.32,1.87
2017.06.14 19:10:38.850,1.12149,1.12154,1.50,3.75
2017.06.14 19:10:39.366,1.1215,1.12154,1.50,3.71
2017.06.14 19:10:39.886,1.1215,1.12153,1.00,3.00
2017.06.14 19:10:39.937,1.12148,1.12153,2.25,7.87
2017.06.14 19:10:40.042,1.1215,1.12153,1.00,1.12
2017.06.14 19:10:40.511,1.12151,1.12155,1.00,2.62
2017.06.14 19:10:40.570,1.1215,1.12153,1.12,1.00
2017.06.14 19:10:41.082,1.12151,1.12155,1.00,4.12
2017.06.14 19:10:41.585,1.12153,1.12155,1.00,1.00
2017.06.14 19:10:41.690,1.12158,1.12161,1.50,1.25
2017.06.14 19:10:41.895,1.12157,1.12161,1.50,2.25
2017.06.14 19:10:41.949,1.12155,1.12159,1.87,3.75
2017.06.14 19:10:42.467,1.12155,1.12158,1.12,1.00
2017.06.14 19:10:42.623,1.12153,1.12157,1.50,4.50
2017.06.14 19:10:42.676,1.12155,1.12157,1.12,3.00
2017.06.14 19:10:42.779,1.12153,1.12157,1.87,2.25
2017.06.14 19:10:43.330,1.12154,1.12157,1.00,1.50
2017.06.14 19:10:43.484,1.12156,1.12159,1.00,1.87
2017.06.14 19:10:43.536,1.12156,1.12159,1.12,1.00
2017.06.14 19:10:43.642,1.12158,1.12159,1.00,1.00
2017.06.14 19:10:43.696,1.12158,1.12162,2.25,1.20
2017.06.14 19:10:44.213,1.12158,1.12163,1.12,6.11
2017.06.14 19:10:44.677,1.12158,1.12159,1.12,1.00
2017.06.14 19:10:44.873,1.12158,1.12163,2.25,4.12
2017.06.14 19:10:45.384,1.12158,1.12164,2.25,7.24
2017.06.14 19:10:45.714,1.12157,1.12159,1.00,2.25
2017.06.14 19:10:46.170,1.12156,1.12159,1.00,3.75
2017.06.14 19:10:46.272,1.12157,1.12159,3.75,1.00
2017.06.14 19:10:46.324,1.12156,1.12158,2.25,1.00
2017.06.14 19:10:46.835,1.12156,1.1216,1.50,2.25
2017.06.14 19:10:47.559,1.12154,1.12159,2.25,2.25
2017.06.14 19:10:48.107,1.12155,1.12159,1.12,3.37
2017.06.14 19:10:48.209,1.12153,1.12158,6.00,2.25
2017.06.14 19:10:48.517,1.12154,1.12157,1.00,4.57
2017.06.14 19:10:49.048,1.12153,1.12157,1.12,3.45
2017.06.14 19:10:50.120,1.12153,1.12155,1.00,1.00
2017.06.14 19:10:50.559,1.1215,1.12154,1.50,1.50
2017.06.14 19:10:51.163,1.12151,1.12155,1.75,3.00
2017.06.14 19:10:51.472,1.12158,1.12163,1.75,3.75
2017.06.14 19:10:51.678,1.12156,1.12159,1.12,2.25
2017.06.14 19:10:51.730,1.12154,1.12158,1.87,1.12
2017.06.14 19:10:52.338,1.12153,1.12157,1.50,4.12
2017.06.14 19:10:52.391,1.12153,1.12156,2.25,1.37
2017.06.14 19:10:52.749,1.12153,1.12157,3.00,1.00
2017.06.14 19:10:53.117,1.12152,1.12154,1.00,1.50
2017.06.14 19:10:53.377,1.12148,1.1215,1.50,1.12
2017.06.14 19:10:53.845,1.12149,1.12151,1.50,2.62
2017.06.14 19:10:54.879,1.12149,1.12151,1.00,1.87
2017.06.14 19:10:54.982,1.12146,1.12149,1.00,4.50
2017.06.14 19:10:55.085,1.12146,1.12148,1.00,4.12
2017.06.14 19:10:55.341,1.12144,1.12148,1.00,3.00
2017.06.14 19:10:55.888,1.12143,1.12148,1.50,1.87
2017.06.14 19:10:55.941,1.12145,1.12147,1.00,1.00
2017.06.14 19:10:56.352,1.12151,1.12152,2.25,1.31
2017.06.14 19:10:56.403,1.12152,1.12153,1.12,1.00
2017.06.14 19:10:56.611,1.12151,1.12155,3.75,4.12
2017.06.14 19:10:56.743,1.12151,1.12155,2.25,1.50
2017.06.14 19:10:56.899,1.1215,1.12154,1.12,1.87
2017.06.14 19:10:57.412,1.12151,1.12154,1.00,1.50
2017.06.14 19:10:57.938,1.1215,1.12153,3.00,1.50
2017.06.14 19:10:58.348,1.12154,1.12156,1.87,2.62
2017.06.14 19:10:58.451,1.12154,1.12157,1.87,1.00
2017.06.14 19:10:58.843,1.12156,1.12159,1.00,1.87
2017.06.14 19:10:59.048,1.12156,1.12161,2.25,3.07
2017.06.14 19:10:59.099,1.12155,1.12159,1.87,1.37
2017.06.14 19:10:59.560,1.12154,1.12159,3.37,2.02
2017.06.14 19:10:59.767,1.12152,1.12153,1.50,1.00
2017.06.14 19:10:59.869,1.12153,1.12156,1.00,3.37
2017.06.14 19:10:59.972,1.12153,1.12157,1.00,4.12
2017.06.14 19:11:00.493,1.12154,1.12158,1.50,3.07
2017.06.14 19:11:01.008,1.12153,1.12157,3.00,2.25
2017.06.14 19:11:01.060,1.12153,1.12154,1.50,1.50
2017.06.14 19:11:01.215,1.1215,1.12153,1.50,1.00
2017.06.14 19:11:01.485,1.12161,1.12163,1.00,1.12
2017.06.14 19:11:01.851,1.12162,1.12165,1.00,1.50
2017.06.14 19:11:02.107,1.12161,1.12163,3.37,1.00
2017.06.14 19:11:02.615,1.12161,1.12164,1.50,2.96
2017.06.14 19:11:02.871,1.1216,1.12164,1.50,1.12
2017.06.14 19:11:03.420,1.12163,1.12166,1.12,3.00
2017.06.14 19:11:03.972,1.12164,1.12166,1.00,1.87
2017.06.14 19:11:04.324,1.12168,1.12172,1.37,3.00
2017.06.14 19:11:04.582,1.1217,1.12173,1.00,2.25
2017.06.14 19:11:05.094,1.12169,1.12171,2.25,1.00
2017.06.14 19:11:05.146,1.12171,1.12172,1.00,1.10
2017.06.14 19:11:05.357,1.12169,1.12173,2.62,3.00
2017.06.14 19:11:05.409,1.12167,1.12169,3.00,1.00
2017.06.14 19:11:05.513,1.12166,1.12169,1.12,1.87
2017.06.14 19:11:05.720,1.12164,1.12165,1.00,1.00
2017.06.14 19:11:05.874,1.12163,1.12166,1.00,1.37
2017.06.14 19:11:06.345,1.12167,1.12169,3.32,12.37
2017.06.14 19:11:06.452,1.12171,1.12173,1.00,1.50
2017.06.14 19:11:06.710,1.12173,1.12175,1.00,1.12
2017.06.14 19:11:06.814,1.12178,1.12179,1.00,5.25
2017.06.14 19:11:07.055,1.12176,1.12179,1.00,2.25
2017.06.14 19:11:07.312,1.12174,1.12177,1.00,1.87
2017.06.14 19:11:07.771,1.12175,1.12178,1.50,1.12
2017.06.14 19:11:07.824,1.12181,1.12182,1.00,1.87
2017.06.14 19:11:07.875,1.12181,1.12183,1.00,3.75
2017.06.14 19:11:08.082,1.12179,1.12183,3.75,1.37
2017.06.14 19:11:08.239,1.12181,1.12185,1.00,1.50
2017.06.14 19:11:08.292,1.1218,1.12182,1.00,1.87
2017.06.14 19:11:08.507,1.1218,1.12183,1.00,3.00
2017.06.14 19:11:09.024,1.12178,1.12181,1.37,1.00
2017.06.14 19:11:09.179,1.12173,1.12178,3.37,1.37
