2008.02.19 01:00:06.903,1.46534,1.4656,7.80,4.80
2008.02.19 01:00:06.950,1.4653,1.46555,5.00,7.20
2008.02.19 01:00:06.979,1.46526,1.46551,2.40,8.20
2008.02.19 01:00:07.059,1.46531,1.46546,1.00,3.60
2008.02.19 01:00:07.366,1.46531,1.46546,27.00,7.80
2008.02.19 01:00:10.596,1.46532,1.46547,7.20,9.60
2008.02.19 01:00:10.935,1.46536,1.46546,10.20,1.00
2008.02.19 01:00:11.277,1.46535,1.4655,24.00,3.00
2008.02.19 01:00:11.407,1.46537,1.46552,1.80,4.80
2008.02.19 01:00:11.474,1.46539,1.46554,6.00,8.70
2008.02.19 01:00:11.611,1.46539,1.46554,17.40,1.00
2008.02.19 01:00:12.088,1.46538,1.46558,2.40,5.80
2008.02.19 01:00:12.388,1.4654,1.46555,1.80,4.80
2008.02.19 01:00:12.690,1.46536,1.46556,10.80,1.20
2008.02.19 01:00:12.991,1.46535,1.46555,1.20,4.80
2008.02.19 01:00:13.293,1.46528,1.46558,1.20,2.40
2008.02.19 01:00:13.492,1.46528,1.46553,14.40,6.00
2008.02.19 01:00:13.693,1.46529,1.46549,1.80,2.40
2008.02.19 01:00:13.905,1.46526,1.4655,1.00,7.20
2008.02.19 01:00:14.092,1.46527,1.46547,14.60,1.20
2008.02.19 01:00:14.291,1.4653,1.4655,4.80,3.60
2008.02.19 01:00:14.492,1.46534,1.46554,1.80,6.10
2008.02.19 01:00:14.787,1.4654,1.46564,62.40,6.10
2008.02.19 01:00:17.174,1.46546,1.46571,12.60,11.80
2008.02.19 01:00:17.919,1.46546,1.46572,8.40,15.00
2008.02.19 01:00:18.547,1.46539,1.46565,12.60,2.40
2008.02.19 01:00:25.553,1.46536,1.46556,4.20,1.00
2008.02.19 01:00:25.834,1.46531,1.46551,7.80,6.00
2008.02.19 01:00:26.115,1.46531,1.46546,12.60,2.40
2008.02.19 01:00:26.256,1.4653,1.46545,6.00,4.80
2008.02.19 01:00:28.825,1.46532,1.46548,1.00,4.80
2008.02.19 01:00:28.997,1.46532,1.46552,1.80,4.20
2008.02.19 01:00:29.139,1.46541,1.46551,1.00,4.80
2008.02.19 01:00:29.296,1.46543,1.46553,2.40,9.90
2008.02.19 01:00:29.603,1.46541,1.46556,1.00,6.00
2008.02.19 01:00:29.761,1.46537,1.46557,15.00,3.00
2008.02.19 01:00:30.200,1.46531,1.46556,7.20,4.80
2008.02.19 01:00:30.483,1.46531,1.46556,6.00,8.50
2008.02.19 01:00:35.250,1.46531,1.46556,6.60,16.80
2008.02.19 01:00:35.414,1.46535,1.46555,2.40,11.20
2008.02.19 01:00:35.580,1.46538,1.46553,14.40,1.00
2008.02.19 01:00:35.742,1.46539,1.46554,2.40,2.40
2008.02.19 01:00:36.067,1.46538,1.46558,6.00,8.40
2008.02.19 01:00:36.214,1.46539,1.46559,1.00,5.60
2008.02.19 01:00:36.362,1.46541,1.46556,7.80,4.80
2008.02.19 01:00:36.513,1.46534,1.4656,2.40,1.20
2008.02.19 01:00:36.847,1.4653,1.46555,38.40,2.40
2008.02.19 01:00:38.062,1.46528,1.46548,9.60,6.00
2008.02.19 01:00:38.272,1.46522,1.46546,5.40,14.40
2008.02.19 01:00:38.450,1.4652,1.46545,3.00,2.10
2008.02.19 01:00:38.709,1.46518,1.46544,13.20,7.20
2008.02.19 01:00:38.807,1.46513,1.46537,2.40,7.80
2008.02.19 01:00:39.340,1.46505,1.46535,24.70,4.80
2008.02.19 01:00:40.215,1.46511,1.46525,7.20,8.10
2008.02.19 01:00:42.419,1.46509,1.46539,2.40,4.20
2008.02.19 01:00:42.525,1.46517,1.46543,1.20,4.80
2008.02.19 01:00:42.588,1.46521,1.46545,5.40,9.60
2008.02.19 01:00:42.674,1.46521,1.46547,24.00,4.20
2008.02.19 01:00:42.759,1.46522,1.46547,2.40,2.40
2008.02.19 01:00:48.598,1.46523,1.46543,4.80,2.80
2008.02.19 01:00:48.856,1.46523,1.46543,1.20,3.25
2008.02.19 01:00:49.100,1.46523,1.46543,9.00,2.40
2008.02.19 01:00:49.289,1.46527,1.46542,3.00,4.20
2008.02.19 01:00:49.508,1.46529,1.46544,10.80,7.50
2008.02.19 01:00:49.808,1.4653,1.4655,5.40,3.60
2008.02.19 01:00:50.131,1.46534,1.46549,19.80,15.40
2008.02.19 01:00:50.295,1.4653,1.46555,9.00,2.40
2008.02.19 01:00:54.656,1.46534,1.46559,15.00,4.80
2008.02.19 01:00:54.683,1.46539,1.46564,6.00,1.20
2008.02.19 01:00:54.774,1.46544,1.46564,7.80,2.40
2008.02.19 01:00:54.850,1.46545,1.46565,8.40,2.70
2008.02.19 01:00:54.880,1.46543,1.46563,4.80,2.40
2008.02.19 01:00:54.906,1.4654,1.4656,8.40,6.90
2008.02.19 01:00:54.970,1.46539,1.46554,7.20,15.70
2008.02.19 01:00:55.264,1.46535,1.46551,6.00,4.80
2008.02.19 01:01:01.944,1.46525,1.46551,1.00,3.70
2008.02.19 01:01:09.887,1.46523,1.46548,5.40,2.40
2008.02.19 01:01:10.021,1.46527,1.46542,10.00,2.40
2008.02.19 01:01:10.107,1.46526,1.46541,1.20,7.20
2008.02.19 01:01:10.245,1.46527,1.46542,3.60,3.40
2008.02.19 01:01:11.969,1.46534,1.46539,1.00,2.40
2008.02.19 01:01:12.173,1.4653,1.46545,1.00,4.80
2008.02.19 01:01:12.577,1.46531,1.46551,4.80,7.30
2008.02.19 01:01:12.981,1.46535,1.46555,6.00,7.80
2008.02.19 01:01:13.481,1.46536,1.46561,6.00,6.00
2008.02.19 01:01:17.258,1.46539,1.46564,3.00,6.00
2008.02.19 01:01:18.339,1.46542,1.46562,36.00,13.80
2008.02.19 01:01:22.462,1.46543,1.46563,1.20,2.40
2008.02.19 01:01:22.609,1.46543,1.46563,7.80,11.70
2008.02.19 01:01:22.685,1.46541,1.46561,7.20,4.80
2008.02.19 01:01:22.761,1.4654,1.4656,10.20,3.60
2008.02.19 01:01:22.837,1.46541,1.46561,2.40,6.10
2008.02.19 01:01:23.153,1.46546,1.46566,13.20,8.40
2008.02.19 01:01:23.397,1.46553,1.46573,10.20,8.40
2008.02.19 01:01:23.882,1.46561,1.46581,9.00,2.80
2008.02.19 01:01:24.126,1.46562,1.46582,2.50,1.80
2008.02.19 01:01:25.785,1.46556,1.46576,3.60,11.80
2008.02.19 01:01:26.021,1.46555,1.46565,2.40,4.80
2008.02.19 01:01:26.491,1.46549,1.46559,9.60,8.10
2008.02.19 01:01:26.655,1.46538,1.46563,4.80,7.20
2008.02.19 01:01:26.810,1.46536,1.46561,5.40,7.20
2008.02.19 01:01:27.823,1.4654,1.4656,3.00,9.90
2008.02.19 01:01:27.907,1.46541,1.46561,10.80,7.80
2008.02.19 01:01:27.973,1.4655,1.4656,4.80,14.40
2008.02.19 01:01:28.241,1.46553,1.46563,4.80,2.20
2008.02.19 01:01:28.517,1.46553,1.46563,2.40,2.40
2008.02.19 01:01:29.959,1.46551,1.46561,36.00,11.40
2008.02.19 01:01:33.221,1.46547,1.46557,5.40,6.00
2008.02.19 01:01:35.226,1.46535,1.46555,5.40,5.40
2008.02.19 01:01:35.263,1.46528,1.46548,2.40,9.40
2008.02.19 01:01:35.391,1.46519,1.46539,3.00,23.40
2008.02.19 01:01:35.477,1.46512,1.46532,16.20,0.50
2008.02.19 01:01:43.509,1.4651,1.4653,8.50,1.00
2008.02.19 01:01:43.924,1.46513,1.46543,1.20,20.40
2008.02.19 01:01:44.263,1.46526,1.46546,11.60,8.40
2008.02.19 01:01:44.603,1.46537,1.46547,23.40,6.00
2008.02.19 01:01:46.477,1.46541,1.46551,13.80,4.80
2008.02.19 01:01:49.373,1.46543,1.46553,24.60,4.20
2008.02.19 01:01:49.641,1.46543,1.46553,2.40,6.00
2008.02.19 01:01:49.909,1.46544,1.46554,1.20,2.40
2008.02.19 01:01:50.171,1.46546,1.46556,4.00,5.40
2008.02.19 01:01:51.530,1.46536,1.46561,9.00,9.60
2008.02.19 01:01:51.727,1.46542,1.46552,3.00,16.90
2008.02.19 01:01:51.922,1.46532,1.46557,2.40,4.80
2008.02.19 01:01:52.199,1.46531,1.46556,17.40,2.40
2008.02.19 01:01:53.324,1.46529,1.46554,11.00,1.80
2008.02.19 01:01:53.493,1.46535,1.46545,2.40,2.40
2008.02.19 01:01:54.175,1.46533,1.46543,2.40,2.70
2008.02.19 01:01:55.078,1.46521,1.46547,1.00,3.60
2008.02.19 01:01:55.177,1.46527,1.46537,35.40,2.40
2008.02.19 01:02:15.034,1.46531,1.46555,11.00,4.80
2008.02.19 01:02:15.406,1.46533,1.46558,2.40,2.40
2008.02.19 01:02:15.626,1.46535,1.4656,9.00,11.70
2008.02.19 01:02:15.801,1.46538,1.46558,2.40,11.20
2008.02.19 01:02:15.958,1.46539,1.46559,12.60,4.80
2008.02.19 01:02:16.119,1.4654,1.4656,12.20,2.40
2008.02.19 01:02:16.278,1.46542,1.46562,2.40,1.00
2008.02.19 01:02:16.438,1.46544,1.46564,3.90,14.10
2008.02.19 01:02:18.272,1.4655,1.46565,6.00,4.20
2008.02.19 01:02:18.415,1.46553,1.46573,12.60,1.20
2008.02.19 01:02:18.899,1.46558,1.46582,3.00,2.40
2008.02.19 01:02:19.408,1.46568,1.46588,15.60,7.20
2008.02.19 01:02:19.728,1.46576,1.46586,10.20,5.40
2008.02.19 01:02:20.048,1.4657,1.4658,2.40,4.80
2008.02.19 01:02:21.004,1.46568,1.46573,5.40,2.10
2008.02.19 01:02:21.220,1.46562,1.46572,13.80,4.20
2008.02.19 01:02:21.437,1.46555,1.46575,2.40,11.10
2008.02.19 01:02:21.534,1.46552,1.46576,1.00,1.00
2008.02.19 01:02:21.730,1.46552,1.46578,1.20,4.80
2008.02.19 01:02:24.647,1.46553,1.46577,6.00,9.10
2008.02.19 01:02:24.739,1.46555,1.46575,2.40,7.20
2008.02.19 01:02:24.857,1.46556,1.46571,7.30,2.40
2008.02.19 01:02:25.111,1.46557,1.46567,7.80,4.20
2008.02.19 01:02:25.300,1.46556,1.46566,3.60,12.00
2008.02.19 01:02:29.042,1.46553,1.46563,7.80,9.60
2008.02.19 01:02:31.274,1.46549,1.46559,10.40,4.80
2008.02.19 01:02:37.057,1.46548,1.46553,1.80,1.00
2008.02.19 01:02:37.202,1.46548,1.46553,5.40,6.10
2008.02.19 01:02:37.430,1.46551,1.46555,4.80,5.40
2008.02.19 01:02:37.517,1.46542,1.46568,2.40,8.70
2008.02.19 01:02:37.596,1.46546,1.4657,5.40,8.40
2008.02.19 01:02:38.222,1.46545,1.46571,2.40,2.40
2008.02.19 01:02:39.748,1.46544,1.46564,5.40,2.40
2008.02.19 01:02:39.862,1.4654,1.46555,25.20,6.60
2008.02.19 01:02:39.930,1.46533,1.46548,2.40,1.20
2008.02.19 01:02:39.998,1.46533,1.46547,9.00,2.80
2008.02.19 01:02:40.094,1.46541,1.46551,3.60,2.40
2008.02.19 01:02:40.135,1.46547,1.46557,4.80,8.80
2008.02.19 01:02:40.204,1.46547,1.46567,9.60,7.20
2008.02.19 01:02:40.542,1.46547,1.46572,1.80,9.70
2008.02.19 01:02:41.219,1.46548,1.46573,1.00,4.80
2008.02.19 01:02:45.968,1.46546,1.46571,2.40,4.00
2008.02.19 01:02:49.356,1.46544,1.46569,13.60,4.80
2008.02.19 01:02:53.121,1.46545,1.46565,7.20,4.80
2008.02.19 01:02:53.288,1.4655,1.4656,1.20,4.80
2008.02.19 01:02:53.443,1.4655,1.4656,14.40,1.80
2008.02.19 01:02:53.903,1.46552,1.46562,2.20,2.50
2008.02.19 01:02:55.226,1.46551,1.46565,7.20,25.20
2008.02.19 01:03:04.974,1.4654,1.4656,3.00,8.40
2008.02.19 01:03:05.215,1.46537,1.46562,6.00,6.10
2008.02.19 01:03:05.899,1.46543,1.46558,4.80,15.70
2008.02.19 01:03:06.039,1.46547,1.46557,7.80,8.80
2008.02.19 01:03:06.179,1.4655,1.46555,8.40,12.10
2008.02.19 01:03:06.443,1.46551,1.46556,2.40,1.80
2008.02.19 01:03:06.707,1.4655,1.4656,7.80,2.40
2008.02.19 01:03:07.431,1.46547,1.46562,1.00,7.80
2008.02.19 01:03:07.835,1.46542,1.46562,3.60,3.00
2008.02.19 01:03:08.039,1.46542,1.46552,7.80,25.30
2008.02.19 01:03:08.244,1.46537,1.46547,3.00,4.20
2008.02.19 01:03:08.443,1.46531,1.46541,4.80,6.00
2008.02.19 01:03:09.863,1.46522,1.46542,10.20,4.80
2008.02.19 01:03:10.010,1.46518,1.46543,12.00,8.40
2008.02.19 01:03:10.087,1.4652,1.4654,7.80,3.60
2008.02.19 01:03:10.235,1.46523,1.46543,9.60,1.80
2008.02.19 01:03:10.311,1.46524,1.46544,1.00,3.30
2008.02.19 01:03:10.491,1.46533,1.46543,4.80,7.20
2008.02.19 01:03:10.671,1.46538,1.46548,11.40,4.80
2008.02.19 01:03:11.203,1.46538,1.46548,3.00,6.00
2008.02.19 01:03:11.383,1.46532,1.46552,9.30,4.00
2008.02.19 01:03:11.704,1.46523,1.46549,10.20,8.80
2008.02.19 01:03:15.548,1.4652,1.4654,2.40,11.20
2008.02.19 01:03:16.232,1.46517,1.46541,2.40,6.70
2008.02.19 01:03:16.418,1.46523,1.46548,7.20,9.60
2008.02.19 01:03:16.603,1.46527,1.46557,8.40,17.50
2008.02.19 01:03:16.784,1.46533,1.46557,28.60,7.20
2008.02.19 01:03:16.967,1.46534,1.46559,6.00,2.40
2008.02.19 01:03:17.151,1.4653,1.4656,16.80,1.80
2008.02.19 01:03:17.543,1.46532,1.46552,2.40,10.90
2008.02.19 01:03:17.739,1.46532,1.46546,10.00,2.40
2008.02.19 01:03:17.942,1.46534,1.46539,12.40,33.10
2008.02.19 01:03:18.141,1.46532,1.46542,3.60,5.40
2008.02.19 01:03:18.459,1.46534,1.46544,6.00,12.10
2008.02.19 01:03:18.779,1.46533,1.46553,20.10,3.30
2008.02.19 01:03:19.100,1.46534,1.46564,1.00,4.80
2008.02.19 01:03:19.965,1.46543,1.46563,9.60,4.80
2008.02.19 01:03:20.172,1.46544,1.46569,4.20,4.80
2008.02.19 01:03:23.761,1.46549,1.46574,12.00,7.80
2008.02.19 01:03:23.976,1.4655,1.46575,2.40,3.30
2008.02.19 01:03:24.052,1.46551,1.46576,6.60,12.60
2008.02.19 01:03:24.282,1.46546,1.46576,4.80,2.40
2008.02.19 01:03:25.748,1.46544,1.46569,1.00,4.80
2008.02.19 01:03:26.089,1.46541,1.46566,1.20,4.80
2008.02.19 01:03:26.133,1.46538,1.46563,21.00,6.00
2008.02.19 01:03:26.232,1.46539,1.46564,7.20,11.50
2008.02.19 01:03:26.276,1.46539,1.46569,4.80,3.00
2008.02.19 01:03:26.403,1.46545,1.46575,3.60,5.40
2008.02.19 01:03:27.553,1.46552,1.46582,7.80,12.30
2008.02.19 01:03:27.719,1.46556,1.4658,2.40,3.60
2008.02.19 01:03:27.887,1.46547,1.46573,5.40,12.90
2008.02.19 01:03:28.229,1.46536,1.46566,2.40,4.80
2008.02.19 01:03:28.904,1.46533,1.46563,4.90,2.40
2008.02.19 01:03:29.315,1.46537,1.46561,15.90,4.80
2008.02.19 01:03:29.464,1.46537,1.46567,7.80,10.20
2008.02.19 01:03:29.612,1.4654,1.4657,5.40,4.00
2008.02.19 01:03:29.955,1.46544,1.46569,1.20,9.00
2008.02.19 01:03:30.031,1.46543,1.46568,7.80,7.20
2008.02.19 01:03:30.331,1.46543,1.46563,8.40,2.40
2008.02.19 01:03:30.631,1.46542,1.46562,1.00,2.80
2008.02.19 01:03:30.945,1.46539,1.46559,3.00,6.10
2008.02.19 01:03:33.029,1.46539,1.46559,9.00,12.90
2008.02.19 01:03:33.698,1.46541,1.46561,5.40,4.80
2008.02.19 01:03:33.804,1.46546,1.46561,13.60,2.40
2008.02.19 01:03:33.925,1.46546,1.46561,2.40,11.40
2008.02.19 01:03:34.032,1.46547,1.46557,24.90,4.00
2008.02.19 01:03:34.139,1.46544,1.46554,1.00,11.40
2008.02.19 01:03:34.351,1.46535,1.46561,10.20,4.80
2008.02.19 01:03:34.459,1.46533,1.46563,2.40,8.40
2008.02.19 01:03:34.670,1.46534,1.46564,1.00,9.60
2008.02.19 01:03:40.731,1.46541,1.46561,15.60,2.40
2008.02.19 01:03:40.895,1.46543,1.46563,3.60,3.00
2008.02.19 01:03:41.066,1.46548,1.46558,4.80,3.00
2008.02.19 01:03:41.249,1.46547,1.46557,3.00,10.80
2008.02.19 01:03:41.507,1.46543,1.46558,5.70,1.00
2008.02.19 01:03:42.090,1.4654,1.4656,1.00,3.00
2008.02.19 01:03:42.616,1.4654,1.4656,9.00,18.60
2008.02.19 01:03:45.582,1.46544,1.46559,1.20,7.20
2008.02.19 01:03:49.247,1.4654,1.4656,2.40,2.40
2008.02.19 01:03:49.531,1.46538,1.46558,12.00,4.20
2008.02.19 01:03:50.375,1.46536,1.46556,9.60,1.00
2008.02.19 01:03:50.551,1.46536,1.46556,10.20,4.80
2008.02.19 01:03:50.727,1.4654,1.46555,17.50,4.80
2008.02.19 01:03:50.905,1.46541,1.46556,5.40,10.80
2008.02.19 01:03:54.292,1.46544,1.46554,8.40,2.40
2008.02.19 01:04:04.973,1.46532,1.46562,7.80,1.00
2008.02.19 01:04:05.014,1.4653,1.46555,1.20,9.00
2008.02.19 01:04:05.448,1.46524,1.46549,12.60,4.20
2008.02.19 01:04:05.787,1.46522,1.46542,9.00,1.00
2008.02.19 01:04:06.128,1.46519,1.46539,4.80,16.60
2008.02.19 01:04:06.262,1.4651,1.4654,2.40,12.60
2008.02.19 01:04:06.453,1.46508,1.46538,17.40,4.80
2008.02.19 01:04:06.571,1.46507,1.46537,1.20,11.40
2008.02.19 01:04:06.925,1.46506,1.46536,4.80,15.10
2008.02.19 01:04:06.971,1.46507,1.46532,1.80,2.40
2008.02.19 01:04:07.020,1.46508,1.46533,1.00,8.40
2008.02.19 01:04:07.067,1.46509,1.46535,6.00,2.40
2008.02.19 01:04:07.118,1.46515,1.46535,7.80,12.00
2008.02.19 01:04:07.521,1.46519,1.46539,4.80,9.90
2008.02.19 01:04:09.122,1.46523,1.46538,3.60,14.80
2008.02.19 01:04:09.342,1.46522,1.46532,6.00,2.40
2008.02.19 01:04:10.664,1.46517,1.46527,3.60,10.20
2008.02.19 01:04:10.887,1.46504,1.46524,15.60,2.40
2008.02.19 01:04:11.179,1.46497,1.46527,5.40,7.20
2008.02.19 01:04:14.505,1.46508,1.46528,2.40,2.40
2008.02.19 01:04:14.550,1.4651,1.46534,18.00,1.20
2008.02.19 01:04:14.608,1.46513,1.46538,1.20,7.20
2008.02.19 01:04:14.650,1.46509,1.46539,7.80,4.80
2008.02.19 01:04:15.117,1.46507,1.46537,7.80,6.00
2008.02.19 01:04:15.396,1.46504,1.46534,2.40,10.20
2008.02.19 01:04:19.434,1.46505,1.4653,3.60,4.80
2008.02.19 01:04:19.606,1.46507,1.46532,2.40,12.70
2008.02.19 01:04:19.786,1.46513,1.46533,6.60,8.40
2008.02.19 01:04:20.053,1.46518,1.46538,2.40,11.20
2008.02.19 01:04:24.039,1.46523,1.46543,6.00,7.00
2008.02.19 01:04:24.548,1.46524,1.46544,4.80,2.20
2008.02.19 01:04:31.671,1.46524,1.46544,9.60,4.20
2008.02.19 01:04:31.778,1.46518,1.46548,17.70,3.00
2008.02.19 01:04:32.083,1.46519,1.46549,11.40,4.80
2008.02.19 01:04:33.926,1.46521,1.46551,8.40,7.20
2008.02.19 01:04:34.030,1.46526,1.46551,1.00,4.80
2008.02.19 01:04:34.107,1.46529,1.46553,4.80,9.60
2008.02.19 01:04:34.181,1.46535,1.46555,7.20,1.00
2008.02.19 01:04:34.617,1.46541,1.46561,1.00,6.00
2008.02.19 01:04:39.529,1.46548,1.46568,21.00,4.80
2008.02.19 01:04:39.604,1.46554,1.46568,7.20,5.70
2008.02.19 01:04:39.695,1.46549,1.46565,4.80,2.40
2008.02.19 01:04:39.916,1.46547,1.46557,2.40,1.00
2008.02.19 01:04:42.184,1.46543,1.46553,9.60,4.80
2008.02.19 01:04:43.696,1.46535,1.46555,1.20,8.20
2008.02.19 01:04:46.467,1.46532,1.46552,4.80,9.60
2008.02.19 01:04:46.570,1.46534,1.46544,2.40,6.60
2008.02.19 01:04:47.165,1.46525,1.46545,1.80,4.20
2008.02.19 01:04:47.333,1.46521,1.46541,3.00,12.40
2008.02.19 01:04:55.409,1.46526,1.46536,16.00,8.50
2008.02.19 01:04:56.087,1.46527,1.46537,2.40,4.80
2008.02.19 01:04:56.891,1.46534,1.46544,4.20,4.20
2008.02.19 01:04:58.411,1.46543,1.46553,13.80,1.00
2008.02.19 01:04:59.116,1.46545,1.46561,10.20,6.40
2008.02.19 01:05:08.217,1.4654,1.4656,8.40,4.20
2008.02.19 01:05:13.277,1.4654,1.4656,3.60,4.80
2008.02.19 01:05:13.853,1.46539,1.46559,6.60,3.00
2008.02.19 01:05:14.098,1.46534,1.46564,4.20,2.40
2008.02.19 01:05:14.342,1.46537,1.46567,16.20,2.40
2008.02.19 01:05:14.584,1.46537,1.46567,3.00,3.00
2008.02.19 01:05:22.269,1.46541,1.46566,7.20,16.80
2008.02.19 01:05:22.321,1.46542,1.46567,7.20,8.80
2008.02.19 01:05:22.429,1.46543,1.46568,13.20,3.00
2008.02.19 01:05:22.648,1.46542,1.46567,4.80,4.80
2008.02.19 01:05:22.852,1.46544,1.46568,8.40,2.90
2008.02.19 01:05:23.169,1.46549,1.46569,5.40,11.40
2008.02.19 01:05:27.518,1.46558,1.46578,3.00,2.40
2008.02.19 01:05:27.592,1.46566,1.46586,2.40,9.90
2008.02.19 01:05:27.740,1.46572,1.46582,3.00,2.40
2008.02.19 01:05:28.254,1.46561,1.46571,2.40,8.40
2008.02.19 01:05:29.897,1.46551,1.46561,10.80,3.60
2008.02.19 01:05:29.972,1.46541,1.46557,19.80,1.00
2008.02.19 01:05:30.024,1.4654,1.46554,14.90,5.40
2008.02.19 01:05:30.052,1.46537,1.46557,20.40,4.20
2008.02.19 01:05:36.829,1.46539,1.46559,1.80,4.80
2008.02.19 01:05:36.930,1.46539,1.46559,7.80,1.20
2008.02.19 01:05:37.029,1.4654,1.46555,19.50,4.80
2008.02.19 01:05:37.129,1.46542,1.46552,7.20,4.20
2008.02.19 01:05:40.593,1.46546,1.46551,13.20,5.90
2008.02.19 01:05:40.705,1.46547,1.46552,10.80,10.90
2008.02.19 01:05:40.803,1.46548,1.46558,5.40,12.30
2008.02.19 01:05:41.061,1.46549,1.46559,3.00,2.40
2008.02.19 01:05:43.171,1.46545,1.46561,6.00,2.40
2008.02.19 01:05:43.284,1.46543,1.46558,3.00,16.00
2008.02.19 01:05:43.416,1.46538,1.46554,6.00,9.10
2008.02.19 01:05:43.530,1.46533,1.46543,3.00,2.40
2008.02.19 01:05:44.962,1.4653,1.46534,13.20,6.10
2008.02.19 01:05:45.182,1.46528,1.46534,8.40,4.80
2008.02.19 01:05:45.523,1.46533,1.46543,36.60,2.40
2008.02.19 01:05:45.875,1.46535,1.46555,18.60,4.20
2008.02.19 01:05:48.323,1.46539,1.46559,1.20,9.00
2008.02.19 01:05:48.658,1.46549,1.46559,2.40,4.80
2008.02.19 01:05:50.364,1.4655,1.4656,4.80,4.80
2008.02.19 01:05:50.428,1.46546,1.46566,2.40,10.20
2008.02.19 01:05:50.779,1.46546,1.46566,4.80,6.40
2008.02.19 01:05:52.372,1.46547,1.46567,5.40,30.70
2008.02.19 01:05:52.436,1.46549,1.46569,2.40,10.20
2008.02.19 01:05:52.500,1.46555,1.46565,12.60,1.20
2008.02.19 01:05:52.912,1.46555,1.46565,5.40,1.80
2008.02.19 01:05:53.052,1.46549,1.46569,1.00,4.20
2008.02.19 01:05:53.465,1.4655,1.4657,6.90,7.20
2008.02.19 01:06:04.145,1.46539,1.46559,8.40,2.40
2008.02.19 01:06:04.229,1.46542,1.46552,6.00,4.80
2008.02.19 01:06:04.553,1.46539,1.46549,1.20,2.40
2008.02.19 01:06:06.126,1.46534,1.46544,2.40,2.90
2008.02.19 01:06:06.178,1.46526,1.46536,3.00,6.00
2008.02.19 01:06:06.352,1.46523,1.46538,9.00,26.40
2008.02.19 01:06:06.447,1.46533,1.46539,2.40,12.00
2008.02.19 01:06:06.476,1.4654,1.4655,4.20,1.00
2008.02.19 01:06:07.686,1.46547,1.46567,2.40,10.80
2008.02.19 01:06:08.740,1.46564,1.46568,2.40,3.00
2008.02.19 01:06:08.883,1.46567,1.46571,1.20,2.40
2008.02.19 01:06:09.026,1.46556,1.46572,3.00,1.90
2008.02.19 01:06:38.201,1.46551,1.46561,6.00,8.20
2008.02.19 01:06:38.451,1.46538,1.46562,2.40,9.40
2008.02.19 01:06:38.697,1.46532,1.46562,11.40,1.00
2008.02.19 01:06:43.393,1.46533,1.46558,4.80,6.00
2008.02.19 01:06:43.473,1.46536,1.46561,4.80,6.00
2008.02.19 01:06:43.553,1.46544,1.46564,6.60,10.20
2008.02.19 01:06:44.025,1.46546,1.46566,3.00,1.00
2008.02.19 01:07:26.805,1.46525,1.46545,2.40,2.40
2008.02.19 01:07:26.902,1.46531,1.46551,1.00,7.80
2008.02.19 01:07:27.004,1.46539,1.46554,6.00,4.80
2008.02.19 01:07:27.142,1.46545,1.46555,10.20,12.00
2008.02.19 01:07:27.386,1.46547,1.46557,4.80,8.40
2008.02.19 01:07:28.678,1.4655,1.4656,7.80,9.00
2008.02.19 01:07:29.015,1.46554,1.46564,7.20,19.60
2008.02.19 01:07:29.190,1.46559,1.46569,11.00,4.80
2008.02.19 01:07:30.369,1.46561,1.46581,9.00,1.90
2008.02.19 01:07:30.708,1.46557,1.46587,7.20,1.20
2008.02.19 01:07:31.546,1.46556,1.46582,7.80,6.00
2008.02.19 01:07:31.747,1.46549,1.46579,3.00,8.40
2008.02.19 01:07:31.874,1.46547,1.46572,11.40,9.10
2008.02.19 01:07:32.002,1.46539,1.46569,7.80,8.40
2008.02.19 01:07:32.254,1.46532,1.46562,2.40,17.70
2008.02.19 01:07:32.626,1.46524,1.46554,4.80,22.00
2008.02.19 01:07:33.898,1.46522,1.46537,7.90,4.80
2008.02.19 01:07:34.144,1.46512,1.46527,17.20,2.40
2008.02.19 01:07:34.407,1.46494,1.46519,4.80,12.60
2008.02.19 01:07:34.918,1.46491,1.46517,2.40,3.00
2008.02.19 01:07:35.178,1.46497,1.46527,4.20,8.40
2008.02.19 01:07:35.518,1.46509,1.46535,7.20,4.80
2008.02.19 01:07:35.858,1.46519,1.46539,1.20,11.40
2008.02.19 01:07:36.198,1.46521,1.46545,12.60,3.00
2008.02.19 01:07:36.426,1.46526,1.46546,11.40,2.40
2008.02.19 01:07:46.656,1.46527,1.46547,1.80,7.80
2008.02.19 01:07:46.959,1.46533,1.46543,3.60,3.00
2008.02.19 01:07:47.087,1.46535,1.46545,10.20,7.30
2008.02.19 01:07:48.316,1.46534,1.46549,7.20,13.30
2008.02.19 01:07:48.458,1.46536,1.46551,4.80,9.60
2008.02.19 01:07:48.748,1.46534,1.46554,9.00,1.80
2008.02.19 01:07:56.487,1.46534,1.46554,4.80,3.00
2008.02.19 01:07:56.724,1.46529,1.46554,2.40,15.40
2008.02.19 01:07:57.190,1.46522,1.46552,2.40,2.70
2008.02.19 01:07:57.850,1.46519,1.46549,21.80,1.00
2008.02.19 01:08:04.903,1.46513,1.46543,4.80,11.70
2008.02.19 01:08:05.011,1.46514,1.46539,7.80,4.80
2008.02.19 01:08:05.192,1.46515,1.46535,7.20,1.00
2008.02.19 01:08:05.383,1.46513,1.46533,1.20,2.40
2008.02.19 01:08:05.742,1.46513,1.46533,2.40,1.20
2008.02.19 01:08:06.897,1.46512,1.46532,15.60,6.60
2008.02.19 01:08:07.081,1.46511,1.46531,4.80,4.80
2008.02.19 01:08:07.133,1.46509,1.46534,12.00,7.80
2008.02.19 01:08:07.582,1.46508,1.46538,4.80,6.60
2008.02.19 01:08:07.686,1.46508,1.46538,6.10,2.50
2008.02.19 01:08:23.479,1.46509,1.46534,4.80,5.40
2008.02.19 01:08:23.523,1.46506,1.46532,10.80,1.20
2008.02.19 01:08:23.688,1.46511,1.46525,2.40,4.80
2008.02.19 01:08:23.857,1.46509,1.46529,1.00,4.80
2008.02.19 01:08:24.026,1.4651,1.4653,10.20,10.50
2008.02.19 01:08:24.194,1.46513,1.46533,2.40,4.80
2008.02.19 01:08:24.360,1.46512,1.46532,20.10,3.30
2008.02.19 01:08:24.525,1.46509,1.46529,4.80,3.60
2008.02.19 01:08:24.637,1.46502,1.46522,2.40,20.60
2008.02.19 01:08:24.752,1.465,1.4652,8.40,7.90
2008.02.19 01:08:24.868,1.46503,1.46523,7.20,8.80
2008.02.19 01:08:24.997,1.46505,1.46529,7.20,4.80
2008.02.19 01:08:25.111,1.46502,1.46532,6.00,1.00
2008.02.19 01:08:26.046,1.46503,1.46533,5.40,1.20
2008.02.19 01:08:27.453,1.46509,1.46524,1.20,9.00
2008.02.19 01:08:27.620,1.46508,1.46528,4.80,1.80
2008.02.19 01:08:27.786,1.46513,1.46528,24.00,4.80
2008.02.19 01:08:27.951,1.46511,1.46536,4.80,9.00
2008.02.19 01:08:28.115,1.46514,1.46539,3.00,1.90
2008.02.19 01:08:28.420,1.46512,1.46542,4.80,13.60
2008.02.19 01:08:29.028,1.46513,1.46543,9.90,3.30
2008.02.19 01:08:30.716,1.46516,1.46541,1.00,6.00
2008.02.19 01:08:30.804,1.46517,1.46543,7.20,11.40
2008.02.19 01:08:30.887,1.46523,1.46543,13.60,2.40
2008.02.19 01:08:31.298,1.46525,1.46545,4.80,16.80
2008.02.19 01:08:33.166,1.46532,1.46552,7.20,3.00
2008.02.19 01:08:33.223,1.46543,1.46553,4.80,2.40
2008.02.19 01:08:33.475,1.46548,1.46558,4.80,7.20
2008.02.19 01:08:33.722,1.46545,1.46555,18.00,8.20
2008.02.19 01:08:35.059,1.46538,1.46548,4.40,1.00
2008.02.19 01:08:35.217,1.46527,1.46547,2.40,3.30
2008.02.19 01:08:35.377,1.4652,1.4654,6.60,12.10
2008.02.19 01:08:35.535,1.46518,1.46538,1.00,9.60
2008.02.19 01:08:35.696,1.46515,1.4654,3.60,3.00
2008.02.19 01:08:36.011,1.46513,1.46543,7.20,17.80
2008.02.19 01:08:38.508,1.46515,1.4654,4.80,8.10
2008.02.19 01:08:38.656,1.46513,1.46538,8.40,5.40
2008.02.19 01:08:38.971,1.4651,1.46535,9.00,5.20
2008.02.19 01:08:39.286,1.46506,1.46536,8.40,1.80
2008.02.19 01:08:39.991,1.46506,1.46536,2.40,4.80
2008.02.19 01:08:40.896,1.46515,1.4653,4.20,4.80
2008.02.19 01:08:40.979,1.46517,1.46532,5.40,6.00
2008.02.19 01:08:41.116,1.46525,1.4653,16.20,2.60
2008.02.19 01:08:41.217,1.46524,1.46534,6.00,3.00
2008.02.19 01:08:48.299,1.46519,1.46539,7.20,5.80
2008.02.19 01:09:10.649,1.46512,1.46522,7.20,1.20
2008.02.19 01:09:14.161,1.46508,1.46523,15.60,2.40
2008.02.19 01:09:26.413,1.46504,1.46524,13.60,2.40
2008.02.19 01:09:26.654,1.46505,1.4652,8.40,2.20
2008.02.19 01:09:26.813,1.46501,1.46521,8.40,1.00
2008.02.19 01:09:26.973,1.46497,1.46522,1.80,13.60
2008.02.19 01:09:27.451,1.46494,1.46524,1.20,2.40
2008.02.19 01:09:31.829,1.46497,1.46517,12.60,4.80
2008.02.19 01:09:32.164,1.46494,1.46524,15.00,4.80
2008.02.19 01:09:32.887,1.46498,1.46523,27.60,4.80
2008.02.19 01:09:33.127,1.46501,1.46526,3.00,15.30
2008.02.19 01:09:33.948,1.46499,1.46529,7.20,14.20
2008.02.19 01:09:34.932,1.46493,1.46528,3.60,18.10
2008.02.19 01:09:34.993,1.46488,1.46523,11.40,7.20
2008.02.19 01:09:35.459,1.46486,1.46516,22.20,9.30
2008.02.19 01:09:35.687,1.46482,1.46512,10.20,4.20
2008.02.19 01:09:36.059,1.46489,1.46499,1.20,2.40
2008.02.19 01:09:36.196,1.46477,1.46513,1.00,4.80
2008.02.19 01:09:37.417,1.46492,1.46506,6.00,12.80
2008.02.19 01:09:37.611,1.465,1.46506,6.00,2.40
2008.02.19 01:09:37.797,1.46491,1.46517,20.40,2.40
2008.02.19 01:09:38.012,1.46492,1.46518,6.00,2.40
2008.02.19 01:09:38.172,1.46494,1.46514,3.00,8.00
2008.02.19 01:09:38.333,1.46493,1.46517,2.40,16.90
2008.02.19 01:09:38.496,1.46499,1.46514,6.00,3.00
2008.02.19 01:09:38.655,1.46499,1.46524,14.40,6.00
2008.02.19 01:09:38.815,1.46502,1.46528,19.20,15.40
2008.02.19 01:09:38.976,1.46508,1.46532,13.80,3.00
2008.02.19 01:09:39.315,1.46511,1.46531,2.40,3.00
2008.02.19 01:09:39.650,1.46511,1.46531,4.80,8.40
2008.02.19 01:09:39.984,1.46507,1.46531,5.90,4.80
2008.02.19 01:09:40.272,1.46505,1.4653,8.40,5.40
2008.02.19 01:09:41.380,1.46504,1.46529,7.80,6.00
2008.02.19 01:09:41.704,1.46503,1.46528,7.20,2.40
2008.02.19 01:09:42.028,1.46499,1.46529,4.80,12.00
2008.02.19 01:09:43.275,1.465,1.46525,1.00,18.70
2008.02.19 01:09:43.567,1.46503,1.46523,7.20,5.80
2008.02.19 01:09:43.861,1.46502,1.46522,2.40,1.20
2008.02.19 01:09:44.156,1.46504,1.46514,3.60,6.00
2008.02.19 01:09:44.315,1.465,1.4651,8.40,1.20
2008.02.19 01:09:44.483,1.46501,1.46506,7.80,3.00
2008.02.19 01:09:44.644,1.46497,1.46507,10.50,12.90
2008.02.19 01:09:44.806,1.46493,1.46513,7.80,1.00
2008.02.19 01:09:45.127,1.46496,1.46516,16.60,4.80
2008.02.19 01:09:45.607,1.46493,1.46523,10.80,7.20
2008.02.19 01:09:46.442,1.46501,1.46526,19.80,2.40
2008.02.19 01:09:46.654,1.46508,1.46532,1.20,6.00
2008.02.19 01:09:46.864,1.46512,1.46542,3.00,5.40
2008.02.19 01:09:47.075,1.46519,1.46549,13.60,2.40
2008.02.19 01:09:47.865,1.46531,1.46551,12.60,7.80
2008.02.19 01:09:48.012,1.46533,1.46543,8.40,7.00
2008.02.19 01:09:48.083,1.46523,1.46533,23.70,1.00
2008.02.19 01:09:48.526,1.46515,1.46525,3.00,8.40
2008.02.19 01:09:49.573,1.46505,1.46529,8.00,6.00
2008.02.19 01:09:50.427,1.46501,1.46531,7.20,3.00
2008.02.19 01:09:51.509,1.46509,1.46525,2.40,4.80
2008.02.19 01:09:51.846,1.46511,1.46526,8.40,8.40
2008.02.19 01:09:51.977,1.46511,1.46526,8.40,1.20
2008.02.19 01:09:52.167,1.46512,1.46527,16.60,3.60
2008.02.19 01:09:52.312,1.46511,1.46527,3.00,2.50
2008.02.19 01:09:52.375,1.46505,1.4653,2.40,2.40
2008.02.19 01:09:52.439,1.46506,1.46531,12.00,9.30
2008.02.19 01:09:52.759,1.4651,1.46525,9.00,1.00
2008.02.19 01:09:53.020,1.46506,1.46526,22.80,2.40
2008.02.19 01:09:53.219,1.46507,1.46527,6.00,2.40
2008.02.19 01:09:54.389,1.4651,1.46525,1.00,7.20
2008.02.19 01:09:54.602,1.46506,1.46531,14.40,2.40
2008.02.19 01:09:55.016,1.46508,1.46523,4.80,11.40
2008.02.19 01:09:55.632,1.46499,1.46529,7.20,2.40
2008.02.19 01:09:55.835,1.46498,1.46528,2.40,3.40
2008.02.19 01:09:57.896,1.46498,1.46523,3.60,2.40
2008.02.19 01:09:57.994,1.46497,1.46522,3.00,8.80
2008.02.19 01:09:58.026,1.46497,1.46522,16.80,30.00
2008.02.19 01:09:58.116,1.46497,1.46522,6.60,1.00
2008.02.19 01:09:58.211,1.46492,1.46522,3.00,11.40
2008.02.19 01:09:58.689,1.4649,1.4652,12.60,1.20
2008.02.19 01:09:58.863,1.46488,1.46518,3.00,9.00
2008.02.19 01:10:04.178,1.46501,1.46537,2.40,8.70
2008.02.19 01:10:04.606,1.46505,1.4653,11.20,7.20
2008.02.19 01:10:04.629,1.46503,1.46528,2.40,1.80
2008.02.19 01:10:04.814,1.46505,1.4652,9.60,2.40
2008.02.19 01:10:05.003,1.46502,1.46517,1.00,4.80
2008.02.19 01:10:05.709,1.465,1.4651,8.40,1.80
2008.02.19 01:10:05.946,1.46494,1.46514,28.60,4.20
2008.02.19 01:10:08.867,1.46493,1.46513,6.00,3.10
2008.02.19 01:10:08.968,1.46494,1.46514,2.40,2.40
2008.02.19 01:10:09.073,1.46488,1.46518,10.80,2.40
2008.02.19 01:10:09.620,1.46484,1.46514,3.00,4.00
2008.02.19 01:10:09.839,1.46482,1.46507,4.80,29.50
2008.02.19 01:10:09.966,1.46477,1.46501,4.20,2.40
2008.02.19 01:10:10.338,1.46474,1.46504,19.80,4.80
2008.02.19 01:10:10.664,1.46481,1.46511,1.20,11.40
2008.02.19 01:10:12.186,1.46492,1.46512,3.60,2.40
2008.02.19 01:10:12.378,1.46493,1.46513,2.40,2.40
2008.02.19 01:10:12.610,1.46489,1.46514,3.00,1.20
2008.02.19 01:10:12.847,1.46479,1.46514,7.20,7.80
2008.02.19 01:10:13.078,1.46478,1.46512,4.80,9.00
2008.02.19 01:10:14.695,1.4649,1.465,6.00,3.30
2008.02.19 01:10:14.954,1.4649,1.4651,7.80,1.50
2008.02.19 01:10:15.055,1.46497,1.46507,13.20,2.40
2008.02.19 01:10:15.154,1.46499,1.46509,7.20,5.40
2008.02.19 01:10:15.354,1.46498,1.46508,2.40,3.00
2008.02.19 01:10:17.369,1.46494,1.46509,1.00,1.00
2008.02.19 01:10:17.430,1.46498,1.46508,4.80,8.40
2008.02.19 01:10:17.852,1.46501,1.46511,10.80,9.90
2008.02.19 01:10:18.134,1.46501,1.46521,6.40,10.20
2008.02.19 01:10:18.370,1.46497,1.46527,4.20,7.80
2008.02.19 01:10:21.652,1.46498,1.46523,4.20,3.60
2008.02.19 01:10:21.818,1.46496,1.46521,3.00,6.00
2008.02.19 01:10:21.902,1.46495,1.4652,6.00,1.20
2008.02.19 01:10:21.986,1.46494,1.46519,3.60,3.00
2008.02.19 01:10:22.071,1.46493,1.46523,4.80,6.60
2008.02.19 01:10:22.510,1.465,1.4653,6.00,1.20
2008.02.19 01:10:23.167,1.46509,1.46539,1.00,4.80
2008.02.19 01:10:29.037,1.46514,1.46544,6.00,8.70
2008.02.19 01:10:29.135,1.46509,1.46539,9.00,15.10
2008.02.19 01:10:29.230,1.46504,1.46534,4.80,7.20
2008.02.19 01:10:31.107,1.46502,1.46527,1.00,4.80
2008.02.19 01:10:31.332,1.46498,1.46528,4.80,11.50
2008.02.19 01:10:32.095,1.46499,1.46529,3.00,16.00
2008.02.19 01:10:32.334,1.46503,1.46528,5.40,7.80
2008.02.19 01:10:32.574,1.46503,1.46527,17.70,2.40
2008.02.19 01:10:32.814,1.46502,1.46527,1.00,4.80
2008.02.19 01:10:33.278,1.46498,1.46528,9.60,6.00
2008.02.19 01:10:40.943,1.465,1.46525,2.40,12.00
2008.02.19 01:10:41.011,1.46499,1.46524,1.00,8.80
2008.02.19 01:10:41.150,1.46499,1.46524,4.80,19.50
2008.02.19 01:10:41.291,1.46496,1.46526,7.80,2.40
2008.02.19 01:10:41.571,1.46497,1.46527,6.60,7.20
2008.02.19 01:10:44.626,1.46501,1.46526,5.40,2.70
2008.02.19 01:10:44.845,1.46502,1.46532,2.40,4.80
2008.02.19 01:10:45.479,1.46502,1.46532,23.40,3.60
2008.02.19 01:10:46.476,1.46509,1.46519,14.40,4.80
2008.02.19 01:10:51.793,1.46498,1.46528,4.80,1.20
2008.02.19 01:11:06.829,1.46485,1.46515,8.40,2.40
2008.02.19 01:11:07.009,1.46483,1.46513,7.80,11.20
2008.02.19 01:11:09.705,1.46483,1.46513,4.80,11.40
2008.02.19 01:11:09.821,1.46481,1.46511,2.40,6.60
2008.02.19 01:11:15.110,1.46476,1.46506,6.60,4.80
2008.02.19 01:11:15.327,1.46472,1.46496,4.80,2.40
2008.02.19 01:11:15.542,1.46465,1.46495,4.80,8.40
2008.02.19 01:11:16.014,1.46469,1.46499,7.20,9.70
2008.02.19 01:11:19.401,1.46482,1.46502,13.80,4.80
2008.02.19 01:11:19.709,1.4649,1.4651,12.60,5.10
2008.02.19 01:11:36.877,1.46502,1.46522,9.60,8.80
2008.02.19 01:11:36.981,1.46514,1.46534,3.00,3.00
2008.02.19 01:11:37.081,1.4652,1.4654,2.40,2.40
2008.02.19 01:11:37.182,1.46517,1.46537,20.50,8.40
2008.02.19 01:11:37.281,1.46507,1.46533,7.80,4.90
2008.02.19 01:11:37.481,1.46497,1.46527,1.20,2.40
2008.02.19 01:11:37.681,1.46489,1.46519,7.80,9.00
2008.02.19 01:11:38.021,1.46484,1.46509,2.40,2.40
2008.02.19 01:11:38.361,1.46475,1.46505,3.00,7.00
2008.02.19 01:11:55.873,1.46472,1.46498,15.00,3.00
2008.02.19 01:12:14.335,1.46486,1.46506,5.70,12.60
2008.02.19 01:12:14.534,1.46492,1.46517,18.90,8.10
2008.02.19 01:12:14.677,1.465,1.46525,2.40,2.40
2008.02.19 01:12:14.817,1.46508,1.46532,2.40,5.80
2008.02.19 01:12:15.098,1.46516,1.46536,1.20,26.70
2008.02.19 01:12:15.378,1.46521,1.46541,11.40,4.80
2008.02.19 01:12:18.927,1.46524,1.46544,2.40,11.40
2008.02.19 01:12:18.930,1.46527,1.46537,4.80,4.20
2008.02.19 01:12:19.184,1.46522,1.46532,7.80,4.80
2008.02.19 01:12:25.459,1.46517,1.46527,6.00,4.20
2008.02.19 01:12:25.716,1.46511,1.46527,9.60,2.40
2008.02.19 01:12:25.894,1.46508,1.46528,6.00,2.40
2008.02.19 01:12:26.473,1.46509,1.46524,2.40,18.20
2008.02.19 01:12:26.856,1.46502,1.46527,4.80,2.40
2008.02.19 01:12:43.575,1.46499,1.46525,11.40,13.90
2008.02.19 01:13:15.870,1.46499,1.46525,1.00,11.10
2008.02.19 01:13:16.038,1.46504,1.46524,1.80,8.70
2008.02.19 01:13:16.206,1.46509,1.46519,4.80,3.30
2008.02.19 01:13:16.374,1.46509,1.46519,11.40,2.40
2008.02.19 01:13:16.542,1.46507,1.46517,9.00,2.80
2008.02.19 01:13:16.710,1.46507,1.46512,8.70,10.80
2008.02.19 01:13:16.878,1.46501,1.46516,2.40,3.00
2008.02.19 01:13:17.057,1.46501,1.46516,6.00,4.80
2008.02.19 01:13:17.237,1.46499,1.46519,7.80,4.90
2008.02.19 01:13:17.418,1.46499,1.46524,1.20,14.70
2008.02.19 01:13:21.098,1.46502,1.46527,10.00,1.00
2008.02.19 01:13:21.113,1.46505,1.46525,7.20,16.90
2008.02.19 01:13:21.315,1.46509,1.46524,1.20,14.80
2008.02.19 01:13:21.404,1.46506,1.46526,1.20,6.60
2008.02.19 01:13:21.446,1.46507,1.46522,1.60,4.80
2008.02.19 01:13:21.643,1.46507,1.46522,10.80,2.40
2008.02.19 01:13:21.857,1.46511,1.46516,10.80,9.00
2008.02.19 01:13:22.059,1.46511,1.46517,3.00,3.00
2008.02.19 01:13:22.470,1.46511,1.46521,2.40,7.50
2008.02.19 01:13:22.670,1.46512,1.46522,6.00,13.20
2008.02.19 01:13:22.910,1.46514,1.46524,2.40,1.00
2008.02.19 01:13:23.894,1.46517,1.46527,2.40,24.70
2008.02.19 01:13:24.009,1.46519,1.46534,1.00,8.40
2008.02.19 01:13:24.084,1.46521,1.46541,4.80,1.80
2008.02.19 01:13:24.438,1.46524,1.4654,6.00,3.90
2008.02.19 01:13:24.616,1.46524,1.46529,6.60,12.10
2008.02.19 01:13:24.814,1.46515,1.46525,8.70,2.40
2008.02.19 01:13:25.010,1.46508,1.46518,5.40,10.20
2008.02.19 01:13:25.206,1.46503,1.46513,7.20,1.20
2008.02.19 01:13:25.413,1.46499,1.46514,4.80,9.60
2008.02.19 01:13:25.609,1.46495,1.46515,6.00,2.40
2008.02.19 01:13:26.033,1.46496,1.46516,5.40,13.80
2008.02.19 01:13:28.892,1.46501,1.46511,2.40,2.40
2008.02.19 01:13:29.202,1.46497,1.46517,3.00,1.20
2008.02.19 01:13:29.521,1.46499,1.46519,6.00,6.40
2008.02.19 01:13:29.679,1.46498,1.46518,12.00,5.80
2008.02.19 01:13:29.723,1.46497,1.46517,2.40,1.00
2008.02.19 01:13:29.767,1.46501,1.46516,4.80,11.40
2008.02.19 01:13:29.899,1.46503,1.46518,13.80,7.20
2008.02.19 01:13:30.056,1.46508,1.46514,2.40,29.70
2008.02.19 01:13:30.235,1.46508,1.46518,3.00,7.20
2008.02.19 01:13:30.487,1.46508,1.46518,11.40,2.40
2008.02.19 01:13:30.990,1.46504,1.46519,6.60,13.00
2008.02.19 01:13:31.842,1.46502,1.46517,2.40,4.00
2008.02.19 01:13:32.303,1.46502,1.46517,6.00,6.60
2008.02.19 01:13:36.445,1.46503,1.46518,16.80,3.00
2008.02.19 01:13:36.969,1.46509,1.46514,11.40,7.50
2008.02.19 01:13:37.238,1.46507,1.46522,1.00,4.80
2008.02.19 01:13:37.775,1.46508,1.46523,1.00,17.70
2008.02.19 01:13:38.622,1.46512,1.46522,10.80,2.40
2008.02.19 01:13:39.102,1.46509,1.46524,1.80,4.80
2008.02.19 01:13:39.488,1.46502,1.46528,4.80,4.80
2008.02.19 01:13:39.745,1.46502,1.46527,3.60,9.00
2008.02.19 01:13:39.876,1.46502,1.46526,4.80,23.20
2008.02.19 01:13:40.046,1.46504,1.46524,1.20,20.40
2008.02.19 01:13:40.392,1.46502,1.46528,6.00,7.80
2008.02.19 01:13:40.563,1.46508,1.46522,7.20,1.00
2008.02.19 01:13:41.356,1.46507,1.46517,4.80,4.80
2008.02.19 01:13:41.587,1.46499,1.46513,3.60,1.20
2008.02.19 01:13:41.814,1.46486,1.46506,5.40,2.70
2008.02.19 01:13:42.043,1.46482,1.46487,15.60,4.20
2008.02.19 01:13:42.337,1.46477,1.46482,3.00,6.00
2008.02.19 01:13:42.485,1.46475,1.46491,3.60,3.00
2008.02.19 01:13:44.099,1.46486,1.4649,12.60,1.20
2008.02.19 01:13:44.440,1.46485,1.46501,4.20,4.20
2008.02.19 01:13:44.681,1.46494,1.46499,2.40,4.20
2008.02.19 01:13:44.723,1.46496,1.46501,10.80,2.40
2008.02.19 01:13:44.901,1.46497,1.46502,2.40,6.40
2008.02.19 01:13:44.932,1.46494,1.46509,4.80,2.40
2008.02.19 01:13:45.434,1.46494,1.46514,2.40,9.00
2008.02.19 01:13:45.591,1.465,1.4651,8.40,3.60
2008.02.19 01:13:45.901,1.46501,1.46511,18.60,3.30
2008.02.19 01:13:46.057,1.465,1.46515,7.20,9.60
2008.02.19 01:13:46.233,1.46501,1.46516,3.60,2.40
2008.02.19 01:13:47.981,1.46502,1.46517,11.40,3.10
2008.02.19 01:13:48.317,1.46504,1.46519,2.40,1.00
2008.02.19 01:13:48.698,1.465,1.46525,2.40,2.40
2008.02.19 01:13:49.013,1.465,1.46525,6.00,4.80
2008.02.19 01:13:49.329,1.465,1.4652,1.20,4.80
2008.02.19 01:13:49.646,1.46498,1.46518,4.80,7.20
2008.02.19 01:13:49.825,1.465,1.46515,2.40,8.50
2008.02.19 01:13:50.186,1.46499,1.46514,6.60,11.70
2008.02.19 01:13:50.543,1.46499,1.46514,3.60,2.40
2008.02.19 01:13:53.197,1.46505,1.4651,16.20,3.00
2008.02.19 01:13:57.965,1.46501,1.46517,16.50,2.40
2008.02.19 01:14:03.901,1.46483,1.46503,11.40,7.80
2008.02.19 01:14:03.949,1.46487,1.46507,10.20,5.40
2008.02.19 01:14:04.045,1.46492,1.46507,16.80,1.80
2008.02.19 01:14:04.093,1.46496,1.46511,6.10,5.10
2008.02.19 01:14:05.649,1.46502,1.46512,7.80,14.40
2008.02.19 01:14:05.893,1.46499,1.46519,6.60,5.40
2008.02.19 01:14:07.803,1.46503,1.46518,2.40,1.20
2008.02.19 01:14:07.967,1.46502,1.46522,2.40,5.00
2008.02.19 01:14:08.075,1.46497,1.46527,11.40,11.60
2008.02.19 01:14:08.131,1.46498,1.46523,2.40,3.70
2008.02.19 01:14:08.293,1.465,1.4652,5.40,1.80
2008.02.19 01:14:08.346,1.46504,1.46519,3.00,7.30
2008.02.19 01:14:08.558,1.46509,1.46519,7.20,4.80
2008.02.19 01:14:08.773,1.4651,1.4652,9.00,4.20
2008.02.19 01:14:08.881,1.4651,1.4652,2.40,6.00
2008.02.19 01:14:08.989,1.46501,1.46526,7.20,12.60
2008.02.19 01:14:09.097,1.46505,1.4652,4.80,2.40
2008.02.19 01:14:09.314,1.46496,1.46526,15.00,7.20
2008.02.19 01:14:09.421,1.46497,1.46522,2.40,9.60
2008.02.19 01:14:09.529,1.46489,1.46519,4.80,7.80
2008.02.19 01:14:09.870,1.46487,1.46512,3.00,3.00
2008.02.19 01:14:10.549,1.46484,1.46509,6.60,6.00
2008.02.19 01:14:10.860,1.46483,1.46508,12.00,51.40
2008.02.19 01:14:11.394,1.46484,1.46509,2.40,13.60
2008.02.19 01:14:11.575,1.46483,1.46513,5.40,7.20
2008.02.19 01:14:11.640,1.46485,1.46515,1.80,7.20
2008.02.19 01:14:12.413,1.46485,1.46515,2.40,2.10
2008.02.19 01:14:12.537,1.46486,1.46516,7.20,3.00
2008.02.19 01:14:12.715,1.46485,1.4652,13.50,1.00
2008.02.19 01:14:12.889,1.46491,1.46516,3.60,26.40
2008.02.19 01:14:13.067,1.46494,1.46514,6.00,8.40
2008.02.19 01:14:13.248,1.46495,1.4651,10.20,4.80
2008.02.19 01:14:13.599,1.46493,1.46508,1.20,8.40
2008.02.19 01:14:13.909,1.46495,1.46505,2.40,1.80
2008.02.19 01:14:14.221,1.46492,1.46517,2.40,4.80
2008.02.19 01:14:14.681,1.465,1.4653,6.60,4.80
2008.02.19 01:14:17.402,1.46506,1.46532,6.00,3.60
2008.02.19 01:14:17.707,1.46507,1.46527,2.40,12.10
2008.02.19 01:14:17.754,1.46502,1.46522,8.30,4.80
2008.02.19 01:14:17.803,1.46501,1.46521,4.80,2.40
2008.02.19 01:14:17.923,1.46502,1.46517,22.20,2.80
2008.02.19 01:14:18.267,1.46504,1.46519,11.60,4.20
2008.02.19 01:14:18.325,1.46502,1.46522,5.40,4.80
2008.02.19 01:14:20.063,1.46501,1.46521,7.20,4.80
2008.02.19 01:14:20.243,1.46501,1.46516,2.40,4.20
2008.02.19 01:14:20.421,1.465,1.46515,17.70,3.00
2008.02.19 01:14:21.795,1.46495,1.4651,1.00,2.40
2008.02.19 01:14:22.079,1.46493,1.46509,7.20,3.00
2008.02.19 01:14:22.586,1.46493,1.46509,1.20,11.40
2008.02.19 01:14:22.683,1.46492,1.46512,3.00,4.80
2008.02.19 01:14:22.778,1.46496,1.46516,8.40,3.00
2008.02.19 01:14:22.873,1.46496,1.46516,2.40,12.00
2008.02.19 01:14:22.969,1.46498,1.46518,3.00,12.10
2008.02.19 01:14:23.065,1.46499,1.46519,6.00,28.20
2008.02.19 01:14:23.326,1.46503,1.46513,11.40,3.00
2008.02.19 01:14:23.585,1.46499,1.46514,7.20,12.00
2008.02.19 01:14:23.846,1.46496,1.46511,7.30,6.00
2008.02.19 01:14:24.982,1.46498,1.46508,3.60,6.00
2008.02.19 01:14:25.131,1.46496,1.46512,7.20,5.40
2008.02.19 01:14:25.280,1.46497,1.46512,6.00,2.40
2008.02.19 01:14:26.919,1.46493,1.46513,1.80,10.80
2008.02.19 01:14:27.166,1.46493,1.46513,9.00,4.20
2008.02.19 01:14:27.907,1.46492,1.46512,16.60,4.80
2008.02.19 01:14:28.015,1.46492,1.46512,6.00,1.20
2008.02.19 01:14:28.134,1.46487,1.46517,39.00,7.80
2008.02.19 01:14:28.369,1.46488,1.46518,13.20,15.60
2008.02.19 01:14:28.605,1.46485,1.46515,3.00,5.40
2008.02.19 01:14:30.089,1.46483,1.46513,6.00,11.70
2008.02.19 01:14:30.397,1.46482,1.46507,27.00,4.80
2008.02.19 01:14:30.576,1.46483,1.46503,9.00,13.00
2008.02.19 01:14:30.749,1.46485,1.46505,1.50,8.40
2008.02.19 01:14:31.422,1.46489,1.46509,22.80,7.20
2008.02.19 01:14:31.691,1.46492,1.46512,3.00,1.90
2008.02.19 01:14:31.959,1.46495,1.4651,7.80,8.40
2008.02.19 01:14:32.491,1.46494,1.46509,2.40,9.30
2008.02.19 01:14:32.557,1.46493,1.46508,2.40,6.70
2008.02.19 01:14:32.757,1.46498,1.46508,6.00,8.40
2008.02.19 01:14:32.825,1.46502,1.46512,5.40,12.30
2008.02.19 01:14:33.057,1.46503,1.46513,2.40,4.80
2008.02.19 01:14:33.125,1.465,1.46516,3.30,3.00
2008.02.19 01:14:33.386,1.46499,1.46514,9.60,8.40
2008.02.19 01:14:33.493,1.46498,1.46508,22.20,9.60
2008.02.19 01:14:33.603,1.46493,1.46508,7.80,6.80
2008.02.19 01:14:33.813,1.46494,1.46504,4.80,4.80
2008.02.19 01:14:33.921,1.46492,1.46507,7.20,4.80
2008.02.19 01:14:34.767,1.46493,1.46508,4.80,1.80
2008.02.19 01:14:35.057,1.46493,1.46513,32.10,8.40
2008.02.19 01:14:36.052,1.46496,1.46516,2.40,1.00
2008.02.19 01:14:37.164,1.46496,1.46516,15.60,7.80
2008.02.19 01:14:38.164,1.46495,1.46521,1.00,1.90
2008.02.19 01:14:38.771,1.46499,1.46519,7.20,7.00
2008.02.19 01:14:38.876,1.46496,1.46516,2.40,1.00
2008.02.19 01:14:38.958,1.46493,1.46513,10.50,4.80
2008.02.19 01:14:39.043,1.46484,1.46514,2.40,3.60
2008.02.19 01:14:39.186,1.46482,1.46507,10.80,20.50
2008.02.19 01:14:39.326,1.46478,1.46503,6.00,4.80
2008.02.19 01:14:39.465,1.46477,1.46502,2.40,15.40
2008.02.19 01:14:39.605,1.46475,1.46495,12.60,2.40
2008.02.19 01:14:39.752,1.46471,1.46501,6.00,8.40
2008.02.19 01:14:39.893,1.46477,1.46502,21.00,2.40
2008.02.19 01:14:40.182,1.46484,1.46504,1.00,2.80
2008.02.19 01:14:40.385,1.46493,1.46503,4.80,3.60
2008.02.19 01:14:40.596,1.46491,1.46511,8.40,3.10
2008.02.19 01:14:40.793,1.46493,1.46513,5.40,2.40
2008.02.19 01:14:40.989,1.46493,1.46518,6.00,8.40
2008.02.19 01:14:41.198,1.46492,1.46522,8.70,2.40
2008.02.19 01:14:41.525,1.46492,1.46522,4.80,7.20
2008.02.19 01:14:42.201,1.4649,1.4652,8.40,3.00
2008.02.19 01:14:42.542,1.46488,1.46518,4.80,2.40
2008.02.19 01:14:42.638,1.46486,1.46516,12.60,2.40
2008.02.19 01:14:42.734,1.46488,1.46513,3.00,3.00
2008.02.19 01:14:42.843,1.46489,1.46514,3.00,6.90
2008.02.19 01:14:42.926,1.46493,1.46513,6.60,2.40
2008.02.19 01:14:43.238,1.46494,1.46514,10.20,1.90
2008.02.19 01:14:43.299,1.46499,1.46519,6.00,3.00
2008.02.19 01:14:43.394,1.46502,1.46522,12.60,2.40
2008.02.19 01:14:43.490,1.46507,1.46517,1.00,2.40
2008.02.19 01:14:43.953,1.46505,1.4652,3.00,1.00
2008.02.19 01:14:45.777,1.46504,1.46514,3.10,6.30
2008.02.19 01:14:55.813,1.46497,1.46512,2.40,1.00
2008.02.19 01:14:56.081,1.46493,1.46513,10.50,2.40
2008.02.19 01:14:56.349,1.46492,1.46512,1.00,2.70
2008.02.19 01:14:56.617,1.46493,1.46513,2.40,7.30
2008.02.19 01:14:56.886,1.46495,1.46515,9.00,6.00
2008.02.19 01:14:58.870,1.46494,1.46519,13.20,3.00
2008.02.19 01:14:59.043,1.46496,1.46521,2.40,6.00
2008.02.19 01:14:59.099,1.46501,1.46526,15.00,2.40
2008.02.19 01:14:59.168,1.465,1.4653,16.80,12.90
2008.02.19 01:14:59.714,1.465,1.46525,2.40,4.80
2008.02.19 01:14:59.943,1.46502,1.46522,5.40,9.60
2008.02.19 01:15:02.621,1.46489,1.46509,15.60,1.00
2008.02.19 01:15:02.687,1.4649,1.46505,12.60,2.40
2008.02.19 01:15:02.746,1.46489,1.46504,4.80,11.40
2008.02.19 01:15:02.806,1.46488,1.46503,1.00,4.80
2008.02.19 01:15:02.926,1.4649,1.465,20.20,1.00
2008.02.19 01:15:02.987,1.46484,1.46509,8.40,6.00
2008.02.19 01:15:03.341,1.46482,1.46507,9.00,4.80
2008.02.19 01:15:03.682,1.46479,1.46509,9.60,6.60
2008.02.19 01:15:07.898,1.46483,1.46508,12.60,2.40
2008.02.19 01:15:08.020,1.46482,1.46507,3.00,7.20
2008.02.19 01:15:08.255,1.46482,1.46507,7.20,4.80
2008.02.19 01:15:08.491,1.46483,1.46503,6.00,4.20
2008.02.19 01:15:10.723,1.46489,1.46499,5.40,5.40
2008.02.19 01:15:10.854,1.46489,1.46499,7.80,2.40
2008.02.19 01:15:10.883,1.46491,1.46501,3.60,8.40
2008.02.19 01:15:12.684,1.4648,1.4651,12.00,7.80
2008.02.19 01:15:13.921,1.46487,1.46497,2.40,1.20
2008.02.19 01:15:14.081,1.46478,1.46492,6.00,9.10
2008.02.19 01:15:14.204,1.46465,1.46485,1.00,32.50
2008.02.19 01:15:20.341,1.46455,1.46475,3.60,2.40
2008.02.19 01:15:20.517,1.4645,1.4647,2.40,1.00
2008.02.19 01:15:25.198,1.46459,1.46475,21.00,13.80
2008.02.19 01:15:25.528,1.46473,1.46478,3.00,15.30
2008.02.19 01:15:25.601,1.4648,1.46484,4.80,4.80
2008.02.19 01:15:26.187,1.46485,1.46495,7.20,8.80
2008.02.19 01:15:26.495,1.46492,1.46502,2.40,1.80
2008.02.19 01:15:27.438,1.46496,1.46506,3.00,1.00
2008.02.19 01:15:30.122,1.46497,1.46507,15.00,4.80
2008.02.19 01:15:30.342,1.4649,1.4651,2.40,6.00
2008.02.19 01:15:30.447,1.46488,1.46508,7.80,17.50
2008.02.19 01:15:30.691,1.46485,1.46505,6.00,16.30
2008.02.19 01:15:30.743,1.46483,1.46503,12.40,4.80
2008.02.19 01:15:30.770,1.4648,1.46505,4.80,3.00
2008.02.19 01:15:30.798,1.46483,1.46503,1.00,8.00
2008.02.19 01:15:30.978,1.46481,1.46506,10.80,8.00
2008.02.19 01:15:31.414,1.46482,1.46502,4.80,9.60
2008.02.19 01:15:31.673,1.46481,1.46501,7.80,5.40
2008.02.19 01:15:31.927,1.46477,1.46502,1.00,2.40
2008.02.19 01:15:32.195,1.46475,1.465,7.20,4.80
2008.02.19 01:15:32.265,1.46472,1.46502,4.20,14.80
2008.02.19 01:15:33.352,1.46475,1.465,18.60,4.80
2008.02.19 01:15:33.695,1.46475,1.46505,4.80,3.60
2008.02.19 01:15:34.036,1.46476,1.46506,6.60,26.80
2008.02.19 01:15:35.426,1.46481,1.46506,9.00,4.80
2008.02.19 01:15:35.568,1.46485,1.4651,2.40,14.80
2008.02.19 01:15:35.703,1.46488,1.46513,14.70,7.20
2008.02.19 01:15:35.860,1.46491,1.46511,7.80,7.80
2008.02.19 01:15:40.092,1.4649,1.4651,13.80,4.80
2008.02.19 01:15:40.347,1.46494,1.46504,14.40,2.40
2008.02.19 01:15:40.592,1.4649,1.465,1.00,8.40
2008.02.19 01:15:42.682,1.46485,1.46495,7.80,1.00
2008.02.19 01:15:42.962,1.46485,1.46495,13.90,1.00
2008.02.19 01:15:43.667,1.46488,1.46498,8.40,7.20
2008.02.19 01:15:44.164,1.46494,1.46509,6.30,2.40
2008.02.19 01:15:44.647,1.465,1.46526,3.00,4.80
2008.02.19 01:15:44.772,1.46504,1.4653,4.80,6.00
2008.02.19 01:15:44.863,1.46501,1.46521,4.80,9.60
2008.02.19 01:15:44.922,1.46489,1.46514,10.20,11.70
2008.02.19 01:15:44.980,1.46483,1.46507,15.20,3.00
2008.02.19 01:15:45.145,1.46482,1.46502,1.00,7.80
2008.02.19 01:15:45.202,1.4648,1.465,31.20,5.40
2008.02.19 01:15:45.258,1.46482,1.46502,6.00,1.00
2008.02.19 01:15:45.314,1.46482,1.46502,1.00,6.00
2008.02.19 01:15:45.423,1.46478,1.46503,17.20,8.80
2008.02.19 01:15:45.478,1.46474,1.46504,5.40,6.60
2008.02.19 01:15:45.626,1.46473,1.46498,22.90,16.20
2008.02.19 01:15:45.774,1.46472,1.46497,9.00,1.90
2008.02.19 01:15:45.922,1.46471,1.46496,5.40,6.40
2008.02.19 01:15:46.070,1.46467,1.46497,13.20,14.50
2008.02.19 01:15:47.766,1.46466,1.46496,10.80,3.60
2008.02.19 01:15:47.886,1.46465,1.46495,9.60,7.80
2008.02.19 01:15:48.006,1.46466,1.46496,2.40,1.00
2008.02.19 01:15:48.329,1.46469,1.46499,6.60,6.00
2008.02.19 01:15:48.448,1.4647,1.465,3.00,11.20
2008.02.19 01:15:53.104,1.46474,1.46499,1.00,15.60
2008.02.19 01:15:53.424,1.46475,1.465,4.80,2.40
2008.02.19 01:15:53.724,1.46478,1.46498,2.40,20.20
2008.02.19 01:15:53.808,1.46479,1.46499,5.40,15.40
2008.02.19 01:16:14.789,1.4648,1.465,9.00,5.10
2008.02.19 01:16:14.947,1.46481,1.46506,5.40,7.80
2008.02.19 01:16:15.107,1.46486,1.46516,4.20,8.40
2008.02.19 01:16:15.262,1.46498,1.46528,3.00,5.10
2008.02.19 01:16:15.557,1.46505,1.46535,20.50,8.40
2008.02.19 01:16:20.579,1.46511,1.46526,6.00,13.30
2008.02.19 01:16:22.269,1.46502,1.46528,11.60,1.20
2008.02.19 01:16:31.180,1.46497,1.46527,4.80,2.40
2008.02.19 01:16:32.701,1.46501,1.46511,2.40,12.70
2008.02.19 01:16:33.463,1.46479,1.46509,14.40,24.60
2008.02.19 01:16:33.742,1.46465,1.46495,4.50,4.80
2008.02.19 01:16:34.026,1.46458,1.46482,9.60,4.80
2008.02.19 01:16:39.348,1.46466,1.46476,3.00,13.60
2008.02.19 01:16:45.499,1.46463,1.46489,4.20,8.80
2008.02.19 01:16:51.316,1.46478,1.46488,2.40,3.00
2008.02.19 01:16:51.613,1.4648,1.465,5.40,5.40
2008.02.19 01:16:52.135,1.46482,1.46506,2.40,9.20
2008.02.19 01:16:58.266,1.46485,1.46509,28.80,4.80
2008.02.19 01:16:59.059,1.46483,1.46513,1.60,9.00
2008.02.19 01:17:01.199,1.46495,1.46505,4.20,11.10
2008.02.19 01:17:01.313,1.46494,1.46505,9.00,12.00
2008.02.19 01:17:01.430,1.46496,1.46506,6.00,1.60
2008.02.19 01:17:01.551,1.46491,1.46512,11.40,13.80
2008.02.19 01:17:01.666,1.46495,1.46505,2.40,1.00
2008.02.19 01:17:01.782,1.46496,1.46501,4.80,11.20
2008.02.19 01:17:01.987,1.46485,1.4651,2.40,6.00
2008.02.19 01:17:02.189,1.46484,1.46509,2.40,3.60
2008.02.19 01:17:02.394,1.4649,1.465,5.40,6.10
2008.02.19 01:17:03.591,1.46492,1.46497,7.80,16.80
2008.02.19 01:17:03.858,1.46494,1.46499,8.40,2.40
2008.02.19 01:17:04.309,1.46481,1.46506,1.20,5.70
2008.02.19 01:17:04.474,1.46485,1.465,1.80,7.20
2008.02.19 01:17:04.558,1.46485,1.465,7.20,7.40
2008.02.19 01:17:05.485,1.46481,1.46501,4.80,13.20
2008.02.19 01:17:05.646,1.46485,1.46495,7.80,8.40
2008.02.19 01:17:05.806,1.46486,1.46496,8.40,7.80
2008.02.19 01:17:05.966,1.46486,1.46496,1.20,2.40
2008.02.19 01:17:06.270,1.46485,1.465,3.60,14.60
2008.02.19 01:17:06.574,1.46486,1.46496,2.40,6.00
2008.02.19 01:17:06.878,1.46486,1.46491,19.20,15.40
2008.02.19 01:17:07.022,1.46478,1.46484,3.60,2.40
2008.02.19 01:17:07.166,1.4647,1.46475,11.40,2.40
2008.02.19 01:17:07.310,1.46466,1.46471,10.80,9.60
2008.02.19 01:17:07.454,1.46469,1.46479,14.60,2.40
2008.02.19 01:17:07.598,1.46475,1.46485,4.80,7.80
2008.02.19 01:17:07.882,1.46479,1.46494,2.40,5.40
2008.02.19 01:17:08.026,1.4648,1.465,1.20,3.00
2008.02.19 01:17:08.558,1.46487,1.46502,3.00,1.20
2008.02.19 01:17:08.687,1.46481,1.46516,11.40,1.00
2008.02.19 01:17:08.738,1.46494,1.46504,33.00,2.40
2008.02.19 01:17:09.734,1.46489,1.46509,2.40,17.80
2008.02.19 01:17:13.605,1.4649,1.46505,24.00,2.40
2008.02.19 01:17:14.006,1.46489,1.46504,2.40,4.80
2008.02.19 01:17:16.638,1.46491,1.46495,1.00,4.80
2008.02.19 01:17:16.800,1.46486,1.46491,18.00,6.00
2008.02.19 01:17:16.947,1.46481,1.46486,19.80,1.00
2008.02.19 01:17:17.094,1.46479,1.46484,8.40,11.50
2008.02.19 01:17:17.242,1.46478,1.46483,7.20,2.40
2008.02.19 01:17:17.536,1.4648,1.46485,8.40,2.70
2008.02.19 01:17:20.574,1.46481,1.46486,8.40,6.00
2008.02.19 01:17:21.208,1.4648,1.4649,14.40,1.00
2008.02.19 01:17:23.245,1.46481,1.46496,7.80,4.80
2008.02.19 01:17:23.514,1.46479,1.46499,17.40,2.40
2008.02.19 01:17:25.339,1.46485,1.46495,17.20,1.00
2008.02.19 01:17:25.639,1.46486,1.46496,7.20,25.20
2008.02.19 01:17:25.937,1.46485,1.46495,2.40,9.40
2008.02.19 01:17:27.093,1.46485,1.46495,5.40,1.80
2008.02.19 01:17:27.301,1.46483,1.46493,5.40,2.40
2008.02.19 01:17:27.702,1.46477,1.46497,6.60,3.00
2008.02.19 01:17:27.839,1.46477,1.46497,21.40,4.80
2008.02.19 01:17:27.973,1.46479,1.46499,2.40,4.00
2008.02.19 01:17:28.123,1.4648,1.465,21.70,3.00
2008.02.19 01:17:28.518,1.46486,1.46496,8.40,2.40
2008.02.19 01:17:29.353,1.46487,1.46497,8.40,4.80
2008.02.19 01:17:31.683,1.4649,1.46504,3.60,6.00
2008.02.19 01:17:31.861,1.46492,1.46512,12.00,8.40
2008.02.19 01:17:31.978,1.4649,1.46525,6.00,8.20
2008.02.19 01:17:33.266,1.46501,1.46521,2.40,18.40
2008.02.19 01:17:33.601,1.46499,1.46529,2.40,3.00
2008.02.19 01:17:33.854,1.46505,1.46515,8.40,5.50
2008.02.19 01:17:39.790,1.4649,1.4652,6.00,7.80
2008.02.19 01:17:42.113,1.46485,1.46515,4.80,4.20
2008.02.19 01:17:42.523,1.46482,1.46512,12.60,6.00
2008.02.19 01:17:43.196,1.4648,1.46506,4.20,1.00
2008.02.19 01:17:43.438,1.4648,1.46506,25.20,6.60
2008.02.19 01:17:43.523,1.46479,1.46505,1.80,2.40
2008.02.19 01:17:43.609,1.46479,1.46503,2.40,3.70
2008.02.19 01:17:44.501,1.4647,1.4651,39.00,7.80
2008.02.19 01:17:45.588,1.46479,1.46499,6.60,7.20
2008.02.19 01:17:45.794,1.46485,1.46495,4.80,1.20
2008.02.19 01:17:46.001,1.46486,1.46496,3.00,9.60
2008.02.19 01:17:46.417,1.46487,1.46497,7.20,2.40
2008.02.19 01:17:46.586,1.46488,1.46498,1.80,7.80
2008.02.19 01:17:47.705,1.46487,1.46502,3.00,8.40
2008.02.19 01:17:47.856,1.46491,1.46501,12.20,2.40
2008.02.19 01:17:47.956,1.46492,1.46502,21.40,4.80
2008.02.19 01:17:48.150,1.4649,1.465,2.40,22.10
2008.02.19 01:17:49.088,1.46492,1.46502,6.60,3.00
2008.02.19 01:17:49.143,1.46496,1.46501,6.60,11.70
2008.02.19 01:17:49.200,1.46497,1.46502,2.40,5.40
2008.02.19 01:17:49.363,1.46498,1.46503,2.40,6.10
2008.02.19 01:17:49.488,1.46489,1.46509,4.80,10.60
2008.02.19 01:17:49.781,1.46495,1.465,1.00,2.40
2008.02.19 01:17:50.721,1.46479,1.46513,2.40,2.40
2008.02.19 01:17:52.592,1.46482,1.46507,1.20,2.40
2008.02.19 01:17:52.833,1.46488,1.46498,8.40,4.80
2008.02.19 01:17:53.071,1.46486,1.46496,19.20,9.00
2008.02.19 01:17:53.312,1.46479,1.46504,3.00,6.10
2008.02.19 01:17:53.769,1.4649,1.46494,42.00,24.00
2008.02.19 01:17:54.003,1.46477,1.46502,4.80,7.20
2008.02.19 01:17:54.649,1.46476,1.46501,8.40,10.80
2008.02.19 01:17:55.205,1.46472,1.46497,4.80,7.20
2008.02.19 01:17:55.377,1.46477,1.46487,21.00,3.00
2008.02.19 01:18:02.059,1.46478,1.46488,7.80,1.00
2008.02.19 01:18:02.343,1.46485,1.4649,7.20,6.30
2008.02.19 01:18:02.627,1.46485,1.4649,2.40,1.00
2008.02.19 01:18:02.847,1.46485,1.4649,5.50,4.80
2008.02.19 01:18:05.584,1.46486,1.46491,4.80,6.10
2008.02.19 01:18:05.802,1.46488,1.46493,1.20,7.20
2008.02.19 01:18:06.119,1.46491,1.46496,6.00,2.40
2008.02.19 01:18:06.357,1.46493,1.46498,8.40,15.60
2008.02.19 01:18:06.803,1.4648,1.4651,14.00,10.20
2008.02.19 01:18:07.164,1.46477,1.46507,9.00,1.80
2008.02.19 01:18:07.507,1.4647,1.46505,10.20,4.80
2008.02.19 01:18:07.759,1.46467,1.46502,29.00,1.00
2008.02.19 01:18:08.454,1.4647,1.465,6.00,7.80
2008.02.19 01:18:09.205,1.46475,1.465,6.00,6.60
2008.02.19 01:18:09.418,1.46484,1.46499,10.80,7.50
2008.02.19 01:18:09.528,1.46488,1.46503,3.00,1.00
2008.02.19 01:18:09.774,1.46492,1.46502,2.40,2.40
2008.02.19 01:18:10.254,1.46493,1.46503,4.50,6.00
2008.02.19 01:18:11.496,1.46492,1.46506,24.00,4.80
2008.02.19 01:18:11.800,1.46493,1.46508,3.60,5.40
2008.02.19 01:18:11.894,1.46491,1.46511,2.40,4.80
2008.02.19 01:18:11.990,1.46495,1.46509,4.80,7.20
2008.02.19 01:18:12.187,1.46493,1.46513,10.20,4.80
2008.02.19 01:18:12.398,1.46497,1.46512,7.20,22.00
2008.02.19 01:18:12.678,1.46494,1.4651,4.20,8.80
2008.02.19 01:18:12.944,1.46491,1.46511,5.40,4.80
2008.02.19 01:18:13.234,1.46484,1.46514,10.80,20.50
2008.02.19 01:18:13.472,1.46486,1.46511,1.80,2.40
2008.02.19 01:18:13.736,1.4649,1.465,4.80,7.20
2008.02.19 01:18:13.839,1.46483,1.46493,10.50,2.40
2008.02.19 01:18:13.944,1.46476,1.46481,8.80,22.30
2008.02.19 01:18:14.248,1.46468,1.46478,10.20,9.00
2008.02.19 01:18:14.351,1.46464,1.4649,1.00,22.50
2008.02.19 01:18:14.754,1.46475,1.46489,3.60,2.40
2008.02.19 01:18:15.167,1.4648,1.4649,9.00,3.00
2008.02.19 01:18:19.558,1.46481,1.46491,7.80,12.00
2008.02.19 01:18:19.696,1.46482,1.46492,8.40,1.00
2008.02.19 01:18:19.888,1.46477,1.46497,2.20,2.40
2008.02.19 01:18:20.072,1.46479,1.46499,2.40,17.25
2008.02.19 01:18:20.119,1.46478,1.46503,1.20,6.00
2008.02.19 01:18:20.168,1.46481,1.46506,8.40,10.60
2008.02.19 01:18:20.214,1.46485,1.46505,2.40,14.30
2008.02.19 01:18:20.306,1.46484,1.46509,2.40,5.40
2008.02.19 01:18:20.355,1.46484,1.46509,5.40,4.80
2008.02.19 01:18:20.866,1.46481,1.46511,2.25,4.80
2008.02.19 01:18:21.168,1.46481,1.46506,4.80,5.40
2008.02.19 01:18:21.469,1.46477,1.46507,3.00,10.80
2008.02.19 01:18:21.766,1.46473,1.46508,7.80,11.40
2008.02.19 01:18:21.994,1.46481,1.46501,6.00,1.90
2008.02.19 01:18:22.110,1.46479,1.46505,2.40,3.30
2008.02.19 01:18:22.226,1.4648,1.46504,2.40,6.00
2008.02.19 01:18:22.342,1.46482,1.46502,10.80,4.80
2008.02.19 01:18:22.570,1.46481,1.46505,2.40,7.80
2008.02.19 01:18:22.686,1.4648,1.46506,3.00,6.00
2008.02.19 01:18:25.953,1.46481,1.46505,8.40,4.80
2008.02.19 01:18:25.986,1.46481,1.46505,4.80,7.20
2008.02.19 01:18:26.022,1.46479,1.46504,7.80,12.10
2008.02.19 01:18:26.090,1.46479,1.46504,2.40,3.00
2008.02.19 01:18:26.126,1.46478,1.46503,17.40,13.80
2008.02.19 01:18:26.165,1.46482,1.46502,16.80,6.00
2008.02.19 01:18:26.202,1.46489,1.46499,4.80,11.20
2008.02.19 01:18:26.526,1.46486,1.46506,7.80,8.20
2008.02.19 01:18:26.886,1.46484,1.4651,2.40,11.70
2008.02.19 01:18:27.431,1.46485,1.46509,10.90,1.20
2008.02.19 01:18:27.975,1.46485,1.46509,2.40,4.80
2008.02.19 01:18:38.771,1.46482,1.46506,5.40,4.80
2008.02.19 01:18:38.851,1.4648,1.465,6.60,2.40
2008.02.19 01:18:38.915,1.46477,1.46497,2.40,6.40
2008.02.19 01:18:39.102,1.46473,1.46498,8.40,2.40
2008.02.19 01:18:39.138,1.46473,1.46503,4.80,10.80
2008.02.19 01:18:39.206,1.46474,1.46504,9.60,4.80
2008.02.19 01:18:39.242,1.46475,1.46505,6.00,8.20
2008.02.19 01:18:39.278,1.46475,1.46505,4.80,5.40
2008.02.19 01:18:39.424,1.46479,1.46504,3.60,3.00
2008.02.19 01:18:39.458,1.46479,1.46504,1.00,9.30
2008.02.19 01:18:39.626,1.46478,1.46508,7.80,5.40
2008.02.19 01:18:40.182,1.46478,1.46508,41.80,2.40
2008.02.19 01:18:40.391,1.46474,1.46509,6.60,12.10
2008.02.19 01:18:40.598,1.46473,1.46508,13.20,2.40
2008.02.19 01:18:43.491,1.46476,1.46506,2.40,18.50
2008.02.19 01:18:43.581,1.46483,1.46513,7.80,2.40
2008.02.19 01:18:43.775,1.46495,1.4652,20.40,1.00
2008.02.19 01:18:43.875,1.46501,1.46525,8.40,4.80
2008.02.19 01:19:04.803,1.4648,1.46504,10.80,5.40
2008.02.19 01:19:04.892,1.46484,1.46504,24.60,4.20
2008.02.19 01:19:04.999,1.46485,1.46505,4.20,2.70
2008.02.19 01:19:05.653,1.46484,1.46504,1.00,7.90
2008.02.19 01:19:13.834,1.46481,1.46501,6.00,8.70
2008.02.19 01:19:13.953,1.46478,1.46498,4.80,19.00
2008.02.19 01:19:13.998,1.46476,1.46496,3.00,6.00
2008.02.19 01:19:14.049,1.46477,1.46497,7.80,8.20
2008.02.19 01:19:16.357,1.46483,1.46503,17.40,5.40
2008.02.19 01:19:16.573,1.46493,1.46513,17.40,4.80
2008.02.19 01:19:16.989,1.46504,1.46524,2.40,2.40
2008.02.19 01:19:18.712,1.46509,1.46529,8.40,47.80
2008.02.19 01:19:19.004,1.46505,1.46529,4.80,4.80
2008.02.19 01:19:20.751,1.465,1.4652,1.20,18.10
2008.02.19 01:19:21.015,1.46496,1.46512,17.00,4.80
2008.02.19 01:19:21.155,1.46486,1.46506,2.40,3.30
2008.02.19 01:19:24.522,1.46484,1.46494,10.20,21.70
2008.02.19 01:19:28.758,1.46472,1.46492,20.40,9.00
2008.02.19 01:19:29.786,1.46464,1.46484,6.60,5.70
2008.02.19 01:19:30.003,1.46464,1.46474,1.00,5.60
2008.02.19 01:19:30.117,1.46465,1.46475,3.60,1.00
2008.02.19 01:19:30.233,1.46473,1.46483,7.80,12.30
2008.02.19 01:19:30.461,1.46481,1.46491,19.20,5.40
2008.02.19 01:19:30.810,1.46488,1.46498,8.40,7.20
2008.02.19 01:19:30.926,1.46483,1.46508,7.80,2.40
2008.02.19 01:19:31.042,1.46481,1.46507,7.20,9.70
2008.02.19 01:19:42.494,1.46481,1.46505,5.40,6.00
2008.02.19 01:19:42.758,1.46486,1.46496,5.40,15.00
2008.02.19 01:19:47.483,1.46477,1.46502,9.00,3.00
2008.02.19 01:19:48.150,1.46477,1.46502,5.60,4.80
2008.02.19 01:19:52.326,1.46479,1.46499,7.80,4.00
2008.02.19 01:19:58.729,1.4648,1.465,2.40,9.20
2008.02.19 01:19:58.858,1.4648,1.46505,2.40,3.30
2008.02.19 01:19:58.930,1.46486,1.46506,6.00,4.20
2008.02.19 01:19:58.968,1.46492,1.46502,1.80,5.80
2008.02.19 01:20:02.767,1.46478,1.46502,4.80,7.00
2008.02.19 01:20:03.385,1.46476,1.46501,13.20,10.20
2008.02.19 01:20:06.172,1.46479,1.46494,48.60,1.30
2008.02.19 01:20:06.474,1.46479,1.46489,3.00,1.20
2008.02.19 01:20:06.618,1.46475,1.4649,4.80,11.40
2008.02.19 01:20:06.763,1.46472,1.46492,11.40,9.70
2008.02.19 01:20:06.905,1.46468,1.46493,32.10,8.40
2008.02.19 01:20:07.189,1.46472,1.46497,1.00,8.80
2008.02.19 01:20:07.459,1.46475,1.46505,2.50,13.80
2008.02.19 01:20:08.993,1.46493,1.46508,26.80,2.40
2008.02.19 01:20:10.782,1.46499,1.46529,32.40,3.00
2008.02.19 01:20:10.881,1.46505,1.46535,4.80,2.40
2008.02.19 01:20:10.981,1.46506,1.46532,8.10,4.50
2008.02.19 01:20:11.081,1.46502,1.46526,5.40,7.20
2008.02.19 01:20:11.181,1.46496,1.46522,16.80,14.70
2008.02.19 01:20:11.523,1.46494,1.46519,2.40,10.80
2008.02.19 01:20:14.701,1.46504,1.46514,11.70,13.90
2008.02.19 01:20:25.327,1.46501,1.46521,21.70,1.80
2008.02.19 01:20:25.409,1.46507,1.46517,4.80,2.40
2008.02.19 01:20:25.493,1.46508,1.46518,6.00,8.70
2008.02.19 01:20:25.920,1.46504,1.46514,16.80,9.00
2008.02.19 01:20:27.964,1.46498,1.46508,7.20,2.50
2008.02.19 01:20:31.787,1.4649,1.465,1.20,9.40
2008.02.19 01:20:32.842,1.46484,1.46499,6.00,4.80
2008.02.19 01:20:32.950,1.46481,1.46501,5.40,9.00
2008.02.19 01:20:32.986,1.46481,1.46501,15.00,1.80
2008.02.19 01:20:33.171,1.46482,1.46502,4.80,11.40
2008.02.19 01:20:33.268,1.46484,1.46504,4.20,7.20
2008.02.19 01:20:33.400,1.46478,1.46504,2.40,7.80
2008.02.19 01:20:33.579,1.46469,1.46499,5.40,4.80
2008.02.19 01:20:34.726,1.46464,1.46488,9.00,8.40
2008.02.19 01:20:34.949,1.4646,1.46484,4.20,18.30
2008.02.19 01:20:35.229,1.46463,1.46489,2.40,7.20
2008.02.19 01:20:39.871,1.46478,1.46488,2.40,27.60
2008.02.19 01:20:45.061,1.46476,1.465,4.80,3.00
2008.02.19 01:20:45.180,1.4648,1.46504,7.80,7.20
2008.02.19 01:20:45.407,1.46483,1.46508,1.20,9.00
2008.02.19 01:20:54.312,1.46488,1.46513,8.70,15.60
2008.02.19 01:20:54.356,1.4649,1.46515,4.80,11.50
2008.02.19 01:20:55.251,1.46491,1.46516,7.20,17.80
2008.02.19 01:20:56.618,1.46491,1.46516,3.00,6.10
2008.02.19 01:20:58.536,1.46489,1.46514,5.40,7.30
2008.02.19 01:20:58.548,1.46485,1.4651,8.40,16.30
2008.02.19 01:20:58.606,1.46483,1.46503,5.40,10.20
2008.02.19 01:20:58.711,1.46479,1.46505,12.60,2.40
2008.02.19 01:21:15.541,1.46486,1.46506,8.40,2.40
2008.02.19 01:21:15.871,1.46482,1.46502,3.60,3.60
2008.02.19 01:21:15.898,1.4648,1.46495,12.60,2.40
2008.02.19 01:21:15.944,1.4648,1.46495,4.80,16.20
2008.02.19 01:21:16.057,1.46475,1.46495,6.00,4.80
2008.02.19 01:21:16.083,1.46474,1.46494,3.00,9.30
2008.02.19 01:21:16.200,1.46471,1.46491,3.00,3.00
2008.02.19 01:21:16.278,1.46463,1.46493,27.00,4.80
2008.02.19 01:21:16.314,1.4646,1.4649,6.00,6.00
2008.02.19 01:21:16.630,1.46455,1.46485,5.20,12.60
2008.02.19 01:21:16.945,1.46451,1.46481,2.40,9.60
2008.02.19 01:21:17.627,1.46454,1.4648,3.00,10.20
2008.02.19 01:21:17.946,1.46461,1.46481,4.80,6.80
2008.02.19 01:21:19.793,1.46463,1.46488,20.40,1.00
2008.02.19 01:21:21.875,1.46466,1.46492,25.20,1.00
2008.02.19 01:21:21.941,1.46469,1.46493,9.00,1.80
2008.02.19 01:21:21.991,1.46477,1.46487,4.00,5.40
2008.02.19 01:21:23.706,1.4647,1.46494,19.20,4.80
2008.02.19 01:21:24.015,1.46467,1.46493,2.40,4.80
2008.02.19 01:21:24.323,1.46466,1.46491,3.00,22.90
2008.02.19 01:21:25.917,1.46469,1.46489,1.20,3.30
2008.02.19 01:21:26.016,1.4647,1.4649,16.80,4.80
2008.02.19 01:21:26.091,1.46476,1.46486,21.60,4.80
2008.02.19 01:21:26.463,1.46475,1.46485,7.60,1.00
2008.02.19 01:21:27.197,1.4647,1.46485,20.10,3.30
2008.02.19 01:21:27.254,1.46467,1.46482,4.80,8.40
2008.02.19 01:21:27.309,1.46465,1.4648,15.00,7.80
2008.02.19 01:21:27.417,1.46459,1.46484,7.80,6.80
2008.02.19 01:21:27.525,1.46461,1.46481,3.00,4.20
2008.02.19 01:21:27.665,1.4646,1.46485,7.80,2.40
2008.02.19 01:21:28.102,1.46462,1.46487,1.80,4.20
2008.02.19 01:21:29.299,1.46468,1.46488,12.00,3.00
2008.02.19 01:21:35.576,1.46468,1.46488,5.40,11.20
2008.02.19 01:21:44.205,1.46466,1.46491,3.00,4.80
2008.02.19 01:21:44.302,1.46464,1.4649,25.80,20.20
2008.02.19 01:21:44.487,1.46469,1.46484,3.00,1.20
2008.02.19 01:21:44.671,1.46472,1.46486,1.00,16.00
2008.02.19 01:21:45.033,1.46475,1.4649,5.40,2.40
2008.02.19 01:21:45.218,1.46481,1.46497,3.00,1.90
2008.02.19 01:21:48.027,1.46495,1.46499,22.20,4.80
2008.02.19 01:21:50.697,1.46498,1.46502,10.80,16.80
2008.02.19 01:21:50.986,1.46494,1.46498,9.00,3.00
2008.02.19 01:21:51.044,1.46482,1.46497,4.80,9.00
2008.02.19 01:21:51.409,1.46478,1.46493,12.60,4.80
2008.02.19 01:21:51.569,1.46475,1.4649,7.20,5.70
2008.02.19 01:21:51.677,1.46473,1.46488,11.40,7.90
2008.02.19 01:21:54.186,1.46473,1.46488,7.80,4.80
2008.02.19 01:21:54.515,1.46469,1.46489,2.10,7.80
2008.02.19 01:21:54.799,1.4647,1.46485,2.40,19.90
2008.02.19 01:21:54.943,1.46473,1.46483,1.80,3.90
2008.02.19 01:21:55.087,1.46468,1.46488,7.80,7.78
2008.02.19 01:21:55.229,1.4647,1.46485,9.60,2.40
2008.02.19 01:21:55.569,1.46469,1.46484,1.20,3.00
2008.02.19 01:21:56.555,1.46467,1.46482,2.40,15.10
2008.02.19 01:21:56.686,1.46464,1.4648,2.40,1.20
2008.02.19 01:22:00.464,1.46458,1.46472,8.40,9.30
2008.02.19 01:22:01.771,1.46463,1.46478,6.00,49.20
2008.02.19 01:22:01.859,1.46471,1.46481,2.40,3.70
2008.02.19 01:22:01.999,1.46475,1.46485,4.80,1.00
2008.02.19 01:22:02.053,1.46475,1.46485,8.40,1.80
2008.02.19 01:22:02.163,1.46475,1.46485,2.40,1.00
2008.02.19 01:22:02.273,1.46474,1.46484,8.40,4.80
2008.02.19 01:22:02.331,1.46471,1.46486,22.90,10.20
2008.02.19 01:22:08.561,1.46468,1.46488,5.40,2.40
2008.02.19 01:22:10.703,1.46466,1.46486,2.40,1.00
2008.02.19 01:22:10.822,1.46465,1.46485,1.20,4.50
2008.02.19 01:22:10.956,1.46465,1.46485,8.40,4.20
2008.02.19 01:22:11.027,1.46467,1.46487,6.00,2.20
2008.02.19 01:22:11.138,1.46463,1.46488,12.60,6.40
2008.02.19 01:22:11.156,1.46463,1.46488,10.20,2.40
2008.02.19 01:22:11.253,1.46462,1.46487,2.40,16.00
2008.02.19 01:22:11.466,1.46465,1.46485,3.00,6.00
2008.02.19 01:22:11.575,1.46463,1.46489,7.80,4.80
2008.02.19 01:22:11.694,1.46468,1.46488,13.80,1.00
2008.02.19 01:22:11.744,1.46468,1.46488,13.20,8.40
2008.02.19 01:22:12.042,1.46467,1.46487,9.00,11.10
2008.02.19 01:22:12.342,1.46465,1.46485,4.80,1.00
2008.02.19 01:22:12.943,1.46469,1.46479,3.00,3.00
2008.02.19 01:22:13.242,1.46466,1.4648,2.40,3.10
2008.02.19 01:22:13.437,1.46471,1.46481,13.20,2.40
2008.02.19 01:22:13.633,1.46469,1.46485,9.60,6.00
2008.02.19 01:22:14.731,1.46472,1.46487,1.80,8.80
2008.02.19 01:22:14.907,1.46476,1.46491,2.40,9.00
2008.02.19 01:22:15.083,1.46475,1.465,4.80,6.00
2008.02.19 01:22:15.272,1.4648,1.465,4.20,6.10
2008.02.19 01:22:15.455,1.46486,1.46496,5.70,2.40
2008.02.19 01:22:15.649,1.46488,1.46494,5.00,7.20
2008.02.19 01:22:15.974,1.46481,1.46496,2.40,13.40
2008.02.19 01:22:16.363,1.46475,1.4649,2.40,1.20
2008.02.19 01:22:16.507,1.46464,1.46484,8.40,7.90
2008.02.19 01:22:16.586,1.46455,1.46475,3.60,1.30
2008.02.19 01:22:16.984,1.46452,1.46472,8.40,8.40
2008.02.19 01:22:17.084,1.46457,1.46477,8.40,4.80
2008.02.19 01:22:17.161,1.46469,1.46479,3.60,3.00
2008.02.19 01:22:17.733,1.46473,1.46483,4.80,1.00
2008.02.19 01:22:18.074,1.46472,1.46487,2.40,4.80
2008.02.19 01:22:22.502,1.46471,1.46486,8.70,27.00
2008.02.19 01:22:23.659,1.46471,1.46486,10.80,4.80
2008.02.19 01:22:26.333,1.46473,1.46488,5.40,1.80
2008.02.19 01:22:26.763,1.46475,1.46489,3.60,2.40
2008.02.19 01:22:32.162,1.46477,1.46492,6.00,3.00
2008.02.19 01:22:32.492,1.46477,1.46492,18.00,3.00
2008.02.19 01:22:32.587,1.46475,1.4649,6.00,11.40
2008.02.19 01:22:32.691,1.46471,1.46491,1.20,7.20
2008.02.19 01:22:34.581,1.46467,1.46487,4.80,9.60
2008.02.19 01:22:36.972,1.46465,1.46485,7.80,8.40
2008.02.19 01:22:36.996,1.46464,1.46484,2.40,17.70
2008.02.19 01:22:37.178,1.46469,1.46484,6.00,3.00
2008.02.19 01:22:39.578,1.46472,1.46487,1.20,12.60
2008.02.19 01:22:39.702,1.46472,1.46487,5.10,8.10
2008.02.19 01:22:39.825,1.46473,1.46488,7.30,6.00
2008.02.19 01:22:39.951,1.46472,1.46487,8.40,6.00
2008.02.19 01:22:40.073,1.46471,1.46486,20.50,8.40
2008.02.19 01:22:40.199,1.46472,1.46492,1.00,2.70
2008.02.19 01:22:40.321,1.46478,1.46498,1.00,2.40
2008.02.19 01:22:40.447,1.46489,1.46504,18.20,5.50
2008.02.19 01:22:40.673,1.46489,1.46509,16.80,9.00
2008.02.19 01:22:43.764,1.46484,1.46504,12.60,4.80
2008.02.19 01:22:43.899,1.46477,1.46497,3.60,3.40
2008.02.19 01:22:44.048,1.46473,1.46493,3.00,3.70
2008.02.19 01:22:44.184,1.46472,1.46487,1.20,4.80
2008.02.19 01:22:44.319,1.46475,1.4648,34.60,2.40
2008.02.19 01:22:44.456,1.46473,1.46483,2.40,1.00
2008.02.19 01:22:44.589,1.46471,1.46486,1.80,26.20
2008.02.19 01:22:44.991,1.46471,1.46486,2.40,4.80
2008.02.19 01:22:46.822,1.46464,1.46489,8.40,7.20
2008.02.19 01:22:47.106,1.4647,1.4648,9.00,26.40
2008.02.19 01:22:47.169,1.46467,1.46482,5.40,2.40
2008.02.19 01:22:47.233,1.46466,1.4648,5.40,7.20
2008.02.19 01:22:47.297,1.46473,1.46478,12.60,1.00
2008.02.19 01:22:47.361,1.46476,1.4648,10.40,4.80
2008.02.19 01:22:47.605,1.46481,1.46485,2.40,12.70
2008.02.19 01:22:47.669,1.46485,1.4649,17.20,3.60
2008.02.19 01:22:47.733,1.46488,1.46493,6.40,5.40
2008.02.19 01:22:47.925,1.46489,1.46494,2.40,3.00
2008.02.19 01:22:47.988,1.46487,1.46492,3.60,6.90
2008.02.19 01:22:48.051,1.46485,1.4649,21.60,8.40
2008.02.19 01:22:48.306,1.46468,1.46498,9.60,3.70
2008.02.19 01:22:48.561,1.46477,1.46487,2.25,4.80
2008.02.19 01:22:48.817,1.46475,1.46485,6.60,2.70
2008.02.19 01:22:49.073,1.46473,1.46483,1.80,4.80
2008.02.19 01:22:49.329,1.4647,1.4648,2.40,4.80
2008.02.19 01:22:49.607,1.46465,1.4648,7.20,2.10
2008.02.19 01:22:49.883,1.46465,1.4648,2.40,10.80
2008.02.19 01:22:50.158,1.46464,1.46479,12.60,2.40
2008.02.19 01:22:50.259,1.4646,1.4648,17.40,13.80
2008.02.19 01:22:50.454,1.46459,1.46479,4.80,6.00
2008.02.19 01:22:50.651,1.46458,1.46478,3.00,4.80
2008.02.19 01:22:50.750,1.46458,1.46478,1.80,2.40
2008.02.19 01:22:51.042,1.46462,1.46477,3.00,6.00
2008.02.19 01:22:51.238,1.46463,1.46478,3.00,2.40
2008.02.19 01:22:51.466,1.46463,1.46483,16.20,2.50
2008.02.19 01:22:51.583,1.46465,1.46485,3.00,2.80
2008.02.19 01:22:51.699,1.46466,1.46482,1.80,7.80
2008.02.19 01:22:52.347,1.46462,1.46482,1.20,17.50
2008.02.19 01:22:53.083,1.46459,1.46474,6.60,2.40
2008.02.19 01:22:56.511,1.46456,1.46472,5.40,6.00
2008.02.19 01:23:08.819,1.46488,1.46492,4.80,6.60
2008.02.19 01:23:09.081,1.46488,1.46493,8.40,1.20
2008.02.19 01:23:09.197,1.46484,1.46499,7.80,5.40
2008.02.19 01:23:10.375,1.46485,1.465,6.00,4.20
2008.02.19 01:23:10.463,1.46487,1.46497,9.00,4.80
2008.02.19 01:23:10.557,1.46484,1.46494,3.00,5.80
2008.02.19 01:23:10.810,1.46477,1.46492,20.40,4.80
2008.02.19 01:23:11.426,1.46473,1.46478,30.00,2.50
2008.02.19 01:23:11.514,1.46462,1.46477,6.00,3.60
2008.02.19 01:23:12.057,1.46463,1.46477,11.40,1.00
2008.02.19 01:23:12.398,1.46468,1.46484,23.50,4.20
2008.02.19 01:23:12.748,1.46474,1.46494,9.00,8.80
2008.02.19 01:23:13.087,1.46478,1.46498,0.25,16.60
2008.02.19 01:23:13.254,1.46477,1.46501,7.20,1.20
2008.02.19 01:23:14.924,1.46483,1.46498,8.50,1.00
2008.02.19 01:23:14.963,1.46483,1.46497,4.20,11.10
2008.02.19 01:23:15.079,1.46483,1.46497,3.00,6.00
2008.02.19 01:23:15.118,1.46482,1.46502,5.40,7.20
2008.02.19 01:23:15.300,1.46484,1.46504,2.40,6.00
2008.02.19 01:23:15.568,1.46487,1.46502,10.00,2.40
2008.02.19 01:23:38.398,1.46493,1.46498,4.80,1.80
2008.02.19 01:23:38.892,1.46489,1.46504,12.60,14.40
2008.02.19 01:23:42.548,1.4649,1.46505,12.40,33.10
2008.02.19 01:23:42.730,1.46495,1.4651,5.40,2.40
2008.02.19 01:23:48.514,1.46497,1.46522,4.80,6.80
2008.02.19 01:23:48.604,1.46502,1.46517,3.00,2.40
2008.02.19 01:23:51.614,1.46497,1.46507,8.40,1.20
2008.02.19 01:23:52.018,1.46489,1.46499,8.40,4.20
2008.02.19 01:23:52.082,1.4648,1.465,18.60,3.30
2008.02.19 01:23:52.216,1.46475,1.46495,19.30,7.20
2008.02.19 01:23:52.283,1.46471,1.46496,6.00,4.80
2008.02.19 01:23:52.364,1.46475,1.4649,2.40,3.00
2008.02.19 01:23:52.632,1.46474,1.4649,2.40,3.00
2008.02.19 01:23:53.843,1.46473,1.46488,7.20,4.80
2008.02.19 01:23:54.038,1.46474,1.46484,10.80,10.30
2008.02.19 01:23:54.123,1.46468,1.46488,12.00,9.30
2008.02.19 01:23:54.219,1.46467,1.46492,4.80,11.40
2008.02.19 01:23:54.319,1.46469,1.46494,4.80,2.40
2008.02.19 01:23:54.419,1.46476,1.46491,2.40,5.40
2008.02.19 01:23:54.518,1.46475,1.46495,3.00,16.00
2008.02.19 01:23:54.618,1.46471,1.46491,2.40,1.20
2008.02.19 01:23:55.162,1.46467,1.46487,12.00,7.80
2008.02.19 01:23:55.403,1.46467,1.46481,1.00,5.40
2008.02.19 01:24:02.909,1.46485,1.46495,7.20,1.80
2008.02.19 01:24:03.157,1.46481,1.46496,21.10,13.20
2008.02.19 01:24:03.294,1.4648,1.46495,6.00,4.20
2008.02.19 01:24:03.429,1.4648,1.46495,6.60,4.20
2008.02.19 01:24:03.565,1.46477,1.46497,2.40,3.30
2008.02.19 01:24:03.834,1.46481,1.46496,6.00,2.40
2008.02.19 01:24:03.969,1.4648,1.46495,35.40,7.20
2008.02.19 01:24:04.105,1.46479,1.46494,18.60,7.80
2008.02.19 01:24:04.189,1.46478,1.46493,2.40,1.00
2008.02.19 01:24:04.277,1.46475,1.46495,4.80,1.00
2008.02.19 01:24:04.375,1.46474,1.46494,15.00,1.80
2008.02.19 01:24:04.462,1.46476,1.46496,6.00,2.40
2008.02.19 01:24:04.549,1.46478,1.46498,7.80,23.40
2008.02.19 01:24:04.718,1.46489,1.46494,17.20,3.60
2008.02.19 01:24:04.804,1.46493,1.46498,1.80,6.00
2008.02.19 01:24:04.976,1.46489,1.46504,6.60,12.10
2008.02.19 01:24:06.671,1.46492,1.46502,10.80,5.40
2008.02.19 01:24:06.839,1.4649,1.465,1.20,2.40
2008.02.19 01:24:07.016,1.46487,1.46502,3.60,2.40
2008.02.19 01:24:07.185,1.46483,1.46503,8.40,7.20
2008.02.19 01:24:07.352,1.46488,1.46498,6.60,24.00
2008.02.19 01:24:07.520,1.46488,1.46498,3.00,2.40
2008.02.19 01:24:07.756,1.46488,1.46498,3.00,12.00
2008.02.19 01:24:08.224,1.4649,1.46495,5.40,4.80
2008.02.19 01:24:08.460,1.46489,1.46494,2.40,6.60
2008.02.19 01:24:08.696,1.46485,1.46495,6.00,2.40
2008.02.19 01:24:08.812,1.46486,1.46491,10.00,10.80
2008.02.19 01:24:08.928,1.46482,1.46498,1.00,2.80
2008.02.19 01:24:10.272,1.46484,1.46499,5.00,2.40
2008.02.19 01:24:10.394,1.46489,1.46499,5.40,6.00
2008.02.19 01:24:10.518,1.4649,1.46505,1.00,7.20
2008.02.19 01:24:10.642,1.46494,1.46508,7.80,2.40
2008.02.19 01:24:10.784,1.46499,1.46504,1.20,3.00
2008.02.19 01:24:11.072,1.46495,1.4651,4.80,8.80
2008.02.19 01:24:11.212,1.46491,1.46511,6.60,6.00
2008.02.19 01:24:12.914,1.46492,1.46507,2.40,10.30
2008.02.19 01:24:13.082,1.46491,1.46506,7.80,4.30
2008.02.19 01:24:13.622,1.46489,1.46505,2.40,3.00
2008.02.19 01:24:14.399,1.46487,1.46502,10.60,7.80
2008.02.19 01:24:14.631,1.46481,1.46501,4.90,5.40
2008.02.19 01:24:14.704,1.46481,1.46491,4.80,6.40
2008.02.19 01:24:14.780,1.46472,1.46488,13.80,12.60
2008.02.19 01:24:14.924,1.46471,1.46487,7.20,2.40
2008.02.19 01:24:16.004,1.4648,1.4649,15.00,7.80
2008.02.19 01:24:16.220,1.46479,1.46499,6.60,7.20
2008.02.19 01:24:16.437,1.46481,1.46501,11.40,1.00
2008.02.19 01:24:16.596,1.46479,1.46499,2.40,17.50
2008.02.19 01:24:16.759,1.46481,1.46496,3.00,15.30
2008.02.19 01:24:16.922,1.4648,1.46495,12.60,10.60
2008.02.19 01:24:17.084,1.46477,1.46497,9.00,4.80
2008.02.19 01:24:18.388,1.46478,1.46498,8.40,3.30
2008.02.19 01:24:18.586,1.46482,1.46497,14.60,1.20
2008.02.19 01:24:18.733,1.46481,1.46496,9.90,6.00
2008.02.19 01:24:19.313,1.46481,1.46496,1.20,4.80
2008.02.19 01:24:19.459,1.46482,1.46497,6.60,9.90
2008.02.19 01:24:19.618,1.46487,1.46492,5.10,1.00
2008.02.19 01:24:19.716,1.46487,1.46492,2.40,12.60
2008.02.19 01:24:19.816,1.46485,1.46495,5.40,14.40
2008.02.19 01:24:20.014,1.46486,1.46496,4.80,4.80
2008.02.19 01:24:20.208,1.46485,1.465,5.40,4.80
2008.02.19 01:24:20.304,1.46485,1.465,5.40,6.60
2008.02.19 01:24:21.312,1.46484,1.46499,23.40,4.20
2008.02.19 01:24:21.453,1.46483,1.46498,3.00,4.20
2008.02.19 01:24:21.852,1.46479,1.46499,3.00,9.70
2008.02.19 01:24:21.977,1.46478,1.46498,21.00,5.40
2008.02.19 01:24:22.100,1.46479,1.46494,9.00,4.80
2008.02.19 01:24:22.340,1.46481,1.46496,8.40,1.00
2008.02.19 01:24:22.464,1.46482,1.46497,15.00,4.80
2008.02.19 01:24:22.980,1.46485,1.46499,12.60,17.70
2008.02.19 01:24:23.531,1.46485,1.465,7.80,4.80
2008.02.19 01:24:24.072,1.46487,1.46501,2.40,1.00
2008.02.19 01:24:26.071,1.46487,1.46502,4.80,3.00
2008.02.19 01:24:26.156,1.46486,1.46501,4.80,11.40
2008.02.19 01:24:26.280,1.46486,1.46501,2.40,6.60
2008.02.19 01:24:26.405,1.46489,1.46499,8.40,2.40
2008.02.19 01:24:26.533,1.46488,1.46503,8.40,2.40
2008.02.19 01:24:26.661,1.4649,1.465,4.80,1.80
2008.02.19 01:24:26.786,1.46489,1.46499,8.70,27.00
2008.02.19 01:24:27.036,1.46485,1.465,9.00,4.80
2008.02.19 01:24:27.881,1.46485,1.46499,4.80,12.00
2008.02.19 01:24:29.692,1.46486,1.465,19.20,4.80
2008.02.19 01:24:29.846,1.46484,1.46499,1.00,5.40
2008.02.19 01:24:29.868,1.46482,1.46502,6.00,12.60
2008.02.19 01:24:30.068,1.46484,1.46504,13.20,3.00
2008.02.19 01:24:30.316,1.46488,1.46498,13.20,4.80
2008.02.19 01:24:30.383,1.46488,1.46498,4.20,8.40
2008.02.19 01:24:30.788,1.46486,1.465,3.00,2.70
2008.02.19 01:24:32.892,1.46486,1.46501,12.60,4.80
2008.02.19 01:24:32.936,1.46487,1.46502,8.40,1.20
2008.02.19 01:24:33.038,1.46489,1.46503,1.80,2.40
2008.02.19 01:24:33.213,1.46492,1.46502,30.40,17.80
2008.02.19 01:24:33.389,1.46487,1.46507,12.60,6.00
2008.02.19 01:24:35.296,1.46485,1.4651,21.00,2.40
2008.02.19 01:24:35.479,1.4649,1.4651,22.80,2.40
2008.02.19 01:24:35.512,1.465,1.4651,9.00,14.10
2008.02.19 01:24:35.681,1.46508,1.46513,7.60,1.00
2008.02.19 01:24:35.716,1.46507,1.46517,6.00,1.00
2008.02.19 01:24:36.288,1.46499,1.46514,7.20,5.40
2008.02.19 01:24:37.818,1.46494,1.46508,9.00,2.40
2008.02.19 01:24:41.112,1.46489,1.46504,9.60,6.00
2008.02.19 01:24:41.144,1.46492,1.46502,4.80,28.00
2008.02.19 01:24:41.176,1.46493,1.46503,4.80,3.70
2008.02.19 01:24:41.213,1.46494,1.46504,22.80,3.60
2008.02.19 01:24:41.356,1.46498,1.46503,7.20,6.30
2008.02.19 01:24:41.453,1.46494,1.46504,4.80,3.60
2008.02.19 01:24:41.553,1.46492,1.46502,4.20,2.40
2008.02.19 01:24:41.969,1.46486,1.46506,3.00,8.00
2008.02.19 01:24:42.232,1.46487,1.46502,4.80,7.20
2008.02.19 01:24:42.497,1.46492,1.46497,4.80,3.00
2008.02.19 01:24:42.760,1.46481,1.46511,2.40,1.80
2008.02.19 01:24:42.956,1.4649,1.46505,4.80,5.80
2008.02.19 01:24:43.152,1.4649,1.46505,10.80,8.40
2008.02.19 01:24:43.344,1.46484,1.46509,5.60,4.80
2008.02.19 01:24:45.145,1.46485,1.46505,6.00,7.80
2008.02.19 01:24:45.345,1.46489,1.46499,2.40,11.20
2008.02.19 01:24:45.689,1.46478,1.46513,5.40,15.10
2008.02.19 01:24:45.749,1.46485,1.46505,4.80,3.00
2008.02.19 01:24:45.926,1.46474,1.46514,25.20,4.80
2008.02.19 01:24:46.040,1.4647,1.46515,4.80,3.60
2008.02.19 01:24:46.096,1.4647,1.4651,7.20,4.80
2008.02.19 01:24:46.744,1.46481,1.46496,10.70,4.80
2008.02.19 01:24:47.037,1.46481,1.46496,6.00,16.20
2008.02.19 01:24:47.332,1.46482,1.46497,2.40,1.00
2008.02.19 01:24:47.536,1.46483,1.46498,4.80,5.70
2008.02.19 01:24:48.140,1.46482,1.46502,3.00,3.00
2008.02.19 01:24:49.266,1.46491,1.46496,8.40,4.80
2008.02.19 01:24:49.494,1.46493,1.46498,12.00,2.40
2008.02.19 01:24:49.618,1.46489,1.46509,1.20,2.40
2008.02.19 01:24:49.727,1.46492,1.46507,14.60,1.20
2008.02.19 01:24:49.952,1.46488,1.46513,2.40,7.20
2008.02.19 01:24:51.013,1.46487,1.46513,2.40,7.00
2008.02.19 01:25:09.335,1.46495,1.46501,1.00,2.80
2008.02.19 01:25:10.759,1.46485,1.46505,8.40,1.90
2008.02.19 01:25:10.858,1.46483,1.46503,6.00,1.60
2008.02.19 01:25:11.271,1.46484,1.46499,11.40,16.00
2008.02.19 01:25:11.507,1.46484,1.46504,1.80,2.40
2008.02.19 01:25:11.671,1.46482,1.46517,2.40,9.00
2008.02.19 01:25:15.203,1.46494,1.46514,2.40,1.80
2008.02.19 01:25:15.350,1.46504,1.4652,12.60,1.20
2008.02.19 01:25:15.560,1.46509,1.46529,6.00,4.20
2008.02.19 01:25:15.773,1.46512,1.46532,6.00,15.40
2008.02.19 01:25:15.982,1.46507,1.46531,3.60,4.80
2008.02.19 01:25:16.236,1.46492,1.46522,9.60,5.20
2008.02.19 01:25:19.528,1.46482,1.46512,15.00,9.00
2008.02.19 01:25:19.661,1.46474,1.46504,7.20,5.80
2008.02.19 01:25:19.793,1.46473,1.46498,6.00,6.40
2008.02.19 01:25:19.925,1.46472,1.46498,3.00,1.90
2008.02.19 01:25:20.057,1.46472,1.46497,6.00,1.00
2008.02.19 01:25:23.225,1.46466,1.46501,2.40,4.80
2008.02.19 01:25:24.829,1.46473,1.46493,7.40,10.80
2008.02.19 01:25:25.022,1.46474,1.46494,7.80,2.40
2008.02.19 01:25:25.216,1.46479,1.46494,4.80,5.40
2008.02.19 01:25:25.470,1.4648,1.46495,6.00,4.20
2008.02.19 01:25:31.397,1.46471,1.46507,18.00,2.40
2008.02.19 01:25:38.808,1.46485,1.46489,12.00,1.90
2008.02.19 01:25:41.614,1.46482,1.46486,6.00,4.50
2008.02.19 01:25:49.083,1.4647,1.46485,9.60,5.80
2008.02.19 01:25:49.295,1.4646,1.4648,1.00,8.40
2008.02.19 01:25:49.593,1.46452,1.46472,24.00,9.00
2008.02.19 01:25:49.693,1.46445,1.46469,10.20,8.80
2008.02.19 01:25:49.993,1.46445,1.46475,13.20,14.50
2008.02.19 01:25:51.766,1.46452,1.46482,2.40,3.00
2008.02.19 01:25:51.967,1.46465,1.46485,3.00,10.80
2008.02.19 01:25:52.327,1.46471,1.46491,15.90,6.00
2008.02.19 01:25:52.412,1.46475,1.46495,1.00,7.20
2008.02.19 01:25:52.488,1.4648,1.46495,7.80,11.70
2008.02.19 01:25:52.862,1.46482,1.46497,26.40,4.80
2008.02.19 01:25:54.109,1.46486,1.46501,7.20,1.80
2008.02.19 01:25:54.214,1.4649,1.46505,6.00,4.80
2008.02.19 01:25:56.401,1.46498,1.46508,11.40,2.40
2008.02.19 01:25:56.556,1.46499,1.46513,14.40,17.40
2008.02.19 01:26:02.503,1.46482,1.46498,2.40,11.70
2008.02.19 01:26:05.046,1.4648,1.46495,7.80,10.90
2008.02.19 01:26:05.136,1.46476,1.46492,24.40,5.20
2008.02.19 01:26:05.244,1.46468,1.46488,4.80,1.20
2008.02.19 01:26:05.423,1.46458,1.46483,3.60,3.40
2008.02.19 01:26:05.498,1.46459,1.46479,4.80,9.40
2008.02.19 01:26:09.270,1.46465,1.46485,9.00,2.40
2008.02.19 01:26:09.303,1.46473,1.46487,2.40,1.00
2008.02.19 01:26:09.668,1.46477,1.46491,4.80,12.40
2008.02.19 01:26:15.283,1.46478,1.46493,2.40,1.00
2008.02.19 01:26:15.446,1.46475,1.46495,7.20,7.80
2008.02.19 01:26:15.608,1.46476,1.46496,4.80,1.00
2008.02.19 01:26:15.783,1.46477,1.46501,2.40,4.80
2008.02.19 01:26:16.056,1.46487,1.46507,10.20,2.70
2008.02.19 01:26:19.627,1.46498,1.46518,8.40,2.20
2008.02.19 01:26:23.617,1.46511,1.46531,4.80,5.80
2008.02.19 01:26:25.484,1.46517,1.46537,12.00,6.00
2008.02.19 01:26:40.724,1.46511,1.46535,2.40,3.40
2008.02.19 01:26:40.731,1.46504,1.4653,9.00,6.00
2008.02.19 01:26:40.838,1.46501,1.46525,7.20,4.80
2008.02.19 01:26:40.941,1.46495,1.46525,8.40,8.40
2008.02.19 01:26:41.287,1.46499,1.46519,2.40,8.40
2008.02.19 01:26:57.067,1.46491,1.46521,14.40,7.90
2008.02.19 01:26:57.161,1.46489,1.46519,8.40,8.40
2008.02.19 01:26:57.422,1.46493,1.46513,1.20,18.10
2008.02.19 01:26:57.942,1.46492,1.46512,26.80,2.40
2008.02.19 01:27:03.959,1.46505,1.46525,14.40,1.80
2008.02.19 01:27:15.037,1.46506,1.46531,12.00,6.00
2008.02.19 01:27:15.768,1.46503,1.46523,6.00,2.40
2008.02.19 01:27:15.866,1.46486,1.46506,17.60,2.40
2008.02.19 01:27:16.034,1.46473,1.46493,4.80,5.40
2008.02.19 01:27:16.716,1.46473,1.46493,8.40,2.40
2008.02.19 01:27:18.249,1.46475,1.46495,9.70,4.80
2008.02.19 01:27:30.945,1.46478,1.46503,7.80,22.80
2008.02.19 01:27:33.384,1.46488,1.46508,3.00,14.50
2008.02.19 01:27:46.468,1.46496,1.46521,4.80,3.00
2008.02.19 01:27:47.326,1.46498,1.46528,4.80,11.20
2008.02.19 01:28:02.063,1.4651,1.4653,7.20,1.00
2008.02.19 01:28:02.297,1.46508,1.46528,7.80,7.78
2008.02.19 01:28:02.501,1.465,1.46525,3.00,14.50
2008.02.19 01:28:05.064,1.46494,1.46524,8.40,4.20
2008.02.19 01:28:05.216,1.46487,1.46522,2.40,2.40
2008.02.19 01:28:07.418,1.46491,1.46516,1.00,7.90
2008.02.19 01:28:07.504,1.46491,1.46516,10.20,2.80
2008.02.19 01:28:07.596,1.46491,1.46521,32.40,3.00
2008.02.19 01:28:07.624,1.46493,1.46523,4.80,7.10
2008.02.19 01:28:07.682,1.46493,1.46523,3.00,4.80
2008.02.19 01:28:07.713,1.46491,1.46521,16.20,2.40
2008.02.19 01:28:09.315,1.46488,1.46518,5.40,7.20
2008.02.19 01:28:09.932,1.46489,1.46514,5.40,7.20
2008.02.19 01:28:10.052,1.46489,1.46514,6.00,16.30
2008.02.19 01:28:10.172,1.46494,1.46514,2.40,29.50
2008.02.19 01:28:10.291,1.46496,1.46521,1.00,13.00
2008.02.19 01:28:10.416,1.46507,1.46517,4.80,2.40
2008.02.19 01:28:10.535,1.46509,1.46524,6.00,2.40
2008.02.19 01:28:10.988,1.46512,1.46527,24.00,13.80
2008.02.19 01:28:11.216,1.46507,1.46537,2.10,9.70
2008.02.19 01:28:11.454,1.46509,1.46539,12.00,2.40
2008.02.19 01:28:11.678,1.46512,1.46536,2.40,20.80
2008.02.19 01:28:11.938,1.46513,1.46533,3.30,9.60
2008.02.19 01:28:12.198,1.46511,1.46536,1.00,4.20
2008.02.19 01:28:12.461,1.46511,1.46541,3.60,4.80
2008.02.19 01:28:12.722,1.46517,1.46542,9.70,5.60
2008.02.19 01:28:12.850,1.46513,1.46543,2.40,4.80
2008.02.19 01:28:13.234,1.46505,1.46535,1.00,5.40
2008.02.19 01:28:13.490,1.46503,1.46523,8.40,12.10
2008.02.19 01:28:13.618,1.46499,1.46519,1.20,7.60
2008.02.19 01:28:13.774,1.46497,1.46517,2.40,27.60
2008.02.19 01:28:20.016,1.46497,1.46517,7.20,9.10
2008.02.19 01:28:20.210,1.46494,1.46524,6.60,3.00
2008.02.19 01:28:20.406,1.46499,1.46519,10.20,2.40
2008.02.19 01:28:20.602,1.46497,1.46517,6.60,2.40
2008.02.19 01:28:21.503,1.46499,1.46519,25.30,10.20
2008.02.19 01:28:21.738,1.46494,1.46519,2.40,4.80
2008.02.19 01:28:21.988,1.46493,1.46517,1.00,6.30
2008.02.19 01:28:22.171,1.46496,1.46511,4.80,4.80
2008.02.19 01:28:22.350,1.46493,1.46513,1.20,9.00
2008.02.19 01:28:22.530,1.46494,1.46514,9.20,4.80
2008.02.19 01:28:22.710,1.46493,1.46518,8.70,10.80
2008.02.19 01:28:22.891,1.46497,1.46517,3.00,6.90
2008.02.19 01:28:23.175,1.46495,1.46515,8.40,1.00
2008.02.19 01:28:23.488,1.4649,1.4652,4.80,27.60
2008.02.19 01:28:23.798,1.4649,1.4652,7.20,19.60
2008.02.19 01:28:24.015,1.46496,1.46516,2.40,15.40
2008.02.19 01:28:24.486,1.46497,1.46517,7.20,1.00
2008.02.19 01:28:25.132,1.46502,1.46517,4.80,5.70
2008.02.19 01:28:25.328,1.465,1.46525,6.00,3.00
2008.02.19 01:28:25.719,1.46505,1.4653,3.00,9.20
2008.02.19 01:28:28.306,1.46509,1.46529,10.20,4.80
2008.02.19 01:28:28.444,1.4651,1.4653,19.20,2.40
2008.02.19 01:28:28.639,1.46511,1.46531,2.40,1.00
2008.02.19 01:28:28.799,1.46508,1.46533,11.40,1.00
2008.02.19 01:28:28.958,1.46509,1.46534,2.40,16.00
2008.02.19 01:28:29.279,1.46507,1.46537,6.00,26.00
2008.02.19 01:28:29.862,1.46505,1.46535,3.60,2.40
2008.02.19 01:28:31.288,1.46502,1.46527,9.00,4.60
2008.02.19 01:28:31.574,1.46496,1.46526,13.20,2.40
2008.02.19 01:28:31.670,1.46493,1.46523,12.00,28.30
2008.02.19 01:28:31.766,1.46495,1.4652,2.40,9.00
2008.02.19 01:28:31.862,1.46497,1.46521,5.40,4.80
2008.02.19 01:28:31.958,1.46499,1.46524,2.40,3.00
2008.02.19 01:28:32.054,1.46502,1.46526,6.40,5.40
2008.02.19 01:28:32.406,1.46503,1.46533,6.60,13.00
2008.02.19 01:28:33.536,1.46509,1.46534,6.00,13.30
2008.02.19 01:28:36.392,1.46511,1.46531,6.00,6.80
2008.02.19 01:28:36.536,1.46506,1.46531,21.60,2.40
2008.02.19 01:28:36.691,1.46501,1.46526,8.40,6.00
2008.02.19 01:28:37.886,1.46494,1.46518,8.40,10.60
2008.02.19 01:28:38.900,1.46486,1.46511,7.80,3.60
2008.02.19 01:28:39.366,1.46479,1.46503,7.20,13.80
2008.02.19 01:28:40.418,1.46476,1.46502,22.90,10.20
2008.02.19 01:28:40.662,1.46478,1.46504,4.80,3.00
2008.02.19 01:28:40.834,1.4648,1.4651,8.40,4.80
2008.02.19 01:28:41.570,1.46483,1.46513,14.40,9.00
2008.02.19 01:28:42.290,1.46488,1.46512,18.00,4.80
2008.02.19 01:28:44.353,1.46488,1.46512,6.00,3.60
2008.02.19 01:28:44.586,1.46489,1.46514,4.80,24.00
2008.02.19 01:28:44.934,1.46491,1.46516,9.60,3.00
2008.02.19 01:28:46.112,1.46492,1.46512,3.00,8.40
2008.02.19 01:28:46.383,1.4649,1.4651,9.20,6.00
2008.02.19 01:28:46.652,1.46485,1.46505,2.40,6.00
2008.02.19 01:28:46.920,1.4649,1.465,4.80,4.80
2008.02.19 01:28:47.198,1.46489,1.46499,5.40,10.80
2008.02.19 01:28:47.342,1.46489,1.46504,2.40,1.80
2008.02.19 01:28:47.486,1.46495,1.46505,3.00,14.20
2008.02.19 01:28:47.630,1.465,1.4651,5.40,8.40
2008.02.19 01:28:47.774,1.46494,1.46529,2.40,6.00
2008.02.19 01:28:49.864,1.46503,1.46528,2.40,11.10
2008.02.19 01:28:49.970,1.46504,1.46529,7.80,4.80
2008.02.19 01:28:50.075,1.465,1.46525,1.20,2.40
2008.02.19 01:28:50.182,1.46496,1.46521,39.00,7.80
2008.02.19 01:28:50.285,1.4649,1.4652,3.60,18.00
2008.02.19 01:28:50.491,1.46487,1.46517,4.80,7.20
2008.02.19 01:28:51.842,1.46486,1.46516,6.60,1.00
2008.02.19 01:28:52.201,1.46486,1.46516,1.00,2.40
2008.02.19 01:28:55.910,1.46485,1.46515,6.00,12.10
2008.02.19 01:29:03.287,1.46515,1.46545,7.20,9.00
2008.02.19 01:29:03.410,1.46515,1.46545,2.40,6.10
2008.02.19 01:29:04.835,1.46516,1.46541,3.60,4.80
2008.02.19 01:29:06.476,1.4652,1.4653,13.80,4.80
2008.02.19 01:29:06.786,1.46506,1.46536,10.20,2.40
2008.02.19 01:29:09.356,1.46506,1.46536,1.00,5.40
2008.02.19 01:29:12.285,1.46505,1.46535,3.60,1.00
2008.02.19 01:29:19.616,1.46509,1.46534,6.00,3.00
2008.02.19 01:29:21.577,1.46509,1.46534,23.40,3.60
2008.02.19 01:29:22.198,1.46514,1.46524,27.20,2.40
2008.02.19 01:29:22.941,1.46501,1.46526,12.00,14.30
2008.02.19 01:29:27.044,1.46497,1.46522,24.00,1.00
2008.02.19 01:29:27.387,1.46497,1.46517,2.40,2.40
2008.02.19 01:29:27.575,1.465,1.46515,11.40,13.80
2008.02.19 01:29:27.775,1.46494,1.46524,13.20,2.40
2008.02.19 01:29:27.963,1.46501,1.46525,7.20,4.20
2008.02.19 01:29:28.150,1.46503,1.46527,8.40,3.30
2008.02.19 01:29:28.339,1.46503,1.46529,2.40,23.70
2008.02.19 01:29:29.239,1.46501,1.46527,3.00,5.40
2008.02.19 01:29:29.327,1.46496,1.4652,1.80,4.80
2008.02.19 01:29:29.416,1.46488,1.46513,13.20,10.20
2008.02.19 01:29:29.503,1.46484,1.4651,2.40,3.40
2008.02.19 01:29:29.855,1.46487,1.46511,8.40,4.80
2008.02.19 01:29:32.090,1.46489,1.46519,8.70,27.00
2008.02.19 01:29:34.624,1.46493,1.46517,4.80,11.80
2008.02.19 01:29:34.864,1.46496,1.46521,14.40,8.40
2008.02.19 01:29:35.105,1.465,1.46525,1.20,8.60
2008.02.19 01:29:35.516,1.46505,1.4653,3.00,2.40
2008.02.19 01:29:38.316,1.46512,1.46532,1.00,13.00
2008.02.19 01:29:46.232,1.46512,1.46536,6.00,2.40
2008.02.19 01:29:47.546,1.46512,1.46537,6.00,7.80
2008.02.19 01:29:47.584,1.46513,1.46538,5.40,2.40
2008.02.19 01:29:47.705,1.46513,1.46533,3.00,23.50
2008.02.19 01:29:47.852,1.4651,1.4653,19.80,2.40
2008.02.19 01:29:47.942,1.46501,1.46531,2.40,1.00
2008.02.19 01:29:48.148,1.46509,1.46519,2.40,3.00
2008.02.19 01:29:48.887,1.46501,1.46526,8.40,15.00
2008.02.19 01:29:49.440,1.46502,1.46527,4.80,4.80
2008.02.19 01:29:49.717,1.46513,1.46523,2.40,2.40
2008.02.19 01:29:49.877,1.46517,1.46527,5.40,5.40
2008.02.19 01:29:49.993,1.46526,1.46536,16.80,2.40
2008.02.19 01:29:50.291,1.46533,1.46543,13.20,9.00
2008.02.19 01:29:50.391,1.46532,1.46542,2.40,4.80
2008.02.19 01:29:50.591,1.46521,1.46531,6.00,2.40
2008.02.19 01:29:50.693,1.46512,1.46522,10.80,9.60
2008.02.19 01:29:50.795,1.46498,1.46524,1.80,14.20
2008.02.19 01:29:51.246,1.46505,1.46515,9.00,7.20
2008.02.19 01:29:51.571,1.46502,1.46522,7.20,1.80
2008.02.19 01:29:51.930,1.46499,1.46529,3.00,9.00
2008.02.19 01:29:52.131,1.465,1.4653,15.00,1.80
2008.02.19 01:29:53.142,1.46501,1.46531,1.00,6.00
2008.02.19 01:29:53.252,1.46503,1.46523,4.20,6.00
2008.02.19 01:29:53.363,1.46503,1.46519,3.60,3.00
2008.02.19 01:29:53.579,1.46506,1.46516,1.20,19.80
2008.02.19 01:29:53.687,1.46508,1.46518,1.20,10.80
2008.02.19 01:29:53.794,1.4651,1.4652,4.80,9.00
2008.02.19 01:29:55.153,1.46505,1.46525,9.00,6.00
2008.02.19 01:29:58.195,1.46504,1.46529,6.00,8.40
2008.02.19 01:29:58.323,1.46501,1.46526,6.00,5.40
2008.02.19 01:29:58.451,1.46502,1.46522,19.80,1.00
2008.02.19 01:29:58.579,1.46499,1.46524,16.20,2.40
2008.02.19 01:29:58.963,1.46495,1.46525,2.40,9.00
2008.02.19 01:29:59.303,1.46496,1.46521,1.00,3.00
2008.02.19 01:29:59.644,1.46495,1.46525,9.60,1.00
2008.02.19 01:30:08.877,1.46506,1.4652,29.00,1.00
2008.02.19 01:30:09.045,1.46505,1.4653,2.40,2.40
2008.02.19 01:30:09.214,1.46518,1.46528,3.00,4.20
2008.02.19 01:30:09.381,1.46517,1.46537,9.30,4.00
2008.02.19 01:30:09.545,1.4652,1.46545,3.00,9.60
2008.02.19 01:30:09.709,1.46525,1.4655,3.00,12.10
2008.02.19 01:30:09.874,1.46529,1.46554,6.00,10.80
2008.02.19 01:30:10.037,1.46537,1.46547,4.80,8.50
2008.02.19 01:30:10.212,1.46534,1.46544,4.80,23.20
2008.02.19 01:30:10.365,1.46527,1.46542,3.00,4.80
2008.02.19 01:30:10.532,1.46517,1.46537,6.00,2.40
2008.02.19 01:30:10.869,1.46515,1.46525,6.70,4.80
2008.02.19 01:30:11.872,1.46506,1.46516,6.00,7.90
2008.02.19 01:30:12.016,1.46505,1.46515,6.00,2.40
2008.02.19 01:30:12.158,1.46512,1.46522,2.40,12.00
2008.02.19 01:30:12.298,1.46516,1.46531,6.60,4.80
2008.02.19 01:30:12.514,1.46519,1.46539,2.40,1.20
2008.02.19 01:30:12.718,1.46517,1.46547,2.40,20.40
2008.02.19 01:30:15.894,1.46522,1.46546,5.40,6.00
2008.02.19 01:30:16.082,1.46517,1.46547,4.20,7.20
2008.02.19 01:30:16.353,1.46516,1.46546,7.80,4.80
2008.02.19 01:30:20.619,1.46522,1.46538,9.00,1.20
2008.02.19 01:30:20.793,1.46524,1.46538,8.40,1.00
2008.02.19 01:30:20.969,1.46526,1.46541,8.40,2.40
2008.02.19 01:30:21.320,1.46529,1.46544,8.40,1.00
2008.02.19 01:30:21.497,1.46533,1.46547,7.80,6.10
2008.02.19 01:30:21.626,1.46538,1.46544,1.80,8.40
2008.02.19 01:30:21.754,1.46538,1.46548,5.40,1.80
2008.02.19 01:30:21.882,1.46536,1.46551,12.00,5.80
2008.02.19 01:30:22.010,1.46534,1.46554,3.00,11.40
2008.02.19 01:30:22.264,1.46535,1.4655,16.80,4.80
2008.02.19 01:30:22.393,1.46527,1.46552,1.00,12.40
2008.02.19 01:30:22.744,1.46524,1.46549,2.40,12.10
2008.02.19 01:30:23.997,1.46522,1.46542,2.40,10.20
2008.02.19 01:30:24.223,1.46524,1.46534,18.60,4.20
2008.02.19 01:30:24.706,1.46523,1.46533,6.00,4.20
2008.02.19 01:30:24.825,1.46524,1.46534,3.60,11.80
2008.02.19 01:30:24.945,1.46524,1.46539,42.00,4.80
2008.02.19 01:30:25.065,1.46523,1.46548,8.40,3.00
2008.02.19 01:30:25.161,1.46529,1.46554,11.40,1.80
2008.02.19 01:30:26.132,1.46537,1.46561,4.20,6.10
2008.02.19 01:30:26.408,1.46539,1.46563,7.80,4.80
2008.02.19 01:30:26.533,1.46537,1.46557,10.60,7.80
2008.02.19 01:30:26.738,1.46536,1.46546,14.40,1.80
2008.02.19 01:30:27.136,1.46531,1.46541,6.60,10.30
2008.02.19 01:30:28.576,1.46521,1.46547,23.40,13.80
2008.02.19 01:30:28.712,1.4652,1.46546,41.80,2.40
2008.02.19 01:30:35.630,1.46522,1.46546,7.20,9.60
2008.02.19 01:30:41.114,1.46524,1.46549,18.60,1.00
2008.02.19 01:30:42.503,1.46527,1.46551,2.40,16.20
2008.02.19 01:30:44.950,1.46528,1.46553,6.00,2.40
2008.02.19 01:30:45.233,1.46536,1.46546,11.40,2.40
2008.02.19 01:30:49.566,1.46534,1.46544,6.00,3.00
2008.02.19 01:30:49.676,1.46533,1.46543,5.40,3.00
2008.02.19 01:30:49.773,1.46524,1.46549,4.20,2.40
2008.02.19 01:30:49.869,1.46525,1.4655,2.50,13.80
2008.02.19 01:30:49.964,1.46526,1.46551,10.20,2.40
2008.02.19 01:30:50.248,1.46527,1.46552,1.00,8.40
2008.02.19 01:30:50.440,1.46526,1.46556,8.40,10.80
2008.02.19 01:30:50.896,1.46526,1.46556,1.00,5.90
2008.02.19 01:30:52.727,1.46529,1.46554,2.40,12.40
2008.02.19 01:30:53.030,1.46529,1.46554,2.40,6.00
2008.02.19 01:30:53.142,1.46528,1.46553,10.20,2.80
2008.02.19 01:30:53.527,1.46529,1.46549,1.00,6.60
2008.02.19 01:30:53.716,1.46528,1.46552,2.40,6.60
2008.02.19 01:31:08.669,1.46523,1.46543,3.60,4.20
2008.02.19 01:31:08.787,1.46528,1.46548,3.00,9.00
2008.02.19 01:31:08.903,1.46534,1.46549,4.80,3.60
2008.02.19 01:31:08.931,1.4654,1.4655,12.30,4.80
2008.02.19 01:31:09.350,1.46542,1.46552,18.60,4.20
2008.02.19 01:31:26.034,1.46544,1.46554,2.40,3.30
2008.02.19 01:31:26.174,1.46542,1.46562,18.00,6.00
2008.02.19 01:31:26.314,1.46551,1.46567,12.00,3.00
2008.02.19 01:31:26.736,1.46548,1.46572,3.00,9.00
2008.02.19 01:31:28.704,1.4654,1.46566,4.80,6.60
2008.02.19 01:31:28.851,1.46533,1.46557,3.00,16.60
2008.02.19 01:31:28.956,1.46528,1.46548,3.00,3.00
2008.02.19 01:31:29.161,1.46523,1.46543,16.20,2.50
2008.02.19 01:31:29.191,1.46522,1.46532,2.40,8.30
2008.02.19 01:31:30.282,1.4651,1.4653,11.40,1.00
2008.02.19 01:31:30.423,1.46506,1.4653,7.80,11.70
2008.02.19 01:31:30.637,1.46507,1.46533,32.10,8.40
2008.02.19 01:31:31.102,1.46512,1.46536,3.00,2.40
2008.02.19 01:31:32.202,1.46516,1.46541,6.60,8.40
2008.02.19 01:31:32.657,1.46517,1.46542,1.20,20.40
2008.02.19 01:31:37.359,1.46517,1.46537,21.00,4.80
2008.02.19 01:31:37.508,1.46514,1.46534,4.80,24.10
2008.02.19 01:31:37.800,1.46518,1.46528,12.60,1.20
2008.02.19 01:32:01.273,1.46527,1.46537,4.80,4.80
2008.02.19 01:32:01.501,1.46526,1.46541,7.20,1.80
2008.02.19 01:32:01.729,1.4653,1.4654,10.40,4.80
2008.02.19 01:32:02.013,1.46529,1.46549,5.40,8.40
2008.02.19 01:32:02.297,1.46533,1.46548,3.60,6.80
2008.02.19 01:32:02.582,1.46532,1.46552,7.20,4.80
2008.02.19 01:32:02.867,1.46531,1.46556,4.80,11.30
2008.02.19 01:32:03.657,1.46534,1.46554,8.40,6.00
2008.02.19 01:32:04.250,1.46532,1.46557,10.80,13.00
2008.02.19 01:32:05.191,1.46531,1.46556,7.20,7.80
2008.02.19 01:32:09.560,1.46541,1.46545,7.20,5.40
2008.02.19 01:32:11.114,1.46535,1.4655,2.40,8.50
2008.02.19 01:32:11.341,1.46535,1.46555,2.40,6.00
2008.02.19 01:32:11.565,1.46544,1.46554,4.80,7.20
2008.02.19 01:32:11.789,1.46546,1.46556,8.40,8.40
2008.02.19 01:32:12.013,1.46544,1.46559,7.20,4.80
2008.02.19 01:32:12.381,1.46539,1.46559,3.60,10.50
2008.02.19 01:32:12.525,1.46536,1.46556,6.00,7.80
2008.02.19 01:32:12.669,1.46534,1.46549,4.80,17.20
2008.02.19 01:32:12.813,1.46529,1.46544,2.40,10.20
2008.02.19 01:32:12.957,1.46525,1.46545,5.40,2.40
2008.02.19 01:32:13.241,1.46524,1.46544,7.20,4.80
2008.02.19 01:32:13.385,1.46524,1.46549,12.60,7.20
2008.02.19 01:32:13.529,1.4653,1.4655,22.90,10.20
2008.02.19 01:32:13.673,1.46539,1.46549,2.40,12.10
2008.02.19 01:32:13.957,1.46541,1.46555,2.40,5.40
2008.02.19 01:32:14.101,1.46542,1.46562,7.20,4.80
2008.02.19 01:32:14.258,1.4654,1.46565,2.40,1.20
2008.02.19 01:32:14.401,1.46542,1.46562,14.40,7.80
2008.02.19 01:32:14.601,1.46539,1.46559,6.00,6.10
2008.02.19 01:32:14.801,1.46538,1.46553,9.60,4.80
2008.02.19 01:32:15.001,1.46533,1.46553,13.20,6.00
2008.02.19 01:32:15.201,1.46533,1.46553,12.60,5.10
2008.02.19 01:32:15.341,1.46534,1.46554,1.00,2.40
2008.02.19 01:32:15.401,1.46534,1.46559,7.30,6.00
2008.02.19 01:32:20.445,1.46535,1.4656,1.20,14.40
2008.02.19 01:32:20.489,1.46538,1.46558,16.20,3.00
2008.02.19 01:32:20.614,1.46533,1.46558,7.80,7.60
2008.02.19 01:32:20.699,1.46533,1.46558,10.80,3.00
2008.02.19 01:32:20.782,1.46536,1.4656,2.40,9.00
2008.02.19 01:32:21.002,1.46543,1.46563,1.00,4.80
2008.02.19 01:32:21.181,1.4655,1.4657,9.00,4.80
2008.02.19 01:32:21.537,1.4655,1.4657,2.40,6.60
2008.02.19 01:32:21.717,1.46545,1.46565,5.40,4.50
2008.02.19 01:32:21.897,1.46538,1.46558,9.60,4.80
2008.02.19 01:32:22.233,1.46532,1.46556,4.80,4.80
2008.02.19 01:32:23.226,1.4653,1.4655,2.40,9.40
2008.02.19 01:32:23.266,1.46528,1.46548,4.80,4.80
2008.02.19 01:32:23.383,1.46525,1.4655,3.00,2.70
2008.02.19 01:32:23.423,1.46528,1.46548,12.20,2.40
2008.02.19 01:32:23.593,1.4653,1.4655,28.20,8.40
2008.02.19 01:32:23.814,1.46531,1.46551,6.00,2.70
2008.02.19 01:32:24.150,1.46529,1.46554,3.60,7.20
2008.02.19 01:32:25.074,1.46536,1.46546,3.60,2.40
2008.02.19 01:32:25.210,1.46534,1.46544,3.00,14.80
2008.02.19 01:32:25.349,1.46528,1.46548,19.20,5.40
2008.02.19 01:32:25.486,1.46525,1.46555,1.80,1.00
2008.02.19 01:32:25.622,1.46532,1.46552,2.40,1.00
2008.02.19 01:32:26.225,1.46533,1.46558,10.20,4.80
2008.02.19 01:32:26.429,1.46535,1.4656,26.40,13.50
2008.02.19 01:32:27.782,1.46533,1.46558,23.40,4.20
2008.02.19 01:32:27.925,1.46534,1.46554,9.20,2.40
2008.02.19 01:32:28.075,1.46532,1.46552,5.40,2.80
2008.02.19 01:32:28.221,1.46533,1.46548,2.40,7.80
2008.02.19 01:32:28.366,1.46533,1.46553,10.80,10.80
2008.02.19 01:32:28.611,1.46536,1.46556,5.40,7.80
2008.02.19 01:32:28.853,1.46535,1.4656,7.80,4.00
2008.02.19 01:32:31.469,1.4654,1.46555,1.20,3.30
2008.02.19 01:32:31.809,1.4654,1.46555,7.20,1.80
2008.02.19 01:32:32.150,1.46533,1.46558,6.00,2.40
2008.02.19 01:32:33.910,1.46532,1.46557,8.40,3.10
2008.02.19 01:32:33.967,1.46535,1.46559,15.00,3.00
2008.02.19 01:32:34.123,1.46539,1.46559,9.00,4.80
2008.02.19 01:32:34.293,1.46541,1.46561,2.40,3.00
2008.02.19 01:32:34.363,1.46541,1.46566,2.40,7.20
2008.02.19 01:32:35.465,1.46542,1.46568,2.40,15.10
2008.02.19 01:32:35.818,1.4654,1.4657,6.00,4.20
2008.02.19 01:32:35.975,1.46543,1.46568,12.60,10.20
2008.02.19 01:32:37.526,1.46541,1.46567,5.40,6.10
2008.02.19 01:32:38.219,1.46543,1.46563,6.00,4.20
2008.02.19 01:32:38.258,1.46541,1.46561,9.00,14.10
2008.02.19 01:32:38.332,1.46543,1.46563,16.80,15.40
2008.02.19 01:32:38.473,1.4654,1.4656,4.80,7.80
