2011.09.02 10:00:00.015,1.42589,1.42595,3.68,2.00
2011.09.02 10:00:00.497,1.42583,1.42591,1.05,1.50
2011.09.02 10:00:00.626,1.42575,1.42588,2.25,3.42
2011.09.02 10:00:00.752,1.42579,1.42589,2.19,2.93
2011.09.02 10:00:00.878,1.42577,1.42589,3.00,3.42
2011.09.02 10:00:01.363,1.42582,1.4259,1.39,1.50
2011.09.02 10:00:01.492,1.42581,1.4259,1.35,2.25
2011.09.02 10:00:01.987,1.42581,1.4259,1.50,1.50
2011.09.02 10:00:02.115,1.4258,1.4259,9.75,2.25
2011.09.02 10:00:02.621,1.42573,1.42585,6.60,2.25
2011.09.02 10:00:02.755,1.42575,1.4258,2.25,1.50
2011.09.02 10:00:02.885,1.42574,1.42579,2.19,1.50
2011.09.02 10:00:03.019,1.42575,1.4258,1.50,2.00
2011.09.02 10:00:03.150,1.4258,1.42585,1.50,1.88
2011.09.02 10:00:03.289,1.42584,1.42591,1.50,1.50
2011.09.02 10:00:03.414,1.42583,1.42593,1.50,3.82
2011.09.02 10:00:03.548,1.42582,1.42591,3.98,1.50
2011.09.02 10:00:03.676,1.42585,1.42593,1.50,2.25
2011.09.02 10:00:04.465,1.42586,1.42594,1.13,1.50
2011.09.02 10:00:04.842,1.42583,1.42592,5.25,1.50
2011.09.02 10:00:04.972,1.42583,1.42591,1.50,1.25
2011.09.02 10:00:05.222,1.4258,1.42589,2.25,1.25
2011.09.02 10:00:05.361,1.42579,1.42585,1.50,3.41
2011.09.02 10:00:05.500,1.42577,1.42585,2.10,2.91
2011.09.02 10:00:05.626,1.42575,1.42583,4.58,2.00
2011.09.02 10:00:06.352,1.42576,1.42584,1.50,3.75
2011.09.02 10:00:06.489,1.42577,1.42585,1.50,3.00
2011.09.02 10:00:06.848,1.42579,1.42585,4.88,1.50
2011.09.02 10:00:07.222,1.42579,1.42587,12.75,1.50
2011.09.02 10:00:07.470,1.42582,1.42587,1.43,2.00
2011.09.02 10:00:07.722,1.42583,1.42589,1.50,1.80
2011.09.02 10:00:07.851,1.42584,1.42591,1.50,2.32
2011.09.02 10:00:08.389,1.42586,1.42591,3.75,4.80
2011.09.02 10:00:08.526,1.42586,1.42593,1.50,1.50
2011.09.02 10:00:08.650,1.42588,1.42593,1.50,2.25
2011.09.02 10:00:09.023,1.42588,1.42595,1.50,1.50
2011.09.02 10:00:09.152,1.42588,1.42597,2.25,1.50
2011.09.02 10:00:09.740,1.4259,1.42597,1.50,1.50
2011.09.02 10:00:09.873,1.42592,1.42597,1.50,1.50
2011.09.02 10:00:10.123,1.42592,1.426,2.25,3.38
2011.09.02 10:00:10.250,1.42599,1.42606,2.25,3.75
2011.09.02 10:00:10.999,1.42605,1.42613,3.00,1.50
2011.09.02 10:00:11.240,1.42608,1.42615,1.50,1.50
2011.09.02 10:00:11.610,1.42611,1.4262,1.50,2.75
2011.09.02 10:00:11.862,1.42611,1.4262,1.50,2.00
2011.09.02 10:00:11.989,1.42612,1.42621,1.13,2.25
2011.09.02 10:00:12.475,1.42612,1.42619,2.25,1.50
2011.09.02 10:00:12.856,1.42608,1.42616,1.80,2.00
2011.09.02 10:00:13.413,1.42606,1.42615,4.13,1.80
2011.09.02 10:00:13.544,1.42611,1.4262,3.00,1.50
2011.09.02 10:00:14.147,1.42611,1.42621,2.25,1.50
2011.09.02 10:00:15.342,1.42613,1.42623,1.50,2.25
2011.09.02 10:00:15.480,1.42613,1.42624,5.85,2.25
2011.09.02 10:00:15.850,1.42615,1.42622,1.88,1.50
2011.09.02 10:00:16.216,1.42613,1.42622,1.50,2.25
2011.09.02 10:00:16.745,1.42618,1.42626,1.50,1.50
2011.09.02 10:00:17.108,1.42619,1.42626,2.10,3.00
2011.09.02 10:00:17.708,1.42619,1.42628,3.60,3.75
2011.09.02 10:00:17.828,1.42619,1.42628,4.35,3.00
2011.09.02 10:00:17.947,1.42621,1.42629,2.85,1.50
2011.09.02 10:00:18.548,1.4262,1.42628,2.25,1.50
2011.09.02 10:00:18.668,1.42619,1.42624,1.50,1.13
2011.09.02 10:00:18.919,1.42618,1.42623,1.50,1.50
2011.09.02 10:00:19.162,1.4261,1.42617,3.00,1.50
2011.09.02 10:00:19.776,1.42608,1.42618,4.50,1.50
2011.09.02 10:00:20.293,1.4261,1.42618,1.35,3.00
2011.09.02 10:00:20.419,1.4261,1.42619,2.25,2.00
2011.09.02 10:00:21.027,1.4261,1.42618,3.00,1.50
2011.09.02 10:00:21.151,1.42608,1.42614,1.50,2.25
2011.09.02 10:00:21.280,1.42606,1.42614,1.50,2.75
2011.09.02 10:00:21.660,1.42606,1.42614,5.10,1.50
2011.09.02 10:00:22.030,1.42603,1.4261,1.13,1.05
2011.09.02 10:00:22.549,1.42602,1.4261,1.50,1.05
2011.09.02 10:00:22.805,1.426,1.42609,2.85,1.50
2011.09.02 10:00:23.169,1.426,1.42609,3.00,2.75
2011.09.02 10:00:23.553,1.42602,1.42606,1.88,1.25
2011.09.02 10:00:23.684,1.42599,1.42607,3.80,1.25
2011.09.02 10:00:23.811,1.42598,1.42606,2.25,2.00
2011.09.02 10:00:24.407,1.4259,1.426,3.75,2.75
2011.09.02 10:00:24.770,1.42592,1.426,3.00,1.25
2011.09.02 10:00:25.895,1.42598,1.42604,2.10,3.68
2011.09.02 10:00:26.023,1.42604,1.42611,2.10,3.00
2011.09.02 10:00:26.147,1.42604,1.42611,2.25,1.50
2011.09.02 10:00:26.267,1.42604,1.42611,1.50,3.00
2011.09.02 10:00:26.977,1.42604,1.42611,2.25,1.50
2011.09.02 10:00:27.568,1.42604,1.42611,1.50,3.00
2011.09.02 10:00:28.050,1.42602,1.42606,3.23,1.50
2011.09.02 10:00:28.178,1.42599,1.42604,2.49,1.50
2011.09.02 10:00:28.300,1.42596,1.42601,3.21,1.50
2011.09.02 10:00:28.670,1.42594,1.426,3.60,1.50
2011.09.02 10:00:28.923,1.42595,1.42604,3.75,1.80
2011.09.02 10:00:29.471,1.42595,1.42605,3.00,1.88
2011.09.02 10:00:29.614,1.42598,1.42605,1.50,1.62
2011.09.02 10:00:29.744,1.42599,1.42607,3.00,3.39
2011.09.02 10:00:30.127,1.42599,1.42607,6.75,1.50
2011.09.02 10:00:30.253,1.42599,1.42607,3.00,1.13
2011.09.02 10:00:30.619,1.42597,1.42605,3.30,1.13
2011.09.02 10:00:31.222,1.42595,1.42604,3.75,1.88
2011.09.02 10:00:31.470,1.42593,1.42602,3.75,2.00
2011.09.02 10:00:31.598,1.42593,1.42601,1.50,1.50
2011.09.02 10:00:31.719,1.42594,1.42601,1.50,1.50
2011.09.02 10:00:32.314,1.42596,1.42605,7.13,6.75
2011.09.02 10:00:32.450,1.42596,1.42604,1.13,2.25
2011.09.02 10:00:33.176,1.42595,1.42603,1.13,1.50
2011.09.02 10:00:33.659,1.42593,1.42602,1.55,3.07
2011.09.02 10:00:33.780,1.42592,1.42598,1.50,1.50
2011.09.02 10:00:33.907,1.4259,1.42598,3.00,2.75
2011.09.02 10:00:34.271,1.42588,1.42596,2.25,1.50
2011.09.02 10:00:34.643,1.42586,1.42594,1.50,1.50
2011.09.02 10:00:36.588,1.42586,1.42594,1.95,3.39
2011.09.02 10:00:37.070,1.42586,1.42592,1.35,1.50
2011.09.02 10:00:37.320,1.42584,1.42593,1.35,2.55
2011.09.02 10:00:38.171,1.42584,1.42593,2.10,4.80
2011.09.02 10:00:38.537,1.42586,1.42593,1.20,1.88
2011.09.02 10:00:39.361,1.42586,1.42593,1.20,1.88
2011.09.02 10:00:39.607,1.42584,1.42593,1.50,4.13
2011.09.02 10:00:40.449,1.42583,1.42591,1.35,1.50
2011.09.02 10:00:40.569,1.42582,1.42591,1.80,3.00
2011.09.02 10:00:41.064,1.42586,1.42594,1.35,1.13
2011.09.02 10:00:41.312,1.42588,1.42596,4.20,1.80
2011.09.02 10:00:41.447,1.4259,1.42596,1.73,1.05
2011.09.02 10:00:41.690,1.42591,1.42599,1.35,2.00
2011.09.02 10:00:42.402,1.42588,1.42595,3.97,1.88
2011.09.02 10:00:42.554,1.42585,1.42593,2.10,1.13
2011.09.02 10:00:42.687,1.42586,1.42595,1.35,1.50
2011.09.02 10:00:43.178,1.42587,1.42593,1.50,2.25
2011.09.02 10:00:43.313,1.42583,1.42592,2.10,2.00
2011.09.02 10:00:43.921,1.42585,1.42593,1.50,3.30
2011.09.02 10:00:44.053,1.42587,1.42594,1.20,4.50
2011.09.02 10:00:44.560,1.42587,1.42595,1.95,3.50
2011.09.02 10:00:44.705,1.42585,1.42595,1.95,1.50
2011.09.02 10:00:45.307,1.42579,1.42588,1.95,1.50
2011.09.02 10:00:48.391,1.42579,1.42585,2.10,1.50
2011.09.02 10:00:48.761,1.42576,1.42583,1.50,1.05
2011.09.02 10:00:48.896,1.42573,1.42578,5.55,1.50
2011.09.02 10:00:49.286,1.42568,1.42574,2.17,2.25
2011.09.02 10:00:49.667,1.4256,1.4257,2.10,4.25
2011.09.02 10:00:50.442,1.42563,1.42571,1.35,3.38
2011.09.02 10:00:51.049,1.42562,1.42573,2.10,3.80
2011.09.02 10:00:51.183,1.42567,1.42573,1.20,1.05
2011.09.02 10:00:51.554,1.42569,1.42577,1.35,2.00
2011.09.02 10:00:51.684,1.42568,1.42576,1.20,2.69
2011.09.02 10:00:51.812,1.42567,1.42575,1.35,2.00
2011.09.02 10:00:51.939,1.42565,1.42574,1.95,3.00
2011.09.02 10:00:52.301,1.42567,1.42576,1.35,3.00
2011.09.02 10:00:52.884,1.4257,1.42578,3.45,1.50
2011.09.02 10:00:53.247,1.42572,1.4258,1.20,3.30
2011.09.02 10:00:53.609,1.42573,1.42582,1.35,2.63
2011.09.02 10:00:53.982,1.42575,1.42584,3.00,1.13
2011.09.02 10:00:54.113,1.42577,1.42585,1.35,4.50
2011.09.02 10:00:54.479,1.42579,1.42587,1.35,1.50
2011.09.02 10:00:54.958,1.42579,1.42586,1.35,3.00
2011.09.02 10:00:55.799,1.42577,1.42585,1.95,1.50
2011.09.02 10:00:56.187,1.42574,1.42583,2.10,3.50
2011.09.02 10:00:56.496,1.42573,1.42582,3.00,1.88
2011.09.02 10:00:56.874,1.42573,1.42581,2.10,1.88
2011.09.02 10:00:57.121,1.42573,1.42581,2.25,1.13
2011.09.02 10:00:58.084,1.42573,1.42581,1.35,1.88
2011.09.02 10:01:00.592,1.42571,1.4258,2.85,1.50
2011.09.02 10:01:00.963,1.42565,1.42573,6.00,2.75
2011.09.02 10:01:01.096,1.42567,1.42573,4.05,2.37
2011.09.02 10:01:01.583,1.42564,1.42572,1.20,1.50
2011.09.02 10:01:02.236,1.42569,1.42575,1.20,6.75
2011.09.02 10:01:02.842,1.42568,1.42575,1.20,1.50
2011.09.02 10:01:04.287,1.42569,1.42576,1.35,2.63
2011.09.02 10:01:05.339,1.42572,1.42579,1.50,1.50
2011.09.02 10:01:05.715,1.42571,1.42581,3.75,3.00
2011.09.02 10:01:06.078,1.42569,1.42577,1.50,1.50
2011.09.02 10:01:06.676,1.42568,1.42576,1.50,1.50
2011.09.02 10:01:07.536,1.42569,1.42576,1.50,1.13
2011.09.02 10:01:07.907,1.42564,1.42571,2.25,1.25
2011.09.02 10:01:08.036,1.42564,1.42571,1.50,1.25
2011.09.02 10:01:08.281,1.42564,1.42572,2.25,3.00
2011.09.02 10:01:09.731,1.42565,1.42572,2.10,2.25
2011.09.02 10:01:10.247,1.42565,1.42573,2.85,2.55
2011.09.02 10:01:10.374,1.42568,1.42576,1.50,3.38
2011.09.02 10:01:10.739,1.42566,1.42574,1.50,2.63
2011.09.02 10:01:11.339,1.42565,1.42574,1.50,2.63
2011.09.02 10:01:11.943,1.42566,1.42573,1.50,1.13
2011.09.02 10:01:12.069,1.42566,1.42573,1.50,1.13
2011.09.02 10:01:12.195,1.42566,1.42574,2.10,2.25
2011.09.02 10:01:12.325,1.42566,1.42573,1.50,1.13
2011.09.02 10:01:12.450,1.42566,1.42574,2.25,2.25
2011.09.02 10:01:13.017,1.42569,1.42576,2.25,2.25
2011.09.02 10:01:13.173,1.42572,1.42579,1.50,1.50
2011.09.02 10:01:13.779,1.42576,1.42583,1.50,3.80
2011.09.02 10:01:13.902,1.42577,1.42581,1.50,1.50
2011.09.02 10:01:14.271,1.4258,1.42585,2.25,1.50
2011.09.02 10:01:14.405,1.42581,1.42587,1.50,1.50
2011.09.02 10:01:14.528,1.42579,1.42587,4.13,1.50
2011.09.02 10:01:14.888,1.42577,1.42585,3.00,1.50
2011.09.02 10:01:15.551,1.42576,1.42583,1.50,3.00
2011.09.02 10:01:15.688,1.42577,1.42584,1.50,1.50
2011.09.02 10:01:16.289,1.42577,1.42586,3.00,1.50
2011.09.02 10:01:16.421,1.42577,1.42583,3.00,1.50
2011.09.02 10:01:16.791,1.42576,1.42585,3.00,2.25
2011.09.02 10:01:17.397,1.42577,1.42586,1.50,3.00
2011.09.02 10:01:17.641,1.42576,1.42585,4.88,1.50
2011.09.02 10:01:18.137,1.42575,1.42582,1.50,1.50
2011.09.02 10:01:18.699,1.42575,1.42582,3.75,1.50
2011.09.02 10:01:19.185,1.42572,1.42581,1.50,2.32
2011.09.02 10:01:19.552,1.42573,1.4258,1.50,3.00
2011.09.02 10:01:19.802,1.42575,1.42581,1.50,2.25
2011.09.02 10:01:19.934,1.42575,1.42582,2.25,1.25
2011.09.02 10:01:20.535,1.42574,1.42582,1.50,2.00
2011.09.02 10:01:21.507,1.42575,1.42583,2.25,2.18
2011.09.02 10:01:22.098,1.42576,1.42583,1.50,1.13
2011.09.02 10:01:22.703,1.42576,1.42583,1.50,1.13
2011.09.02 10:01:24.476,1.42576,1.42583,1.50,1.13
2011.09.02 10:01:24.826,1.42578,1.42585,3.00,3.87
2011.09.02 10:01:25.306,1.42578,1.42583,1.50,1.13
2011.09.02 10:01:26.307,1.42576,1.42583,3.75,1.13
2011.09.02 10:01:27.855,1.42575,1.42582,1.50,1.50
2011.09.02 10:01:28.461,1.42578,1.42584,1.13,3.38
2011.09.02 10:01:28.709,1.42581,1.42586,1.50,1.12
2011.09.02 10:01:28.951,1.42576,1.42584,4.88,1.50
2011.09.02 10:01:29.198,1.42577,1.42585,1.50,4.62
2011.09.02 10:01:29.562,1.42577,1.42585,3.75,2.00
2011.09.02 10:01:29.692,1.42577,1.42584,1.50,1.50
2011.09.02 10:01:30.470,1.42574,1.42582,2.25,1.25
2011.09.02 10:01:31.443,1.42573,1.42579,3.00,2.25
2011.09.02 10:01:31.929,1.42571,1.42579,1.50,3.75
2011.09.02 10:01:32.544,1.42572,1.42576,2.56,1.50
2011.09.02 10:01:32.675,1.42571,1.42575,1.50,2.25
2011.09.02 10:01:32.804,1.42568,1.42576,1.50,2.75
2011.09.02 10:01:32.933,1.42568,1.42574,3.00,1.25
2011.09.02 10:01:33.336,1.42567,1.42573,2.25,2.00
2011.09.02 10:01:33.721,1.4256,1.42568,1.50,2.25
2011.09.02 10:01:33.966,1.4256,1.42567,1.50,1.13
2011.09.02 10:01:34.093,1.42558,1.42566,1.50,3.00
2011.09.02 10:01:34.700,1.42557,1.42566,4.88,2.32
2011.09.02 10:01:35.307,1.42558,1.42566,1.50,1.13
2011.09.02 10:01:35.910,1.42557,1.42566,1.50,1.94
2011.09.02 10:01:36.607,1.42558,1.42566,1.88,1.13
2011.09.02 10:01:37.098,1.42559,1.42564,1.50,2.00
2011.09.02 10:01:37.343,1.42556,1.42562,1.50,1.50
2011.09.02 10:01:37.469,1.42554,1.42562,2.25,3.50
2011.09.02 10:01:37.832,1.42557,1.42562,1.13,1.50
2011.09.02 10:01:38.327,1.42557,1.42565,2.48,1.65
2011.09.02 10:01:38.453,1.42559,1.42566,2.48,3.83
2011.09.02 10:01:38.581,1.42561,1.42567,1.13,1.50
2011.09.02 10:01:38.829,1.42561,1.42569,3.75,2.25
2011.09.02 10:01:39.403,1.42564,1.42571,2.25,1.05
2011.09.02 10:01:40.247,1.42564,1.42571,2.25,1.80
2011.09.02 10:01:40.372,1.4256,1.42566,1.12,2.63
2011.09.02 10:01:40.622,1.42557,1.42564,1.50,1.50
2011.09.02 10:01:41.230,1.42556,1.42566,4.88,3.38
2011.09.02 10:01:41.838,1.42556,1.42564,2.25,1.50
2011.09.02 10:01:42.519,1.42556,1.42563,1.71,1.20
2011.09.02 10:01:42.901,1.42558,1.42563,1.50,1.25
2011.09.02 10:01:43.033,1.42558,1.42565,2.25,2.25
2011.09.02 10:01:43.399,1.4256,1.42566,2.25,2.25
2011.09.02 10:01:44.358,1.42564,1.42572,5.63,1.13
2011.09.02 10:01:45.243,1.42564,1.42572,3.75,3.75
2011.09.02 10:01:45.376,1.42565,1.42572,2.25,1.50
2011.09.02 10:01:46.339,1.42567,1.42575,4.88,1.05
2011.09.02 10:01:46.697,1.42567,1.42575,2.63,1.13
2011.09.02 10:01:48.349,1.42568,1.42576,1.13,1.13
2011.09.02 10:01:48.718,1.42569,1.42573,1.05,1.50
2011.09.02 10:01:49.199,1.42566,1.42573,3.00,4.13
2011.09.02 10:01:49.455,1.42565,1.42571,1.50,4.50
2011.09.02 10:01:49.581,1.42564,1.4257,1.50,2.25
2011.09.02 10:01:49.710,1.42562,1.42569,1.50,2.25
2011.09.02 10:01:50.080,1.42561,1.42568,1.50,2.25
2011.09.02 10:01:50.692,1.42555,1.42562,1.13,1.50
2011.09.02 10:01:50.937,1.42554,1.42563,2.25,2.63
2011.09.02 10:01:51.546,1.42555,1.42563,1.13,1.13
2011.09.02 10:01:52.716,1.42555,1.42563,1.50,1.13
2011.09.02 10:01:54.042,1.42554,1.42562,3.00,1.50
2011.09.02 10:01:54.291,1.42552,1.4256,1.50,1.50
2011.09.02 10:01:55.900,1.42553,1.42561,1.13,1.13
2011.09.02 10:01:56.160,1.42552,1.4256,1.88,1.88
2011.09.02 10:01:56.665,1.42553,1.42561,1.13,1.88
2011.09.02 10:01:59.236,1.42552,1.4256,2.25,2.25
2011.09.02 10:01:59.597,1.42552,1.4256,1.50,3.75
2011.09.02 10:01:59.718,1.42552,1.4256,1.50,2.25
2011.09.02 10:02:00.756,1.42552,1.4256,1.50,2.25
2011.09.02 10:02:01.340,1.42554,1.42561,1.13,1.25
2011.09.02 10:02:02.272,1.42553,1.42561,1.50,2.00
2011.09.02 10:02:02.866,1.42554,1.42561,1.13,1.25
2011.09.02 10:02:03.677,1.42551,1.42559,3.38,1.13
2011.09.02 10:02:04.044,1.42549,1.42556,3.75,2.25
2011.09.02 10:02:04.170,1.42549,1.42556,1.50,3.00
2011.09.02 10:02:04.302,1.42547,1.42554,2.55,2.25
2011.09.02 10:02:04.436,1.42546,1.42553,1.05,3.87
2011.09.02 10:02:04.562,1.42545,1.4255,2.25,1.50
2011.09.02 10:02:05.363,1.4254,1.42548,3.00,1.50
2011.09.02 10:02:05.741,1.42538,1.42546,2.63,1.13
2011.09.02 10:02:05.867,1.42538,1.42546,2.25,3.00
2011.09.02 10:02:06.826,1.42538,1.42545,2.25,2.25
2011.09.02 10:02:07.070,1.42539,1.42547,2.94,1.50
2011.09.02 10:02:07.201,1.42544,1.42549,2.10,1.88
2011.09.02 10:02:07.332,1.42544,1.4255,1.50,1.25
2011.09.02 10:02:07.465,1.42544,1.42549,2.25,2.25
2011.09.02 10:02:07.590,1.42543,1.4255,1.88,2.00
2011.09.02 10:02:07.719,1.42543,1.42552,2.63,1.88
2011.09.02 10:02:08.329,1.42543,1.42552,4.13,1.50
2011.09.02 10:02:08.931,1.42545,1.42553,1.50,1.50
2011.09.02 10:02:11.868,1.42545,1.42555,3.38,3.38
2011.09.02 10:02:13.012,1.42544,1.42551,1.50,5.25
2011.09.02 10:02:13.142,1.42545,1.42551,1.50,2.25
2011.09.02 10:02:13.272,1.42546,1.42554,1.88,1.88
2011.09.02 10:02:13.880,1.42548,1.42554,1.35,2.25
2011.09.02 10:02:14.131,1.42546,1.42554,1.50,1.50
2011.09.02 10:02:15.116,1.42546,1.42554,1.88,1.13
2011.09.02 10:02:15.995,1.42547,1.42555,1.13,1.88
2011.09.02 10:02:16.599,1.42545,1.42554,3.75,2.25
2011.09.02 10:02:17.196,1.42544,1.42553,4.50,1.50
2011.09.02 10:02:17.320,1.42545,1.42554,1.50,2.63
2011.09.02 10:02:17.448,1.42546,1.42554,3.00,1.88
2011.09.02 10:02:17.820,1.42549,1.42557,2.63,1.13
2011.09.02 10:02:17.950,1.42549,1.42558,2.63,2.25
2011.09.02 10:02:18.200,1.4255,1.42558,3.00,1.50
2011.09.02 10:02:19.397,1.42551,1.42559,1.13,1.88
2011.09.02 10:02:19.995,1.4255,1.42558,3.75,1.50
2011.09.02 10:02:24.286,1.4255,1.42558,1.88,1.88
2011.09.02 10:02:24.410,1.4255,1.42558,1.50,3.75
2011.09.02 10:02:24.779,1.42551,1.42558,3.00,2.63
2011.09.02 10:02:25.259,1.4255,1.42558,1.50,1.50
2011.09.02 10:02:25.748,1.42546,1.4255,1.88,1.13
2011.09.02 10:02:25.997,1.42546,1.4255,1.88,1.88
2011.09.02 10:02:26.607,1.42549,1.42555,2.10,1.50
2011.09.02 10:02:26.732,1.42549,1.42558,3.60,3.76
2011.09.02 10:02:26.858,1.4255,1.42558,4.88,1.13
2011.09.02 10:02:27.554,1.42553,1.4256,1.50,1.13
2011.09.02 10:02:28.150,1.42553,1.4256,1.50,1.50
2011.09.02 10:02:30.561,1.42553,1.4256,1.50,2.25
2011.09.02 10:02:31.045,1.4255,1.42558,4.13,1.13
2011.09.02 10:02:32.228,1.4255,1.42558,4.13,1.13
2011.09.02 10:02:32.468,1.4255,1.42557,1.88,2.25
2011.09.02 10:02:33.528,1.42551,1.42557,1.13,1.50
2011.09.02 10:02:33.892,1.42553,1.42558,1.88,5.25
2011.09.02 10:02:34.029,1.42555,1.42559,1.50,2.25
2011.09.02 10:02:34.159,1.42555,1.42561,2.25,2.25
2011.09.02 10:02:34.301,1.42557,1.42561,4.50,1.50
2011.09.02 10:02:34.435,1.42557,1.42563,2.48,1.50
2011.09.02 10:02:34.918,1.42558,1.42565,4.35,3.00
2011.09.02 10:02:35.058,1.42559,1.42566,1.50,3.75
2011.09.02 10:02:35.425,1.42561,1.42566,2.25,1.50
2011.09.02 10:02:35.549,1.4256,1.42569,2.25,1.13
2011.09.02 10:02:36.158,1.42561,1.42571,3.75,1.13
2011.09.02 10:02:36.755,1.42563,1.42571,1.13,1.13
2011.09.02 10:02:37.587,1.42563,1.42573,3.00,2.25
2011.09.02 10:02:38.266,1.42564,1.42573,2.85,1.13
2011.09.02 10:02:38.758,1.42566,1.42574,2.25,2.25
2011.09.02 10:02:39.127,1.42568,1.42574,2.25,2.25
2011.09.02 10:02:39.255,1.42569,1.42575,3.00,3.00
2011.09.02 10:02:39.380,1.42569,1.42577,3.75,1.50
2011.09.02 10:02:39.989,1.42571,1.42578,3.00,1.50
2011.09.02 10:02:40.110,1.42573,1.42579,1.50,1.50
2011.09.02 10:02:40.608,1.42573,1.42581,1.13,3.75
2011.09.02 10:02:41.053,1.42574,1.42583,5.25,3.38
2011.09.02 10:02:41.188,1.42581,1.4259,1.88,1.50
2011.09.02 10:02:41.908,1.42581,1.4259,2.25,1.50
2011.09.02 10:02:42.270,1.42584,1.42591,1.13,1.50
2011.09.02 10:02:42.866,1.42583,1.42591,1.50,1.50
2011.09.02 10:02:43.545,1.42583,1.42591,1.50,1.50
2011.09.02 10:02:44.586,1.42583,1.42591,1.50,1.50
2011.09.02 10:02:44.935,1.42582,1.42591,6.38,3.75
2011.09.02 10:02:45.539,1.42582,1.42589,1.13,1.50
2011.09.02 10:02:46.319,1.42581,1.42589,5.63,1.88
2011.09.02 10:02:46.918,1.42581,1.42588,4.88,1.50
2011.09.02 10:02:49.037,1.42582,1.42589,3.75,4.88
2011.09.02 10:02:50.725,1.42582,1.42589,3.75,1.88
2011.09.02 10:02:51.211,1.42583,1.42591,5.63,4.88
2011.09.02 10:02:51.588,1.42588,1.42595,2.25,3.75
2011.09.02 10:02:51.711,1.42588,1.42595,7.35,3.75
2011.09.02 10:02:53.180,1.42588,1.42596,8.48,1.50
2011.09.02 10:02:54.146,1.42589,1.42597,1.88,1.13
2011.09.02 10:02:54.507,1.4259,1.42597,2.25,1.13
2011.09.02 10:02:54.868,1.42591,1.42599,1.88,1.13
2011.09.02 10:02:54.991,1.42592,1.42599,2.25,1.13
2011.09.02 10:02:55.239,1.42591,1.42599,4.50,1.50
2011.09.02 10:02:55.490,1.4259,1.42598,3.38,1.88
2011.09.02 10:02:55.976,1.4259,1.42598,7.88,1.88
2011.09.02 10:02:56.342,1.42594,1.42602,1.13,3.38
2011.09.02 10:02:56.849,1.42594,1.42602,3.98,1.88
2011.09.02 10:02:57.232,1.42596,1.42602,1.13,1.50
2011.09.02 10:02:57.360,1.42597,1.42603,4.50,1.50
2011.09.02 10:02:57.605,1.42597,1.42604,4.50,3.75
2011.09.02 10:02:58.089,1.42597,1.42606,1.13,1.13
2011.09.02 10:02:58.222,1.42595,1.42603,9.58,1.50
2011.09.02 10:02:58.354,1.42598,1.42604,1.50,2.25
2011.09.02 10:02:58.480,1.42599,1.42604,1.13,1.88
2011.09.02 10:02:59.454,1.42596,1.42604,1.88,3.75
2011.09.02 10:03:00.219,1.42596,1.42603,1.13,2.25
2011.09.02 10:03:00.829,1.42594,1.42602,3.00,1.50
2011.09.02 10:03:01.778,1.42594,1.42602,1.50,1.50
2011.09.02 10:03:04.571,1.42594,1.42602,1.13,4.13
2011.09.02 10:03:04.698,1.42594,1.42602,1.13,4.13
2011.09.02 10:03:05.510,1.42589,1.42593,3.30,1.50
2011.09.02 10:03:05.642,1.42588,1.42593,2.25,2.25
2011.09.02 10:03:05.772,1.42582,1.42588,3.00,2.25
2011.09.02 10:03:06.021,1.42584,1.42588,2.25,1.50
2011.09.02 10:03:06.272,1.42588,1.42594,1.50,1.05
2011.09.02 10:03:06.401,1.42589,1.42596,2.63,3.00
2011.09.02 10:03:06.527,1.42589,1.42596,2.63,2.25
2011.09.02 10:03:06.890,1.42588,1.42595,1.50,1.13
2011.09.02 10:03:07.616,1.42586,1.42595,3.23,1.88
2011.09.02 10:03:07.752,1.42591,1.42599,2.18,3.38
2011.09.02 10:03:08.357,1.42589,1.42597,3.38,1.13
2011.09.02 10:03:08.599,1.42589,1.42597,1.13,1.88
2011.09.02 10:03:08.728,1.4259,1.42598,2.25,1.50
2011.09.02 10:03:09.446,1.42591,1.42599,1.50,2.25
2011.09.02 10:03:09.815,1.42587,1.42594,1.88,1.50
2011.09.02 10:03:10.179,1.42586,1.42595,2.85,2.25
2011.09.02 10:03:10.298,1.42588,1.42596,1.13,1.50
2011.09.02 10:03:10.949,1.42588,1.42596,1.13,1.50
2011.09.02 10:03:13.137,1.42588,1.42596,1.50,1.50
2011.09.02 10:03:13.501,1.4259,1.42598,1.50,2.25
2011.09.02 10:03:13.629,1.4259,1.42598,1.50,2.25
2011.09.02 10:03:15.461,1.4259,1.42598,3.00,1.50
2011.09.02 10:03:16.005,1.42588,1.42595,3.00,3.00
2011.09.02 10:03:16.136,1.42586,1.42594,1.88,1.50
2011.09.02 10:03:16.379,1.42584,1.42593,3.75,3.75
2011.09.02 10:03:16.631,1.42585,1.42593,1.13,1.88
2011.09.02 10:03:17.239,1.42584,1.42593,2.85,2.63
2011.09.02 10:03:17.837,1.42584,1.42593,1.50,3.38
2011.09.02 10:03:18.435,1.42584,1.42593,1.50,3.38
2011.09.02 10:03:18.919,1.42587,1.42594,2.10,2.63
2011.09.02 10:03:19.664,1.42586,1.42595,5.48,1.50
2011.09.02 10:03:20.149,1.42588,1.42596,1.88,1.13
2011.09.02 10:03:20.279,1.42588,1.42596,1.50,3.15
2011.09.02 10:03:20.525,1.42586,1.42594,2.25,2.25
2011.09.02 10:03:20.650,1.42584,1.42593,4.50,3.00
2011.09.02 10:03:20.778,1.42584,1.42591,2.25,1.13
2011.09.02 10:03:23.026,1.42582,1.42589,1.50,1.50
2011.09.02 10:03:23.856,1.42584,1.4259,1.13,1.50
2011.09.02 10:03:24.679,1.42583,1.4259,3.23,1.50
2011.09.02 10:03:25.058,1.42588,1.42594,3.00,2.75
2011.09.02 10:03:25.182,1.42589,1.42595,2.63,6.68
2011.09.02 10:03:25.548,1.42589,1.42596,3.00,1.50
2011.09.02 10:03:26.387,1.42591,1.42598,1.13,1.50
2011.09.02 10:03:26.976,1.42591,1.42598,1.50,1.50
2011.09.02 10:03:28.085,1.42591,1.42596,3.75,1.25
2011.09.02 10:03:28.214,1.42589,1.42596,1.50,1.88
2011.09.02 10:03:28.341,1.42587,1.42595,4.50,1.50
2011.09.02 10:03:28.475,1.42587,1.42593,1.50,1.50
2011.09.02 10:03:28.726,1.42585,1.42592,2.18,3.00
2011.09.02 10:03:28.854,1.42584,1.42591,4.50,3.00
2011.09.02 10:03:29.222,1.42583,1.4259,1.80,2.25
2011.09.02 10:03:29.352,1.42582,1.42589,1.05,3.38
2011.09.02 10:03:30.170,1.4258,1.42589,1.88,1.88
2011.09.02 10:03:30.302,1.42579,1.42588,3.38,1.13
2011.09.02 10:03:30.432,1.42579,1.42586,1.88,1.50
2011.09.02 10:03:30.804,1.42578,1.42585,3.00,1.50
2011.09.02 10:03:31.173,1.42578,1.42583,1.50,1.50
2011.09.02 10:03:31.542,1.42576,1.42583,3.00,1.50
2011.09.02 10:03:31.910,1.42575,1.42582,2.63,3.75
2011.09.02 10:03:32.284,1.42575,1.4258,1.13,2.25
2011.09.02 10:03:33.137,1.42573,1.42579,1.35,1.13
2011.09.02 10:03:33.499,1.42571,1.42578,1.13,1.13
2011.09.02 10:03:34.107,1.42569,1.42578,2.48,3.00
2011.09.02 10:03:34.711,1.42568,1.42576,1.88,3.00
2011.09.02 10:03:36.312,1.42568,1.42574,2.63,1.88
2011.09.02 10:03:36.565,1.42567,1.42573,1.13,1.88
2011.09.02 10:03:37.050,1.42566,1.42572,3.00,1.50
2011.09.02 10:03:38.746,1.42564,1.42572,1.88,1.88
2011.09.02 10:03:39.470,1.42563,1.42571,1.13,2.25
2011.09.02 10:03:40.068,1.42557,1.42565,3.60,1.80
2011.09.02 10:03:40.671,1.42557,1.42562,1.88,1.50
2011.09.02 10:03:42.446,1.42556,1.42562,1.88,1.50
2011.09.02 10:03:43.171,1.42553,1.42561,1.88,6.38
2011.09.02 10:03:43.302,1.42552,1.42559,1.50,1.50
2011.09.02 10:03:44.303,1.42551,1.42557,1.88,1.50
2011.09.02 10:03:44.558,1.42546,1.42554,3.75,3.00
2011.09.02 10:03:44.800,1.42546,1.42554,1.88,1.13
2011.09.02 10:03:45.443,1.42547,1.42555,1.13,1.13
2011.09.02 10:03:45.830,1.42548,1.42556,3.00,1.50
2011.09.02 10:03:45.964,1.42548,1.42557,4.88,2.63
2011.09.02 10:03:46.807,1.42548,1.42554,1.50,4.25
2011.09.02 10:03:46.935,1.42548,1.42553,2.92,1.50
2011.09.02 10:03:47.066,1.42547,1.42552,1.87,3.30
2011.09.02 10:03:47.322,1.4254,1.42548,2.85,4.88
2011.09.02 10:03:47.457,1.42542,1.42548,4.13,1.50
2011.09.02 10:03:47.946,1.42542,1.42548,2.63,3.75
2011.09.02 10:03:48.318,1.42542,1.42548,2.63,2.25
2011.09.02 10:03:49.040,1.42541,1.42548,1.13,2.25
2011.09.02 10:03:51.328,1.42541,1.42548,1.88,1.50
2011.09.02 10:03:51.810,1.42542,1.42549,2.63,1.50
2011.09.02 10:03:52.184,1.42544,1.42552,1.50,7.55
2011.09.02 10:03:52.314,1.42547,1.42552,1.50,1.80
2011.09.02 10:03:52.689,1.42553,1.42559,2.25,1.50
2011.09.02 10:03:52.809,1.42553,1.4256,2.25,6.83
2011.09.02 10:03:53.285,1.42554,1.4256,1.50,1.50
2011.09.02 10:03:54.253,1.42554,1.4256,1.13,1.50
2011.09.02 10:03:54.817,1.42554,1.42562,1.50,2.25
2011.09.02 10:03:55.183,1.42558,1.42564,3.60,3.00
2011.09.02 10:03:55.431,1.4256,1.42567,3.38,1.50
2011.09.02 10:03:55.679,1.42561,1.42568,1.50,1.13
2011.09.02 10:03:56.637,1.4256,1.42568,1.88,1.88
2011.09.02 10:03:57.237,1.4256,1.42568,1.13,2.63
2011.09.02 10:03:58.358,1.4256,1.42568,3.38,1.88
2011.09.02 10:03:59.065,1.4256,1.42568,1.13,4.51
2011.09.02 10:04:01.807,1.42561,1.42568,2.25,2.25
2011.09.02 10:04:02.170,1.42563,1.4257,2.25,2.25
2011.09.02 10:04:05.466,1.42562,1.4257,1.13,2.63
2011.09.02 10:04:06.290,1.42562,1.4257,1.13,2.63
2011.09.02 10:04:06.951,1.4256,1.42568,2.63,1.13
2011.09.02 10:04:07.089,1.42561,1.42569,3.75,1.50
2011.09.02 10:04:07.691,1.42561,1.42569,4.13,1.13
2011.09.02 10:04:09.695,1.42565,1.42571,3.00,2.75
2011.09.02 10:04:09.946,1.42566,1.42573,3.00,1.80
2011.09.02 10:04:10.569,1.42566,1.42575,4.88,3.00
2011.09.02 10:04:11.308,1.42565,1.42574,1.50,2.63
2011.09.02 10:04:11.549,1.42567,1.42574,6.23,1.50
2011.09.02 10:04:11.912,1.4257,1.42577,1.50,4.50
2011.09.02 10:04:12.038,1.4257,1.42577,1.50,2.63
2011.09.02 10:04:12.640,1.42571,1.42578,1.13,1.50
2011.09.02 10:04:13.871,1.42574,1.42581,2.25,1.65
2011.09.02 10:04:14.125,1.42576,1.42583,1.50,1.13
2011.09.02 10:04:14.730,1.42576,1.42584,1.88,1.50
2011.09.02 10:04:15.699,1.42576,1.42584,3.38,3.00
2011.09.02 10:04:15.938,1.42576,1.42583,1.13,1.88
2011.09.02 10:04:16.066,1.42576,1.42581,1.63,1.50
2011.09.02 10:04:16.736,1.42573,1.4258,2.63,3.75
2011.09.02 10:04:16.859,1.42573,1.42579,1.13,1.89
2011.09.02 10:04:17.709,1.42572,1.42579,1.13,1.89
2011.09.02 10:04:18.079,1.4257,1.42578,1.13,1.88
2011.09.02 10:04:18.680,1.42571,1.42579,1.50,3.39
2011.09.02 10:04:18.926,1.42572,1.42579,2.25,3.00
2011.09.02 10:04:20.262,1.42573,1.42579,1.13,1.50
2011.09.02 10:04:21.212,1.42571,1.42579,3.00,2.25
2011.09.02 10:04:21.814,1.42571,1.42579,3.00,3.00
2011.09.02 10:04:22.416,1.42573,1.42579,1.50,2.25
2011.09.02 10:04:24.840,1.42573,1.42581,2.25,2.00
2011.09.02 10:04:25.917,1.42574,1.4258,1.13,1.50
2011.09.02 10:04:26.042,1.42574,1.4258,1.13,1.50
2011.09.02 10:04:26.770,1.42574,1.42582,1.88,1.88
2011.09.02 10:04:26.895,1.42575,1.42583,4.50,5.63
2011.09.02 10:04:27.496,1.42575,1.42583,2.63,3.38
2011.09.02 10:04:27.634,1.42575,1.42582,2.25,1.13
2011.09.02 10:04:28.242,1.42573,1.42581,2.63,2.37
2011.09.02 10:04:28.374,1.4257,1.4258,5.25,1.50
2011.09.02 10:04:28.742,1.42569,1.42578,1.13,6.76
2011.09.02 10:04:28.872,1.42569,1.42577,1.13,1.88
2011.09.02 10:04:29.239,1.4257,1.42577,1.50,1.13
2011.09.02 10:04:30.981,1.4257,1.42578,1.88,1.88
2011.09.02 10:04:31.348,1.4257,1.42578,4.13,1.13
2011.09.02 10:04:32.656,1.4257,1.42578,1.88,1.88
2011.09.02 10:04:34.001,1.4257,1.42578,1.88,1.13
2011.09.02 10:04:34.369,1.42569,1.42577,3.00,1.50
2011.09.02 10:04:36.916,1.4257,1.42576,1.13,2.25
2011.09.02 10:04:37.164,1.42566,1.42572,3.75,3.50
2011.09.02 10:04:37.296,1.42563,1.4257,3.38,3.00
2011.09.02 10:04:37.664,1.4256,1.42568,1.50,3.00
2011.09.02 10:04:38.269,1.4256,1.42567,1.50,2.25
2011.09.02 10:04:40.500,1.4256,1.42567,2.25,1.88
2011.09.02 10:04:40.987,1.4256,1.42568,3.23,1.88
2011.09.02 10:04:46.807,1.42562,1.4257,1.50,3.75
2011.09.02 10:04:47.266,1.42562,1.4257,2.48,1.88
2011.09.02 10:04:47.631,1.42563,1.42569,1.50,2.25
2011.09.02 10:04:48.678,1.42561,1.42568,3.75,2.25
2011.09.02 10:04:49.518,1.42561,1.42568,1.50,2.25
2011.09.02 10:04:51.056,1.4256,1.42567,2.10,2.25
2011.09.02 10:04:51.645,1.4256,1.42567,1.35,3.00
2011.09.02 10:04:52.667,1.42559,1.42566,1.73,3.00
2011.09.02 10:04:52.790,1.42558,1.42566,1.73,3.75
2011.09.02 10:04:53.628,1.42559,1.42567,3.23,2.25
2011.09.02 10:04:53.867,1.42558,1.42567,2.10,3.00
2011.09.02 10:04:54.466,1.42558,1.42566,1.35,1.13
2011.09.02 10:04:54.589,1.42557,1.42565,2.48,3.00
2011.09.02 10:04:54.953,1.42558,1.42565,1.35,1.50
2011.09.02 10:04:55.478,1.42559,1.42567,3.75,3.83
2011.09.02 10:04:55.731,1.4256,1.42568,3.75,1.14
2011.09.02 10:04:55.979,1.42562,1.4257,1.13,2.63
2011.09.02 10:04:56.218,1.42563,1.4257,1.50,1.13
2011.09.02 10:04:56.464,1.42563,1.4257,1.50,1.13
2011.09.02 10:04:56.589,1.42562,1.4257,1.88,1.88
2011.09.02 10:04:57.190,1.42564,1.42572,2.25,1.50
2011.09.02 10:04:57.558,1.42563,1.42571,1.13,1.13
2011.09.02 10:04:58.151,1.42562,1.4257,1.50,3.50
2011.09.02 10:04:59.775,1.42561,1.42569,3.38,1.13
2011.09.02 10:05:00.017,1.42561,1.4257,5.63,3.13
2011.09.02 10:05:00.137,1.42561,1.42569,3.38,1.88
2011.09.02 10:05:00.259,1.42561,1.42569,2.63,4.13
2011.09.02 10:05:00.377,1.42561,1.42569,3.38,1.13
2011.09.02 10:05:00.502,1.42562,1.4257,3.00,2.75
2011.09.02 10:05:00.634,1.42561,1.4257,3.38,3.00
2011.09.02 10:05:01.797,1.42559,1.42566,4.73,3.75
2011.09.02 10:05:02.682,1.42559,1.42566,1.88,4.50
2011.09.02 10:05:02.932,1.42556,1.42564,1.50,4.14
2011.09.02 10:05:03.183,1.42558,1.42564,1.50,3.00
2011.09.02 10:05:03.909,1.42559,1.42566,1.13,3.00
2011.09.02 10:05:04.031,1.42559,1.42568,1.88,4.14
2011.09.02 10:05:04.642,1.4256,1.42568,1.50,4.50
2011.09.02 10:05:05.248,1.42561,1.42568,1.50,3.00
2011.09.02 10:05:05.487,1.4256,1.42568,1.50,3.00
2011.09.02 10:05:06.694,1.42558,1.42566,3.38,1.13
2011.09.02 10:05:06.822,1.42558,1.42566,1.13,3.38
2011.09.02 10:05:06.949,1.42558,1.42566,1.88,1.13
2011.09.02 10:05:07.187,1.42559,1.42567,1.50,2.25
2011.09.02 10:05:07.670,1.42553,1.42562,1.50,3.00
2011.09.02 10:05:08.045,1.42548,1.42555,2.63,3.75
2011.09.02 10:05:08.175,1.42545,1.42551,1.80,2.25
2011.09.02 10:05:08.588,1.42545,1.42551,1.80,3.00
2011.09.02 10:05:08.720,1.42543,1.42551,1.50,3.75
2011.09.02 10:05:08.971,1.42542,1.42549,2.63,2.25
2011.09.02 10:05:09.098,1.42541,1.42549,1.13,3.38
2011.09.02 10:05:09.821,1.42538,1.42545,8.10,2.25
2011.09.02 10:05:10.074,1.42536,1.42543,2.25,3.00
2011.09.02 10:05:10.561,1.42535,1.42544,1.50,2.63
2011.09.02 10:05:11.047,1.42537,1.42545,1.50,1.50
2011.09.02 10:05:11.551,1.42538,1.42546,2.25,1.50
2011.09.02 10:05:11.918,1.42539,1.42547,1.50,3.07
2011.09.02 10:05:12.516,1.42538,1.42546,1.50,1.50
2011.09.02 10:05:13.119,1.42539,1.42547,1.50,2.25
2011.09.02 10:05:13.838,1.42538,1.42547,4.13,1.13
2011.09.02 10:05:15.102,1.4254,1.42549,4.13,6.00
2011.09.02 10:05:16.295,1.4254,1.42548,3.75,1.50
2011.09.02 10:05:16.542,1.42539,1.42547,1.13,1.13
2011.09.02 10:05:17.270,1.4254,1.42548,2.63,1.50
2011.09.02 10:05:20.299,1.42542,1.42549,1.50,3.00
2011.09.02 10:05:20.674,1.42537,1.42544,1.50,2.25
2011.09.02 10:05:21.636,1.42537,1.42544,1.50,2.25
2011.09.02 10:05:22.579,1.42536,1.42543,1.50,2.25
2011.09.02 10:05:23.155,1.42535,1.42543,5.25,2.25
2011.09.02 10:05:24.008,1.42535,1.42543,1.50,3.00
2011.09.02 10:05:24.630,1.42535,1.42543,2.25,1.50
2011.09.02 10:05:26.175,1.42534,1.42542,1.13,3.38
2011.09.02 10:05:26.420,1.42533,1.42541,1.13,1.88
2011.09.02 10:05:28.300,1.42533,1.4254,3.00,1.13
2011.09.02 10:05:30.532,1.42533,1.42542,4.13,6.50
2011.09.02 10:05:31.933,1.42533,1.42542,4.13,2.37
2011.09.02 10:05:32.746,1.42533,1.42541,2.63,1.13
2011.09.02 10:05:32.870,1.42532,1.42538,1.50,2.25
2011.09.02 10:05:33.119,1.42529,1.42535,1.50,1.25
2011.09.02 10:05:33.259,1.42528,1.42536,1.80,3.75
2011.09.02 10:05:33.620,1.42528,1.42536,3.75,3.00
2011.09.02 10:05:35.773,1.42528,1.42535,2.25,1.62
2011.09.02 10:05:35.908,1.42528,1.42536,1.35,3.75
2011.09.02 10:05:36.147,1.42528,1.42536,3.60,3.00
2011.09.02 10:05:36.511,1.42528,1.42536,1.35,3.75
2011.09.02 10:05:36.872,1.42527,1.42536,2.18,2.25
2011.09.02 10:05:37.122,1.4253,1.42537,2.85,1.88
2011.09.02 10:05:37.716,1.42529,1.42538,3.23,1.50
2011.09.02 10:05:38.457,1.42529,1.42537,1.73,1.13
2011.09.02 10:05:39.277,1.42529,1.42538,3.23,1.50
2011.09.02 10:05:39.867,1.4253,1.42538,1.50,1.50
2011.09.02 10:05:43.104,1.42531,1.42539,1.13,1.13
2011.09.02 10:05:43.674,1.42531,1.4254,1.88,3.00
2011.09.02 10:05:45.011,1.42532,1.4254,1.13,2.63
2011.09.02 10:05:45.614,1.42535,1.42542,3.00,6.00
2011.09.02 10:05:45.743,1.42536,1.42542,1.50,5.25
2011.09.02 10:05:45.989,1.42537,1.42544,3.00,1.05
2011.09.02 10:05:47.130,1.42537,1.42544,2.25,1.50
2011.09.02 10:05:48.089,1.4254,1.42547,1.13,6.23
2011.09.02 10:05:48.329,1.4254,1.42548,1.13,1.88
2011.09.02 10:05:48.934,1.42547,1.42552,1.35,3.00
2011.09.02 10:05:49.300,1.42553,1.42559,3.00,1.50
2011.09.02 10:05:49.930,1.42555,1.42559,2.48,3.75
2011.09.02 10:05:50.187,1.42555,1.42562,1.05,9.12
2011.09.02 10:05:50.433,1.42557,1.42563,1.13,1.50
2011.09.02 10:05:50.678,1.42557,1.42565,1.13,2.63
2011.09.02 10:05:51.043,1.42564,1.4257,1.50,1.25
2011.09.02 10:05:51.410,1.42563,1.4257,1.13,2.25
2011.09.02 10:05:51.776,1.42563,1.4257,3.38,1.50
2011.09.02 10:05:52.901,1.42561,1.42568,3.38,1.50
2011.09.02 10:05:53.750,1.4256,1.42568,1.20,1.88
2011.09.02 10:05:54.348,1.42561,1.42569,1.50,3.00
2011.09.02 10:05:54.708,1.42561,1.4257,3.75,1.50
2011.09.02 10:05:55.306,1.42563,1.42571,1.13,2.63
2011.09.02 10:05:56.476,1.42564,1.42571,2.25,1.88
2011.09.02 10:05:56.734,1.42564,1.4257,1.50,1.50
2011.09.02 10:05:57.579,1.42562,1.4257,3.00,2.25
2011.09.02 10:05:58.630,1.42561,1.4257,1.88,5.64
2011.09.02 10:05:59.620,1.4256,1.42568,4.50,1.50
2011.09.02 10:06:00.367,1.42561,1.4257,1.50,6.50
2011.09.02 10:06:00.972,1.4256,1.42568,3.75,1.50
2011.09.02 10:06:01.337,1.4256,1.42567,1.50,1.13
2011.09.02 10:06:01.939,1.4256,1.42567,3.75,1.13
2011.09.02 10:06:02.525,1.4256,1.42568,4.13,1.13
2011.09.02 10:06:03.254,1.42562,1.4257,1.13,3.38
2011.09.02 10:06:06.147,1.42561,1.4257,1.88,2.25
2011.09.02 10:06:09.507,1.42562,1.4257,1.50,1.50
2011.09.02 10:06:09.868,1.42563,1.42571,3.00,1.05
2011.09.02 10:06:10.484,1.42564,1.42572,2.25,2.00
2011.09.02 10:06:11.078,1.42564,1.42572,3.75,1.25
2011.09.02 10:06:11.437,1.42564,1.42572,1.13,2.37
2011.09.02 10:06:11.796,1.42565,1.42572,2.85,1.88
2011.09.02 10:06:11.928,1.42571,1.42576,1.13,1.05
2011.09.02 10:06:12.052,1.42571,1.42578,1.88,1.14
2011.09.02 10:06:13.478,1.42571,1.4258,2.25,4.13
2011.09.02 10:06:15.958,1.42571,1.42578,1.50,3.75
2011.09.02 10:06:16.322,1.42571,1.42575,2.25,1.13
2011.09.02 10:06:16.920,1.42565,1.4257,1.13,3.75
2011.09.02 10:06:17.067,1.42565,1.42572,1.05,3.75
2011.09.02 10:06:17.434,1.4256,1.42567,3.45,1.50
2011.09.02 10:06:17.560,1.4256,1.42567,2.33,1.50
2011.09.02 10:06:17.690,1.4256,1.42568,2.25,1.50
2011.09.02 10:06:18.298,1.42561,1.42569,1.13,1.50
2011.09.02 10:06:19.255,1.42561,1.42569,3.75,1.50
2011.09.02 10:06:19.620,1.42561,1.42569,2.25,1.50
2011.09.02 10:06:20.405,1.42561,1.42568,2.25,2.25
2011.09.02 10:06:20.659,1.42559,1.42567,3.00,1.50
2011.09.02 10:06:21.258,1.42559,1.42567,2.25,3.75
2011.09.02 10:06:21.621,1.42561,1.42567,3.75,1.50
2011.09.02 10:06:21.750,1.42561,1.42568,2.63,1.50
2011.09.02 10:06:22.124,1.4256,1.42566,2.25,2.63
2011.09.02 10:06:22.370,1.42557,1.42564,1.65,3.00
2011.09.02 10:06:22.502,1.42558,1.42564,3.00,1.50
2011.09.02 10:06:22.752,1.42558,1.42566,6.75,2.25
2011.09.02 10:06:23.236,1.42558,1.42568,7.50,1.62
2011.09.02 10:06:23.822,1.42559,1.42569,3.00,3.38
2011.09.02 10:06:24.917,1.42564,1.42571,3.00,1.80
2011.09.02 10:06:25.044,1.42568,1.42574,5.10,3.00
2011.09.02 10:06:25.530,1.42569,1.42577,1.50,1.50
2011.09.02 10:06:27.051,1.42571,1.42578,1.50,3.38
2011.09.02 10:06:27.179,1.42571,1.42578,1.50,1.13
2011.09.02 10:06:27.538,1.42572,1.4258,1.50,3.98
2011.09.02 10:06:27.663,1.42572,1.42581,2.25,2.10
2011.09.02 10:06:28.847,1.42572,1.4258,1.50,1.50
2011.09.02 10:06:30.077,1.42571,1.42578,1.50,1.50
2011.09.02 10:06:30.200,1.42569,1.42578,1.95,2.25
2011.09.02 10:06:30.730,1.42568,1.42577,2.33,2.26
2011.09.02 10:06:32.411,1.42567,1.42574,1.50,1.50
2011.09.02 10:06:32.781,1.42561,1.42568,1.05,1.13
2011.09.02 10:06:34.063,1.4256,1.42568,2.63,1.13
2011.09.02 10:06:34.669,1.42561,1.42569,1.88,1.13
2011.09.02 10:06:35.743,1.42561,1.42569,1.50,1.50
2011.09.02 10:06:37.945,1.42562,1.4257,1.13,2.63
2011.09.02 10:06:38.420,1.42561,1.42568,1.50,2.25
2011.09.02 10:06:39.012,1.42561,1.42569,1.50,1.50
2011.09.02 10:06:43.167,1.42562,1.4257,2.85,3.75
2011.09.02 10:06:43.413,1.42563,1.4257,2.25,1.50
2011.09.02 10:06:43.536,1.42562,1.4257,2.25,1.50
2011.09.02 10:06:44.140,1.42561,1.4257,1.88,3.00
2011.09.02 10:06:44.768,1.42561,1.4257,1.50,4.50
2011.09.02 10:06:47.285,1.42561,1.4257,1.88,3.00
2011.09.02 10:06:49.675,1.4256,1.42568,1.88,1.88
2011.09.02 10:06:50.400,1.4256,1.42568,2.63,1.51
2011.09.02 10:06:52.944,1.42559,1.42565,1.50,2.37
2011.09.02 10:06:53.431,1.42557,1.42564,1.13,1.80
2011.09.02 10:06:54.036,1.42557,1.42564,1.50,1.13
2011.09.02 10:06:55.646,1.42557,1.42565,4.50,1.50
2011.09.02 10:06:56.653,1.42557,1.42565,2.25,2.25
2011.09.02 10:06:58.697,1.42557,1.42565,2.25,3.75
2011.09.02 10:07:01.236,1.42556,1.42563,2.85,2.63
2011.09.02 10:07:01.871,1.42556,1.42561,1.50,1.50
2011.09.02 10:07:02.004,1.42554,1.42561,1.05,1.13
2011.09.02 10:07:02.134,1.42552,1.42561,2.25,3.00
2011.09.02 10:07:03.708,1.42552,1.42559,2.25,2.25
2011.09.02 10:07:05.576,1.4255,1.42558,2.25,1.50
2011.09.02 10:07:06.609,1.42551,1.42556,2.10,1.50
2011.09.02 10:07:06.976,1.42549,1.42555,1.50,3.00
2011.09.02 10:07:07.343,1.4255,1.42555,1.13,1.50
2011.09.02 10:07:07.832,1.42549,1.42557,1.50,3.75
2011.09.02 10:07:08.199,1.42549,1.42557,2.63,1.88
2011.09.02 10:07:08.562,1.42548,1.42556,2.63,1.13
2011.09.02 10:07:09.501,1.42549,1.42557,1.50,2.25
2011.09.02 10:07:10.107,1.42547,1.42555,4.13,1.13
2011.09.02 10:07:10.347,1.42549,1.42557,1.88,1.88
2011.09.02 10:07:10.591,1.42549,1.42557,2.25,3.00
2011.09.02 10:07:12.500,1.42547,1.42555,3.75,3.00
2011.09.02 10:07:12.753,1.42547,1.42553,1.88,1.50
2011.09.02 10:07:13.002,1.42549,1.42554,2.48,1.50
2011.09.02 10:07:13.434,1.42549,1.42555,2.48,6.00
2011.09.02 10:07:13.572,1.42549,1.42558,5.63,2.25
2011.09.02 10:07:13.820,1.42549,1.42557,2.63,1.88
2011.09.02 10:07:14.188,1.42549,1.42557,1.13,4.13
2011.09.02 10:07:15.248,1.42549,1.42557,1.88,1.88
2011.09.02 10:07:15.368,1.42549,1.42557,4.13,1.13
2011.09.02 10:07:15.609,1.42549,1.42557,1.88,1.88
2011.09.02 10:07:16.686,1.42548,1.42557,1.50,4.13
2011.09.02 10:07:17.268,1.42548,1.42556,1.13,1.13
2011.09.02 10:07:19.315,1.42548,1.42557,1.50,4.13
2011.09.02 10:07:20.426,1.42548,1.42557,1.88,2.25
2011.09.02 10:07:21.607,1.42549,1.42557,1.50,1.50
2011.09.02 10:07:22.811,1.42549,1.42557,3.00,1.50
2011.09.02 10:07:23.184,1.42553,1.42559,1.88,1.50
2011.09.02 10:07:23.851,1.42553,1.4256,1.13,3.75
2011.09.02 10:07:24.224,1.42551,1.42556,1.50,1.50
2011.09.02 10:07:24.351,1.42548,1.42556,1.05,2.25
2011.09.02 10:07:24.970,1.42549,1.42556,1.13,1.50
2011.09.02 10:07:26.266,1.42549,1.42556,1.50,1.50
2011.09.02 10:07:26.389,1.42549,1.42556,1.50,1.50
2011.09.02 10:07:27.356,1.4255,1.42558,1.50,1.50
2011.09.02 10:07:27.476,1.4255,1.42557,1.50,1.50
2011.09.02 10:07:28.076,1.4255,1.42559,1.50,4.51
2011.09.02 10:07:28.442,1.42551,1.42559,4.35,3.75
2011.09.02 10:07:28.575,1.42553,1.42561,1.13,1.20
2011.09.02 10:07:29.904,1.42553,1.42562,2.63,1.57
2011.09.02 10:07:30.891,1.42548,1.42554,4.50,2.25
2011.09.02 10:07:31.021,1.42549,1.42556,2.25,1.13
2011.09.02 10:07:31.629,1.42547,1.42555,3.75,1.50
2011.09.02 10:07:32.226,1.42549,1.42556,1.13,1.50
2011.09.02 10:07:33.998,1.42549,1.42557,3.38,1.88
2011.09.02 10:07:37.189,1.42549,1.42558,4.88,3.75
2011.09.02 10:07:38.119,1.42551,1.42558,1.13,1.50
2011.09.02 10:07:38.707,1.42549,1.42557,3.38,1.13
2011.09.02 10:07:38.828,1.42549,1.42558,4.50,2.25
2011.09.02 10:07:39.425,1.42551,1.42559,1.88,1.88
2011.09.02 10:07:40.978,1.42552,1.42559,2.25,1.50
2011.09.02 10:07:41.339,1.42557,1.42561,1.13,1.50
2011.09.02 10:07:41.937,1.42555,1.42563,1.13,3.75
2011.09.02 10:07:42.298,1.42555,1.42562,1.13,3.00
2011.09.02 10:07:42.896,1.42553,1.42559,1.50,1.50
2011.09.02 10:07:44.789,1.42553,1.42559,1.13,1.50
2011.09.02 10:07:45.388,1.42551,1.42559,3.75,1.50
2011.09.02 10:07:45.992,1.42549,1.42556,4.50,1.89
2011.09.02 10:07:46.365,1.42547,1.42554,1.13,2.25
2011.09.02 10:07:46.729,1.42547,1.42555,1.88,3.76
2011.09.02 10:07:47.617,1.42547,1.42554,1.88,1.14
2011.09.02 10:07:47.984,1.42547,1.42555,3.75,1.13
2011.09.02 10:07:48.356,1.42547,1.42554,1.88,4.25
2011.09.02 10:07:48.477,1.42546,1.42553,1.50,1.05
2011.09.02 10:07:51.665,1.42545,1.4255,1.88,1.25
2011.09.02 10:07:51.794,1.42543,1.4255,1.13,2.00
2011.09.02 10:07:52.403,1.42541,1.42549,4.50,1.50
2011.09.02 10:07:52.652,1.42543,1.4255,1.35,1.50
2011.09.02 10:07:52.782,1.42543,1.4255,1.50,2.25
2011.09.02 10:07:52.909,1.42541,1.4255,4.50,3.00
2011.09.02 10:07:53.028,1.4254,1.42548,5.63,1.13
2011.09.02 10:07:58.299,1.42541,1.42548,1.13,1.50
2011.09.02 10:07:58.778,1.42542,1.4255,1.50,1.50
2011.09.02 10:07:58.897,1.42542,1.4255,1.50,2.25
2011.09.02 10:07:59.588,1.42541,1.4255,3.38,3.00
2011.09.02 10:08:00.600,1.42541,1.42548,1.13,1.50
2011.09.02 10:08:02.953,1.4254,1.42548,1.88,1.88
2011.09.02 10:08:03.771,1.42538,1.42544,6.30,1.88
2011.09.02 10:08:03.904,1.42538,1.42544,1.05,3.38
2011.09.02 10:08:04.031,1.42536,1.42544,1.13,4.88
2011.09.02 10:08:04.166,1.42534,1.42541,3.00,1.13
2011.09.02 10:08:04.293,1.42534,1.4254,1.13,6.00
2011.09.02 10:08:04.929,1.42535,1.42543,1.50,1.80
2011.09.02 10:08:05.169,1.42534,1.42542,1.88,2.63
2011.09.02 10:08:05.527,1.42534,1.42542,1.88,1.88
2011.09.02 10:08:05.877,1.42534,1.42542,1.88,1.88
2011.09.02 10:08:07.748,1.42532,1.4254,1.50,2.33
2011.09.02 10:08:08.110,1.42534,1.42541,3.75,1.20
2011.09.02 10:08:09.108,1.42532,1.4254,1.50,3.57
2011.09.02 10:08:09.241,1.42529,1.42533,1.50,1.25
2011.09.02 10:08:09.494,1.42526,1.42533,1.13,1.50
2011.09.02 10:08:10.104,1.42527,1.42534,1.13,1.50
2011.09.02 10:08:10.709,1.42525,1.42534,5.25,2.25
2011.09.02 10:08:11.681,1.42527,1.42534,1.50,1.50
2011.09.02 10:08:12.182,1.42528,1.42536,3.98,1.88
2011.09.02 10:08:12.788,1.42529,1.42536,2.25,1.13
2011.09.02 10:08:14.477,1.42529,1.42537,2.63,1.88
2011.09.02 10:08:15.321,1.42529,1.42537,3.00,1.50
2011.09.02 10:08:16.897,1.42531,1.42538,1.13,1.50
2011.09.02 10:08:17.018,1.42531,1.42539,1.13,2.63
2011.09.02 10:08:17.139,1.42531,1.42539,2.63,1.88
2011.09.02 10:08:17.377,1.42531,1.42539,1.88,2.63
2011.09.02 10:08:19.216,1.42531,1.42539,1.50,1.50
2011.09.02 10:08:19.701,1.42534,1.4254,2.25,1.58
2011.09.02 10:08:19.832,1.42534,1.42541,3.00,1.14
2011.09.02 10:08:20.937,1.42535,1.42543,1.88,1.88
2011.09.02 10:08:22.608,1.42535,1.42543,1.13,2.63
2011.09.02 10:08:23.309,1.42534,1.42541,2.25,1.25
2011.09.02 10:08:23.677,1.42542,1.42546,1.50,1.50
2011.09.02 10:08:23.798,1.4254,1.42545,2.25,1.50
2011.09.02 10:08:24.040,1.42536,1.42542,4.13,2.25
2011.09.02 10:08:24.160,1.42539,1.42546,1.50,1.88
2011.09.02 10:08:24.930,1.42539,1.42546,3.00,1.13
2011.09.02 10:08:25.060,1.42538,1.42545,1.50,1.13
2011.09.02 10:08:27.679,1.42537,1.42545,3.38,1.88
2011.09.02 10:08:28.278,1.42537,1.42545,3.38,1.88
2011.09.02 10:08:28.638,1.42539,1.42546,3.75,1.13
2011.09.02 10:08:29.595,1.42539,1.42546,1.50,1.13
2011.09.02 10:08:34.699,1.42538,1.42547,2.25,3.75
2011.09.02 10:08:34.939,1.42536,1.42545,3.30,6.76
2011.09.02 10:08:35.648,1.42537,1.42545,1.13,1.88
2011.09.02 10:08:37.303,1.42538,1.42545,1.13,1.50
2011.09.02 10:08:37.432,1.4254,1.42546,1.50,1.13
2011.09.02 10:08:37.797,1.4254,1.42547,2.25,1.50
2011.09.02 10:08:37.918,1.42539,1.42546,1.50,1.13
2011.09.02 10:08:40.315,1.42539,1.42547,2.63,1.13
2011.09.02 10:08:42.856,1.42538,1.42546,2.63,1.88
2011.09.02 10:08:46.373,1.4254,1.42547,5.10,1.13
2011.09.02 10:08:46.515,1.42545,1.4255,1.13,7.89
2011.09.02 10:08:46.764,1.42547,1.42553,2.85,1.13
2011.09.02 10:08:47.014,1.42553,1.42558,1.13,3.00
2011.09.02 10:08:47.497,1.42553,1.42559,1.13,2.25
2011.09.02 10:08:48.783,1.42551,1.42556,5.25,1.50
2011.09.02 10:08:48.927,1.42553,1.42559,1.88,1.50
2011.09.02 10:08:49.186,1.42551,1.42559,4.88,1.62
2011.09.02 10:08:49.311,1.42551,1.42558,1.88,1.50
2011.09.02 10:08:50.281,1.42551,1.42556,1.50,1.50
2011.09.02 10:08:50.533,1.42547,1.42554,3.00,1.13
2011.09.02 10:08:50.662,1.42546,1.42554,1.88,1.13
2011.09.02 10:08:51.828,1.42548,1.42557,1.13,2.63
2011.09.02 10:08:52.192,1.42549,1.42558,4.13,1.88
2011.09.02 10:08:52.558,1.42551,1.42559,4.88,1.50
2011.09.02 10:08:53.980,1.42551,1.42559,2.25,2.25
2011.09.02 10:08:54.461,1.42552,1.4256,1.50,1.50
2011.09.02 10:08:54.589,1.42552,1.42561,2.25,5.00
2011.09.02 10:08:55.885,1.42554,1.42561,1.13,2.25
2011.09.02 10:08:57.353,1.42553,1.4256,1.50,1.13
2011.09.02 10:08:57.955,1.42552,1.4256,1.88,1.88
2011.09.02 10:08:59.422,1.4255,1.42554,1.50,1.13
2011.09.02 10:08:59.555,1.42548,1.42554,1.50,1.13
2011.09.02 10:08:59.680,1.42547,1.42554,1.50,2.63
2011.09.02 10:09:00.542,1.42544,1.42552,1.13,1.88
2011.09.02 10:09:00.668,1.42544,1.42552,3.38,1.13
2011.09.02 10:09:02.069,1.42547,1.42553,1.50,1.13
2011.09.02 10:09:02.548,1.42548,1.42555,3.00,1.13
2011.09.02 10:09:02.667,1.42548,1.42554,1.50,1.13
2011.09.02 10:09:03.150,1.42548,1.42554,3.75,1.13
2011.09.02 10:09:03.279,1.42546,1.42553,1.50,1.13
2011.09.02 10:09:07.785,1.42545,1.42551,1.50,2.00
2011.09.02 10:09:08.037,1.42543,1.42551,1.50,3.00
2011.09.02 10:09:08.280,1.42544,1.42549,1.50,2.63
2011.09.02 10:09:08.529,1.42541,1.4255,1.50,4.50
2011.09.02 10:09:09.109,1.4254,1.42548,4.35,3.75
2011.09.02 10:09:09.473,1.42537,1.42545,3.23,4.51
2011.09.02 10:09:10.089,1.42537,1.42545,3.00,1.88
2011.09.02 10:09:10.448,1.42536,1.42545,2.10,1.88
2011.09.02 10:09:10.569,1.42538,1.42546,1.13,1.50
2011.09.02 10:09:10.813,1.4254,1.42547,1.13,2.25
2011.09.02 10:09:11.401,1.42541,1.42549,2.25,1.50
2011.09.02 10:09:11.779,1.42544,1.42552,2.10,3.75
2011.09.02 10:09:12.142,1.42546,1.42552,2.25,1.13
2011.09.02 10:09:13.345,1.42544,1.42551,1.50,3.00
2011.09.02 10:09:13.594,1.4254,1.42546,1.50,2.25
2011.09.02 10:09:13.725,1.42538,1.42546,5.25,2.25
2011.09.02 10:09:14.241,1.4254,1.42546,1.73,1.50
2011.09.02 10:09:14.384,1.4254,1.4255,4.13,3.38
2011.09.02 10:09:15.228,1.4254,1.42548,2.25,2.25
2011.09.02 10:09:15.588,1.42538,1.42545,2.25,1.50
2011.09.02 10:09:16.532,1.42538,1.42544,1.50,1.50
2011.09.02 10:09:17.138,1.42538,1.42546,2.63,1.88
2011.09.02 10:09:18.609,1.42538,1.42546,1.88,2.63
2011.09.02 10:09:19.453,1.42538,1.42543,1.50,1.43
2011.09.02 10:09:19.586,1.42535,1.42543,2.63,2.93
2011.09.02 10:09:19.712,1.42534,1.42542,4.13,1.88
2011.09.02 10:09:20.080,1.42534,1.4254,1.88,1.50
2011.09.02 10:09:20.931,1.42534,1.4254,1.50,1.50
2011.09.02 10:09:21.061,1.42533,1.42541,1.88,1.13
2011.09.02 10:09:22.831,1.4253,1.42534,6.38,1.13
2011.09.02 10:09:23.087,1.42527,1.42533,2.63,1.80
2011.09.02 10:09:23.209,1.42529,1.42536,2.25,1.50
2011.09.02 10:09:23.575,1.42532,1.4254,1.13,4.85
2011.09.02 10:09:23.702,1.4253,1.42538,2.63,1.50
2011.09.02 10:09:25.358,1.4253,1.42537,1.50,1.50
2011.09.02 10:09:26.308,1.42529,1.42537,1.13,1.88
2011.09.02 10:09:28.032,1.42528,1.42536,1.88,1.88
2011.09.02 10:09:30.214,1.42526,1.42534,4.35,1.50
2011.09.02 10:09:30.681,1.42524,1.42532,3.00,3.00
2011.09.02 10:09:30.824,1.42524,1.42531,2.25,1.50
2011.09.02 10:09:30.949,1.42524,1.42532,3.00,1.50
2011.09.02 10:09:31.906,1.42524,1.42532,1.50,1.50
2011.09.02 10:09:32.496,1.42525,1.42533,1.13,1.88
2011.09.02 10:09:32.980,1.42526,1.42534,3.38,1.88
2011.09.02 10:09:33.712,1.42526,1.42534,2.63,2.63
2011.09.02 10:09:34.318,1.42525,1.42532,1.13,1.50
2011.09.02 10:09:34.441,1.42523,1.42531,1.13,1.88
2011.09.02 10:09:34.861,1.42522,1.4253,1.88,1.88
2011.09.02 10:09:35.468,1.4252,1.42528,1.50,1.88
2011.09.02 10:09:35.942,1.42518,1.42527,4.50,3.75
2011.09.02 10:09:36.677,1.42519,1.42527,1.88,1.88
2011.09.02 10:09:36.797,1.42519,1.42526,1.88,1.50
2011.09.02 10:09:37.037,1.42519,1.42527,1.88,1.13
2011.09.02 10:09:37.565,1.42518,1.42525,3.00,2.25
2011.09.02 10:09:37.706,1.42515,1.42521,1.13,1.62
2011.09.02 10:09:37.831,1.42513,1.4252,1.50,1.13
2011.09.02 10:09:38.318,1.42513,1.42522,2.85,1.14
2011.09.02 10:09:39.497,1.42514,1.42522,1.13,1.89
2011.09.02 10:09:40.098,1.42514,1.42522,1.13,2.63
2011.09.02 10:09:42.449,1.42513,1.42521,2.63,1.13
2011.09.02 10:09:43.053,1.42513,1.42521,1.13,1.88
2011.09.02 10:09:43.182,1.42513,1.42521,3.38,1.13
2011.09.02 10:09:43.787,1.42513,1.42521,1.13,1.88
2011.09.02 10:09:44.389,1.42512,1.4252,2.63,1.13
2011.09.02 10:09:44.745,1.42511,1.42518,4.88,1.50
2011.09.02 10:09:45.305,1.42505,1.42512,1.05,1.50
2011.09.02 10:09:45.441,1.42505,1.42513,1.13,6.38
2011.09.02 10:09:45.577,1.42505,1.42513,1.50,5.18
2011.09.02 10:09:45.822,1.42509,1.42516,3.00,1.51
2011.09.02 10:09:46.071,1.42511,1.42518,3.00,1.13
2011.09.02 10:09:46.439,1.42509,1.42517,3.00,1.13
2011.09.02 10:09:47.041,1.42509,1.42517,3.00,1.88
2011.09.02 10:09:47.534,1.42505,1.42514,2.25,2.63
2011.09.02 10:09:48.032,1.42505,1.42514,1.13,6.38
2011.09.02 10:09:50.948,1.42505,1.42514,1.88,6.30
2011.09.02 10:09:51.191,1.4251,1.42516,3.00,1.13
2011.09.02 10:09:51.561,1.42512,1.42519,3.00,4.88
2011.09.02 10:09:51.692,1.4251,1.42516,4.50,1.50
2011.09.02 10:09:51.830,1.42511,1.42516,1.13,3.00
2011.09.02 10:09:52.435,1.42515,1.42522,1.13,2.19
2011.09.02 10:09:52.802,1.42516,1.42524,2.25,1.50
2011.09.02 10:09:52.936,1.42517,1.42524,1.13,1.50
2011.09.02 10:09:53.541,1.42515,1.42524,4.50,3.00
2011.09.02 10:09:53.791,1.42515,1.42524,5.25,1.13
2011.09.02 10:09:53.919,1.42516,1.42524,1.13,1.13
2011.09.02 10:09:54.519,1.42516,1.42524,1.50,1.50
2011.09.02 10:09:55.158,1.42516,1.42524,1.50,2.25
2011.09.02 10:09:55.531,1.42517,1.42525,3.00,1.50
2011.09.02 10:09:55.781,1.42517,1.42525,3.00,1.50
2011.09.02 10:09:59.306,1.42517,1.42525,4.13,1.13
2011.09.02 10:10:00.436,1.42519,1.42527,1.50,3.50
2011.09.02 10:10:01.007,1.4252,1.42528,1.13,1.88
2011.09.02 10:10:01.608,1.42519,1.42527,3.00,1.50
2011.09.02 10:10:02.327,1.42519,1.42527,3.75,1.50
2011.09.02 10:10:04.605,1.42519,1.42527,4.13,1.20
2011.09.02 10:10:04.967,1.42519,1.42527,1.50,3.83
2011.09.02 10:10:07.482,1.42517,1.42524,4.50,2.25
2011.09.02 10:10:08.095,1.42517,1.42522,1.50,2.25
2011.09.02 10:10:08.702,1.42515,1.42522,1.50,1.50
2011.09.02 10:10:10.919,1.42516,1.42521,1.50,1.13
2011.09.02 10:10:11.520,1.42513,1.42521,3.38,1.13
2011.09.02 10:10:11.638,1.42514,1.42523,3.75,3.00
2011.09.02 10:10:12.120,1.42514,1.4252,2.25,1.13
2011.09.02 10:10:12.490,1.42512,1.42519,2.25,1.50
2011.09.02 10:10:12.612,1.42511,1.42519,1.50,1.50
2011.09.02 10:10:13.099,1.42512,1.42519,3.00,1.50
2011.09.02 10:10:14.928,1.42512,1.4252,3.38,1.13
2011.09.02 10:10:17.802,1.42512,1.4252,4.13,1.20
2011.09.02 10:10:19.353,1.42512,1.42519,3.00,2.26
2011.09.02 10:10:20.410,1.42514,1.42519,1.13,1.14
2011.09.02 10:10:21.010,1.42513,1.42521,1.13,1.88
2011.09.02 10:10:21.501,1.42512,1.42518,1.50,1.88
2011.09.02 10:10:21.639,1.42511,1.42518,1.50,3.75
2011.09.02 10:10:22.179,1.42515,1.4252,1.35,1.89
2011.09.02 10:10:22.790,1.42516,1.42522,1.13,3.00
2011.09.02 10:10:23.030,1.42515,1.42523,1.50,1.88
2011.09.02 10:10:23.407,1.42517,1.42522,3.75,2.25
2011.09.02 10:10:23.529,1.42513,1.42521,3.98,1.13
2011.09.02 10:10:24.248,1.42514,1.42522,3.75,2.25
2011.09.02 10:10:24.795,1.42514,1.42522,3.75,2.25
2011.09.02 10:10:25.287,1.42517,1.42523,2.25,5.55
2011.09.02 10:10:25.653,1.42522,1.42529,2.25,1.50
2011.09.02 10:10:26.021,1.42522,1.4253,3.00,2.25
2011.09.02 10:10:26.629,1.42522,1.4253,1.50,2.25
2011.09.02 10:10:27.398,1.42521,1.42528,1.50,1.13
2011.09.02 10:10:27.777,1.42516,1.4252,3.00,1.13
2011.09.02 10:10:28.142,1.4251,1.42518,5.63,2.63
2011.09.02 10:10:28.390,1.42509,1.42517,4.65,1.50
2011.09.02 10:10:28.761,1.42511,1.42519,1.13,3.38
2011.09.02 10:10:30.709,1.42511,1.42519,3.38,1.13
2011.09.02 10:10:30.949,1.42511,1.42519,1.13,1.88
2011.09.02 10:10:32.736,1.42511,1.42519,1.50,1.50
2011.09.02 10:10:34.869,1.42511,1.42519,2.85,1.50
2011.09.02 10:10:37.280,1.42512,1.42519,1.50,1.50
2011.09.02 10:10:37.773,1.4251,1.42517,1.88,1.50
2011.09.02 10:10:38.385,1.42509,1.42514,1.13,5.75
2011.09.02 10:10:39.110,1.42508,1.42515,1.88,1.88
2011.09.02 10:10:40.938,1.42508,1.42515,1.13,1.50
2011.09.02 10:10:41.767,1.42508,1.42515,1.13,3.00
2011.09.02 10:10:42.367,1.42504,1.42513,3.38,1.88
2011.09.02 10:10:42.967,1.42506,1.42513,1.13,1.13
2011.09.02 10:10:44.479,1.42506,1.42513,1.13,1.50
2011.09.02 10:10:44.950,1.42504,1.42512,2.25,3.75
2011.09.02 10:10:45.548,1.42501,1.42512,2.63,2.75
2011.09.02 10:10:47.138,1.42503,1.42511,1.13,3.38
2011.09.02 10:10:47.621,1.42504,1.42512,1.88,1.50
2011.09.02 10:10:48.235,1.42506,1.42513,1.13,1.13
2011.09.02 10:10:48.828,1.42505,1.42514,1.88,4.13
2011.09.02 10:10:52.989,1.42504,1.42512,1.50,1.50
2011.09.02 10:10:53.701,1.42505,1.42513,1.13,1.13
2011.09.02 10:10:54.308,1.42504,1.42512,1.50,1.50
2011.09.02 10:10:54.914,1.42506,1.42513,1.13,1.89
2011.09.02 10:10:55.159,1.42504,1.42511,1.50,1.88
2011.09.02 10:10:55.518,1.42503,1.42511,1.13,2.63
2011.09.02 10:10:55.645,1.42501,1.42509,1.88,1.13
2011.09.02 10:10:56.159,1.42497,1.42503,1.80,2.63
2011.09.02 10:10:56.294,1.42494,1.42502,3.75,1.50
2011.09.02 10:10:56.422,1.42494,1.42501,2.25,1.62
2011.09.02 10:10:56.551,1.4249,1.425,3.00,1.50
2011.09.02 10:10:57.157,1.42494,1.42502,1.13,5.63
2011.09.02 10:11:00.374,1.42492,1.425,1.50,3.75
2011.09.02 10:11:00.751,1.4249,1.42498,1.50,2.25
2011.09.02 10:11:01.002,1.4249,1.42499,4.13,1.50
2011.09.02 10:11:01.383,1.42489,1.42494,3.98,3.75
2011.09.02 10:11:01.749,1.4249,1.425,1.50,5.00
2011.09.02 10:11:02.351,1.42492,1.425,2.25,3.75
2011.09.02 10:11:02.862,1.42493,1.42501,2.85,2.26
2011.09.02 10:11:07.677,1.42492,1.425,1.88,1.88
2011.09.02 10:11:07.798,1.42491,1.42498,2.85,2.25
2011.09.02 10:11:07.921,1.4249,1.42498,3.75,3.00
2011.09.02 10:11:08.050,1.4249,1.42497,1.50,2.37
2011.09.02 10:11:09.148,1.42488,1.42496,3.75,3.00
2011.09.02 10:11:09.390,1.42488,1.42496,4.13,1.13
2011.09.02 10:11:09.872,1.4249,1.42498,1.88,3.38
2011.09.02 10:11:10.458,1.4249,1.42498,2.25,1.50
2011.09.02 10:11:10.820,1.42491,1.42498,2.25,1.50
2011.09.02 10:11:11.295,1.42492,1.425,1.50,1.58
2011.09.02 10:11:11.880,1.42491,1.42498,3.00,1.13
2011.09.02 10:11:12.480,1.42491,1.42499,1.13,1.88
2011.09.02 10:11:13.068,1.4249,1.42499,2.25,1.88
2011.09.02 10:11:14.071,1.4249,1.42499,3.75,1.50
2011.09.02 10:11:14.576,1.42491,1.42499,2.25,1.50
2011.09.02 10:11:15.657,1.4249,1.42499,3.60,1.88
2011.09.02 10:11:16.493,1.42489,1.42496,1.13,1.50
2011.09.02 10:11:17.186,1.42488,1.42496,3.60,1.88
2011.09.02 10:11:18.567,1.42488,1.42496,5.85,1.50
2011.09.02 10:11:20.216,1.4249,1.42498,1.88,2.63
2011.09.02 10:11:20.820,1.42489,1.42498,1.50,4.50
2011.09.02 10:11:20.938,1.42488,1.42496,5.63,1.88
2011.09.02 10:11:23.110,1.42488,1.42496,1.65,4.50
2011.09.02 10:11:23.474,1.42486,1.42492,3.45,1.13
2011.09.02 10:11:23.603,1.42486,1.42492,3.90,1.13
2011.09.02 10:11:24.210,1.42484,1.42492,3.75,1.50
2011.09.02 10:11:24.936,1.42484,1.42492,3.00,3.00
2011.09.02 10:11:26.246,1.42483,1.42492,2.25,3.75
2011.09.02 10:11:26.728,1.42484,1.42492,1.88,1.13
2011.09.02 10:11:27.088,1.42485,1.42493,2.25,1.50
2011.09.02 10:11:27.678,1.42483,1.42492,4.88,1.50
2011.09.02 10:11:27.912,1.42483,1.42488,3.00,1.88
2011.09.02 10:11:28.041,1.42482,1.4249,5.85,3.75
2011.09.02 10:11:28.529,1.42484,1.42492,4.13,1.13
2011.09.02 10:11:28.890,1.42484,1.42489,1.50,1.50
2011.09.02 10:11:29.810,1.4248,1.42488,1.13,1.88
2011.09.02 10:11:30.560,1.42479,1.42487,1.13,1.13
2011.09.02 10:11:31.752,1.42478,1.42485,3.00,2.25
2011.09.02 10:11:31.880,1.42478,1.42483,1.50,1.13
2011.09.02 10:11:32.130,1.42476,1.42483,1.50,1.13
2011.09.02 10:11:32.849,1.42476,1.42484,3.75,1.50
2011.09.02 10:11:33.429,1.42476,1.42484,4.13,1.13
2011.09.02 10:11:34.628,1.42478,1.42484,3.00,1.13
2011.09.02 10:11:36.789,1.42478,1.42485,3.00,1.13
2011.09.02 10:11:38.179,1.42481,1.42487,1.50,2.63
2011.09.02 10:11:38.301,1.4248,1.42488,3.00,1.50
2011.09.02 10:11:41.750,1.4248,1.42488,3.00,1.13
2011.09.02 10:11:42.774,1.4248,1.42488,3.75,3.00
2011.09.02 10:11:45.663,1.42481,1.42489,2.25,3.00
2011.09.02 10:11:46.269,1.4248,1.42488,3.00,3.00
2011.09.02 10:11:46.937,1.42481,1.4249,1.50,4.50
2011.09.02 10:11:47.649,1.4248,1.42488,3.00,1.50
2011.09.02 10:11:48.250,1.42481,1.4249,1.50,5.25
2011.09.02 10:11:48.838,1.42481,1.4249,1.88,2.25
2011.09.02 10:11:50.025,1.42483,1.42491,1.13,2.63
2011.09.02 10:11:51.602,1.42482,1.42488,3.00,3.00
2011.09.02 10:11:51.730,1.4248,1.42488,3.75,3.00
2011.09.02 10:11:52.677,1.4248,1.42488,3.75,1.50
2011.09.02 10:11:53.167,1.42478,1.42484,3.00,1.25
2011.09.02 10:11:53.541,1.42476,1.42482,1.50,2.63
2011.09.02 10:11:54.199,1.42475,1.42483,1.50,1.50
2011.09.02 10:11:54.575,1.42476,1.42484,1.13,1.88
2011.09.02 10:11:54.825,1.42477,1.42485,1.13,1.13
2011.09.02 10:11:55.667,1.42476,1.42485,3.00,1.88
2011.09.02 10:11:56.260,1.42477,1.42485,1.13,1.13
2011.09.02 10:11:57.084,1.42478,1.42486,1.13,1.88
2011.09.02 10:11:58.289,1.42477,1.42486,1.88,2.25
2011.09.02 10:11:58.898,1.42477,1.42485,1.13,1.88
2011.09.02 10:11:59.257,1.42475,1.42482,1.50,1.62
2011.09.02 10:12:01.661,1.42475,1.42482,1.13,1.50
2011.09.02 10:12:03.001,1.42478,1.42481,1.50,2.37
2011.09.02 10:12:03.138,1.42478,1.42483,2.10,4.05
2011.09.02 10:12:03.266,1.42481,1.42487,4.50,5.63
2011.09.02 10:12:03.395,1.4248,1.42487,1.50,4.51
2011.09.02 10:12:03.640,1.42479,1.42487,1.13,3.38
2011.09.02 10:12:04.118,1.42479,1.42487,1.88,1.88
2011.09.02 10:12:04.587,1.42479,1.42487,1.13,3.38
2011.09.02 10:12:05.313,1.42479,1.42487,1.88,1.13
2011.09.02 10:12:07.060,1.42479,1.42487,1.50,3.00
2011.09.02 10:12:07.181,1.42477,1.42486,2.25,1.62
2011.09.02 10:12:07.913,1.42476,1.42484,2.25,1.25
2011.09.02 10:12:08.043,1.42475,1.42483,3.38,6.68
2011.09.02 10:12:08.174,1.42476,1.42483,1.13,6.30
2011.09.02 10:12:08.604,1.42477,1.42483,3.00,5.55
2011.09.02 10:12:08.744,1.42477,1.42486,5.63,1.50
2011.09.02 10:12:09.113,1.42477,1.42485,3.00,1.13
2011.09.02 10:12:10.197,1.42477,1.42486,5.63,1.50
2011.09.02 10:12:10.787,1.42477,1.42485,1.50,1.88
2011.09.02 10:12:11.506,1.42476,1.42485,2.63,2.25
2011.09.02 10:12:12.109,1.42477,1.42486,4.88,1.50
2011.09.02 10:12:12.591,1.42477,1.42485,2.63,1.88
2011.09.02 10:12:13.327,1.42477,1.42485,2.25,1.50
2011.09.02 10:12:14.059,1.42478,1.42486,2.63,1.13
2011.09.02 10:12:14.178,1.42478,1.42486,1.13,2.37
2011.09.02 10:12:14.298,1.42477,1.42484,1.50,1.50
2011.09.02 10:12:14.658,1.42475,1.42483,1.13,1.50
2011.09.02 10:12:15.247,1.42475,1.42484,1.88,2.63
2011.09.02 10:12:15.839,1.42475,1.42483,1.13,1.50
2011.09.02 10:12:16.440,1.42475,1.42484,1.88,2.63
2011.09.02 10:12:17.305,1.42474,1.42482,3.00,1.50
2011.09.02 10:12:17.915,1.42473,1.42481,1.88,1.13
2011.09.02 10:12:19.983,1.42473,1.4248,1.13,3.00
2011.09.02 10:12:20.108,1.42473,1.42481,1.13,1.88
2011.09.02 10:12:22.338,1.42474,1.42482,1.88,1.88
2011.09.02 10:12:22.698,1.42474,1.42482,1.13,4.13
2011.09.02 10:12:23.287,1.42474,1.42482,1.88,1.88
2011.09.02 10:12:23.637,1.42474,1.42482,1.13,4.13
2011.09.02 10:12:28.120,1.42472,1.4248,2.25,2.25
2011.09.02 10:12:28.478,1.42472,1.4248,2.25,3.75
2011.09.02 10:12:28.718,1.42472,1.4248,3.00,1.50
2011.09.02 10:12:29.220,1.42469,1.42476,10.35,3.00
2011.09.02 10:12:29.584,1.42472,1.4248,3.00,1.50
2011.09.02 10:12:33.040,1.42472,1.4248,2.25,1.50
2011.09.02 10:12:33.740,1.42472,1.4248,3.00,1.50
2011.09.02 10:12:35.044,1.42472,1.4248,4.50,1.50
2011.09.02 10:12:36.601,1.42474,1.42482,1.13,3.01
2011.09.02 10:12:37.211,1.42472,1.42479,1.13,1.50
2011.09.02 10:12:37.939,1.4247,1.42479,4.50,3.75
2011.09.02 10:12:38.058,1.42471,1.42479,1.50,1.50
2011.09.02 10:12:39.283,1.4247,1.42479,3.75,3.75
2011.09.02 10:12:40.130,1.4247,1.42479,1.50,4.89
2011.09.02 10:12:40.488,1.42465,1.42472,1.05,1.13
2011.09.02 10:12:40.609,1.42464,1.42472,2.63,1.13
2011.09.02 10:12:40.971,1.42465,1.42472,3.00,1.13
2011.09.02 10:12:41.342,1.4247,1.42478,1.50,1.89
2011.09.02 10:12:42.650,1.42467,1.42474,2.25,2.25
2011.09.02 10:12:42.786,1.42464,1.42472,2.63,1.13
2011.09.02 10:12:43.268,1.42465,1.42472,3.00,1.13
2011.09.02 10:12:43.507,1.42464,1.42472,1.88,1.13
2011.09.02 10:12:47.288,1.4246,1.42464,3.75,1.13
2011.09.02 10:12:47.947,1.42454,1.42461,1.13,1.55
2011.09.02 10:12:48.314,1.42457,1.42462,3.75,1.05
2011.09.02 10:12:48.442,1.42457,1.42464,2.85,1.81
2011.09.02 10:12:48.573,1.42456,1.42464,1.88,1.51
2011.09.02 10:12:49.300,1.42456,1.42464,1.88,1.13
2011.09.02 10:12:49.876,1.42456,1.42464,1.88,1.13
2011.09.02 10:12:50.623,1.42456,1.42465,3.00,1.88
2011.09.02 10:12:51.231,1.42457,1.42466,1.88,1.50
2011.09.02 10:12:52.688,1.42458,1.42466,1.88,1.13
2011.09.02 10:12:53.932,1.42459,1.42467,2.63,1.13
2011.09.02 10:12:54.060,1.4246,1.42468,1.50,2.25
2011.09.02 10:12:54.660,1.4246,1.42468,2.25,1.88
2011.09.02 10:12:55.029,1.42459,1.42464,1.13,1.50
2011.09.02 10:12:55.512,1.4246,1.42467,1.50,2.75
2011.09.02 10:12:55.642,1.4246,1.42467,3.00,2.75
2011.09.02 10:12:56.143,1.42459,1.42467,1.13,1.88
2011.09.02 10:12:56.283,1.4246,1.42468,4.50,1.50
2011.09.02 10:12:57.248,1.4246,1.42468,2.63,1.88
2011.09.02 10:12:57.600,1.4246,1.42468,2.25,3.75
2011.09.02 10:12:57.965,1.4246,1.42468,3.75,2.25
2011.09.02 10:12:58.094,1.42458,1.42465,2.63,4.80
2011.09.02 10:12:58.697,1.4246,1.42468,1.50,3.75
2011.09.02 10:12:58.943,1.42459,1.42464,1.50,1.13
2011.09.02 10:12:59.456,1.42455,1.42462,2.25,1.13
2011.09.02 10:12:59.933,1.42455,1.42461,1.50,3.00
2011.09.02 10:13:00.067,1.42455,1.42462,1.50,1.88
2011.09.02 10:13:00.673,1.42453,1.42461,2.25,1.89
2011.09.02 10:13:01.162,1.42452,1.4246,2.63,1.88
2011.09.02 10:13:01.290,1.42452,1.42459,1.88,3.00
2011.09.02 10:13:02.044,1.42453,1.4246,1.50,1.50
2011.09.02 10:13:02.790,1.42454,1.42462,2.63,1.13
2011.09.02 10:13:03.389,1.42455,1.42463,1.88,1.88
2011.09.02 10:13:03.628,1.42455,1.42463,1.50,3.75
2011.09.02 10:13:04.227,1.42454,1.42462,1.88,1.88
2011.09.02 10:13:05.048,1.42454,1.42462,2.63,1.13
2011.09.02 10:13:05.666,1.42453,1.42461,1.88,1.88
2011.09.02 10:13:06.226,1.42454,1.42461,1.88,1.50
2011.09.02 10:13:06.471,1.42454,1.42462,2.63,1.88
2011.09.02 10:13:07.077,1.42454,1.42462,4.88,1.13
2011.09.02 10:13:07.996,1.42454,1.42462,3.00,1.88
2011.09.02 10:13:08.124,1.42454,1.42462,1.50,2.63
2011.09.02 10:13:08.850,1.42454,1.42462,3.75,2.63
2011.09.02 10:13:09.731,1.42454,1.42461,1.50,1.13
2011.09.02 10:13:11.808,1.42454,1.42461,3.75,1.13
2011.09.02 10:13:12.294,1.42455,1.42463,1.88,1.88
2011.09.02 10:13:12.423,1.42456,1.42463,3.00,1.88
2011.09.02 10:13:12.949,1.42458,1.42465,3.75,6.31
2011.09.02 10:13:13.080,1.42458,1.42466,3.00,1.50
2011.09.02 10:13:13.198,1.42457,1.42466,2.63,2.25
2011.09.02 10:13:13.439,1.42458,1.42466,3.75,1.50
2011.09.02 10:13:14.043,1.42458,1.42466,2.25,2.33
2011.09.02 10:13:14.528,1.42458,1.42466,4.88,1.20
2011.09.02 10:13:15.489,1.42458,1.42466,2.25,2.33
2011.09.02 10:13:16.076,1.42456,1.42464,2.63,2.25
2011.09.02 10:13:16.683,1.42455,1.42462,1.50,3.00
2011.09.02 10:13:16.816,1.42453,1.42462,3.00,3.75
2011.09.02 10:13:17.649,1.42454,1.42462,1.13,2.63
2011.09.02 10:13:17.962,1.42454,1.42462,3.38,1.88
2011.09.02 10:13:19.496,1.42454,1.42462,3.00,1.50
2011.09.02 10:13:19.996,1.42453,1.42462,3.38,2.25
2011.09.02 10:13:20.588,1.42453,1.4246,1.13,1.50
2011.09.02 10:13:21.186,1.42453,1.42461,1.88,1.13
2011.09.02 10:13:21.784,1.42453,1.4246,1.13,1.50
2011.09.02 10:13:23.317,1.42453,1.42461,1.88,1.13
2011.09.02 10:13:28.159,1.42452,1.4246,1.88,1.88
2011.09.02 10:13:28.505,1.42453,1.4246,3.00,1.13
2011.09.02 10:13:28.855,1.42453,1.4246,1.50,1.13
2011.09.02 10:13:29.647,1.42456,1.42463,1.50,2.55
2011.09.02 10:13:30.018,1.42455,1.42462,1.50,2.25
2011.09.02 10:13:30.140,1.42453,1.42461,2.63,1.88
2011.09.02 10:13:31.778,1.42454,1.42461,2.25,1.50
2011.09.02 10:13:32.021,1.42456,1.42464,4.13,1.20
2011.09.02 10:13:32.270,1.42458,1.42465,3.00,6.83
2011.09.02 10:13:33.170,1.42456,1.42464,4.28,1.20
2011.09.02 10:13:33.780,1.42457,1.42464,2.25,1.88
2011.09.02 10:13:37.079,1.42457,1.42464,3.00,1.13
2011.09.02 10:13:37.935,1.42457,1.42464,2.25,1.88
2011.09.02 10:13:38.549,1.42457,1.42464,3.00,1.88
2011.09.02 10:13:39.393,1.42458,1.42465,1.50,5.25
2011.09.02 10:13:40.107,1.42457,1.42466,4.65,1.18
2011.09.02 10:13:41.050,1.42458,1.42466,1.50,1.93
2011.09.02 10:13:42.129,1.42457,1.42464,3.00,1.13
2011.09.02 10:13:43.910,1.42456,1.42464,1.88,1.13
2011.09.02 10:13:44.150,1.42457,1.42464,3.00,1.13
2011.09.02 10:13:46.378,1.42456,1.42464,1.88,1.13
2011.09.02 10:13:46.730,1.42457,1.42464,3.00,1.13
2011.09.02 10:13:47.328,1.42457,1.42464,3.00,1.50
2011.09.02 10:13:48.806,1.42454,1.42461,1.50,1.13
2011.09.02 10:13:49.167,1.42456,1.42462,1.50,1.88
2011.09.02 10:13:49.413,1.42456,1.42463,3.75,1.50
2011.09.02 10:13:50.022,1.42458,1.42464,3.00,1.18
2011.09.02 10:13:50.149,1.42458,1.42464,1.50,1.93
2011.09.02 10:13:52.548,1.42458,1.42465,1.50,1.50
2011.09.02 10:13:53.257,1.42459,1.42467,1.13,2.26
2011.09.02 10:13:53.502,1.42461,1.42468,3.75,2.25
2011.09.02 10:13:53.631,1.42461,1.4247,3.75,3.75
2011.09.02 10:13:54.001,1.42468,1.42474,1.50,1.13
2011.09.02 10:13:54.360,1.42463,1.42468,1.50,1.88
2011.09.02 10:13:54.483,1.42462,1.42469,2.40,1.13
2011.09.02 10:13:55.208,1.42463,1.42471,2.25,1.50
2011.09.02 10:13:55.331,1.42463,1.42472,5.25,3.00
2011.09.02 10:13:56.281,1.42461,1.4247,5.25,3.75
2011.09.02 10:13:56.651,1.42462,1.4247,3.00,1.50
2011.09.02 10:13:59.728,1.42462,1.42468,2.25,1.50
2011.09.02 10:14:00.090,1.42461,1.42468,1.50,1.50
2011.09.02 10:14:01.047,1.42461,1.42469,1.88,1.13
2011.09.02 10:14:01.556,1.42462,1.4247,3.00,1.50
2011.09.02 10:14:03.686,1.42463,1.42471,1.13,1.88
2011.09.02 10:14:04.054,1.42468,1.42475,1.88,4.81
2011.09.02 10:14:04.420,1.42468,1.42476,4.13,1.88
2011.09.02 10:14:04.541,1.42468,1.42476,3.75,3.75
2011.09.02 10:14:05.180,1.42468,1.42475,1.13,1.50
2011.09.02 10:14:05.317,1.4247,1.42476,3.00,1.13
2011.09.02 10:14:06.042,1.42468,1.42476,4.88,1.13
2011.09.02 10:14:08.644,1.42472,1.42479,1.13,2.25
2011.09.02 10:14:09.248,1.42474,1.42482,4.35,1.50
2011.09.02 10:14:09.491,1.42476,1.42484,1.13,2.63
2011.09.02 10:14:10.338,1.42476,1.42484,1.50,1.50
2011.09.02 10:14:10.939,1.42478,1.42485,1.73,1.50
2011.09.02 10:14:11.064,1.4248,1.42487,2.10,1.50
2011.09.02 10:14:11.748,1.42483,1.42491,1.50,2.69
2011.09.02 10:14:11.885,1.42483,1.42491,1.50,1.94
2011.09.02 10:14:12.016,1.42482,1.42491,3.00,2.69
2011.09.02 10:14:14.414,1.42484,1.42491,3.38,1.57
2011.09.02 10:14:15.145,1.42486,1.42494,3.38,1.13
2011.09.02 10:14:15.640,1.42487,1.42496,3.23,3.00
2011.09.02 10:14:15.762,1.42488,1.42496,3.00,2.25
2011.09.02 10:14:16.131,1.42487,1.42496,1.88,3.00
2011.09.02 10:14:16.261,1.42486,1.42495,3.75,3.00
2011.09.02 10:14:17.483,1.42486,1.42494,3.75,3.00
2011.09.02 10:14:18.091,1.42486,1.42493,3.00,2.25
2011.09.02 10:14:19.277,1.42486,1.42494,3.75,1.50
2011.09.02 10:14:20.769,1.42486,1.42494,1.50,2.25
2011.09.02 10:14:21.689,1.42485,1.42493,2.48,1.89
2011.09.02 10:14:22.291,1.42484,1.42492,3.00,3.00
2011.09.02 10:14:23.001,1.42483,1.4249,4.35,1.13
2011.09.02 10:14:23.147,1.4248,1.42488,3.30,2.25
2011.09.02 10:14:23.509,1.4248,1.42488,4.80,1.50
2011.09.02 10:14:25.048,1.4248,1.42488,4.80,3.00
2011.09.02 10:14:26.950,1.42483,1.4249,2.25,1.50
2011.09.02 10:14:27.073,1.42481,1.42488,2.25,1.50
2011.09.02 10:14:27.627,1.42477,1.42486,3.08,1.50
2011.09.02 10:14:28.111,1.42476,1.42485,1.13,1.13
2011.09.02 10:14:29.200,1.42477,1.42485,1.50,1.50
2011.09.02 10:14:29.800,1.42475,1.42484,5.63,1.50
2011.09.02 10:14:30.397,1.42476,1.42484,1.13,1.13
2011.09.02 10:14:30.921,1.42475,1.42484,2.85,1.88
2011.09.02 10:14:31.637,1.42475,1.42483,1.88,1.13
2011.09.02 10:14:33.401,1.42475,1.42483,3.98,1.13
2011.09.02 10:14:34.006,1.42475,1.42483,3.60,1.50
2011.09.02 10:14:37.052,1.42475,1.4248,3.60,1.50
2011.09.02 10:14:37.295,1.42472,1.4248,6.60,1.50
2011.09.02 10:14:37.897,1.42472,1.4248,2.85,3.75
2011.09.02 10:14:40.018,1.42473,1.42479,1.50,1.13
2011.09.02 10:14:40.556,1.42473,1.4248,3.00,1.13
2011.09.02 10:14:40.807,1.42473,1.42481,1.50,2.25
2011.09.02 10:14:41.409,1.42473,1.42481,3.00,1.50
2011.09.02 10:14:42.009,1.42474,1.42482,1.13,1.88
2011.09.02 10:14:43.429,1.42475,1.42483,3.75,1.80
2011.09.02 10:14:44.030,1.42477,1.42485,1.13,2.70
2011.09.02 10:14:44.512,1.42478,1.42485,1.13,1.95
2011.09.02 10:14:44.923,1.42478,1.42485,1.13,1.58
2011.09.02 10:14:45.543,1.42479,1.42487,2.85,2.25
2011.09.02 10:14:46.148,1.4248,1.42487,4.35,1.50
2011.09.02 10:14:46.749,1.42481,1.42489,1.13,3.38
2011.09.02 10:14:47.459,1.4248,1.42488,3.23,1.88
2011.09.02 10:14:55.558,1.42479,1.42487,1.50,1.50
2011.09.02 10:14:55.681,1.42479,1.42486,3.00,3.12
2011.09.02 10:14:55.931,1.42477,1.42484,1.88,3.00
2011.09.02 10:14:56.539,1.42476,1.42484,1.13,1.13
2011.09.02 10:14:57.708,1.42475,1.42484,2.25,1.88
2011.09.02 10:14:58.710,1.42475,1.42483,1.88,1.13
2011.09.02 10:14:58.829,1.42475,1.42482,1.50,2.25
2011.09.02 10:14:59.069,1.42472,1.42481,2.63,2.25
2011.09.02 10:14:59.675,1.42473,1.42481,1.50,2.25
2011.09.02 10:14:59.802,1.42472,1.42479,2.25,1.50
2011.09.02 10:15:00.337,1.42467,1.42473,2.55,1.13
2011.09.02 10:15:00.468,1.42466,1.42472,1.35,1.50
2011.09.02 10:15:00.712,1.42466,1.42474,2.10,3.01
2011.09.02 10:15:03.350,1.42466,1.42473,1.50,1.50
2011.09.02 10:15:03.862,1.42465,1.42472,1.50,1.50
2011.09.02 10:15:03.990,1.42463,1.42471,3.38,1.13
2011.09.02 10:15:04.111,1.42463,1.4247,1.88,1.50
2011.09.02 10:15:04.241,1.42462,1.42468,3.15,3.00
2011.09.02 10:15:04.634,1.4246,1.42468,4.95,1.13
2011.09.02 10:15:04.765,1.4246,1.42467,1.50,1.13
2011.09.02 10:15:04.894,1.42459,1.42466,2.33,3.75
2011.09.02 10:15:05.265,1.42452,1.42459,1.50,1.50
2011.09.02 10:15:05.988,1.42448,1.42453,2.25,1.25
2011.09.02 10:15:06.117,1.42444,1.42453,1.58,2.00
2011.09.02 10:15:06.364,1.4244,1.42449,2.25,1.13
2011.09.02 10:15:06.499,1.42441,1.42449,1.88,2.63
2011.09.02 10:15:07.100,1.42441,1.42449,1.50,3.75
2011.09.02 10:15:07.342,1.42441,1.42449,2.63,1.88
2011.09.02 10:15:07.592,1.42441,1.42449,7.13,1.13
2011.09.02 10:15:08.341,1.42443,1.4245,1.50,3.00
2011.09.02 10:15:08.710,1.42443,1.4245,2.25,2.63
2011.09.02 10:15:08.830,1.42443,1.42451,1.13,1.88
2011.09.02 10:15:09.430,1.42444,1.42452,1.13,1.88
2011.09.02 10:15:10.028,1.42443,1.42451,1.50,1.50
2011.09.02 10:15:10.629,1.42443,1.42451,1.88,2.25
2011.09.02 10:15:11.206,1.42443,1.42451,2.63,1.13
2011.09.02 10:15:11.338,1.42443,1.42451,1.13,1.88
2011.09.02 10:15:11.464,1.42443,1.42451,3.75,1.50
2011.09.02 10:15:11.714,1.42444,1.42453,2.25,2.93
2011.09.02 10:15:12.082,1.42443,1.4245,1.50,1.13
2011.09.02 10:15:12.211,1.42441,1.4245,3.75,1.88
2011.09.02 10:15:12.699,1.42442,1.42451,2.25,1.50
2011.09.02 10:15:13.186,1.42445,1.42453,3.38,1.43
2011.09.02 10:15:13.315,1.42447,1.42454,1.13,1.05
2011.09.02 10:15:14.037,1.42448,1.42455,2.85,1.50
2011.09.02 10:15:14.183,1.42449,1.42457,2.63,1.13
2011.09.02 10:15:15.033,1.42449,1.42457,1.50,1.50
2011.09.02 10:15:15.644,1.42446,1.42455,2.63,1.50
2011.09.02 10:15:16.333,1.42448,1.42456,1.13,1.13
2011.09.02 10:15:16.830,1.42447,1.42455,1.13,2.63
2011.09.02 10:15:17.430,1.42446,1.42453,1.50,1.50
2011.09.02 10:15:18.032,1.42446,1.42454,1.50,1.88
2011.09.02 10:15:18.762,1.42447,1.42454,3.00,1.50
2011.09.02 10:15:20.089,1.42447,1.42454,1.88,1.13
2011.09.02 10:15:21.170,1.42447,1.42455,1.88,1.88
2011.09.02 10:15:21.288,1.42447,1.42455,3.38,1.13
2011.09.02 10:15:22.372,1.42447,1.42456,3.98,1.13
2011.09.02 10:15:22.738,1.42448,1.42456,1.88,1.13
2011.09.02 10:15:22.983,1.42448,1.42456,2.63,1.13
2011.09.02 10:15:23.780,1.42449,1.42457,3.00,1.50
2011.09.02 10:15:24.504,1.42451,1.42458,3.00,1.50
2011.09.02 10:15:25.108,1.42453,1.42458,1.50,1.13
2011.09.02 10:15:25.583,1.42451,1.42456,2.25,1.50
2011.09.02 10:15:25.710,1.42452,1.42458,2.25,1.13
2011.09.02 10:15:28.558,1.42452,1.42458,2.25,3.00
2011.09.02 10:15:28.803,1.42452,1.42457,1.50,1.50
2011.09.02 10:15:30.538,1.42452,1.42458,1.50,1.13
2011.09.02 10:15:30.659,1.42452,1.42458,3.00,1.13
2011.09.02 10:15:31.501,1.42451,1.42458,2.25,1.50
2011.09.02 10:15:35.257,1.4245,1.42457,3.00,2.25
2011.09.02 10:15:35.861,1.4245,1.42456,2.25,1.13
2011.09.02 10:15:35.987,1.42449,1.42456,1.50,1.13
2011.09.02 10:15:42.182,1.4245,1.42456,3.00,1.13
2011.09.02 10:15:43.238,1.42449,1.42456,2.25,1.13
2011.09.02 10:15:46.054,1.42449,1.42456,1.50,1.50
2011.09.02 10:15:48.159,1.42448,1.42456,1.50,2.25
2011.09.02 10:15:48.759,1.42449,1.42456,1.50,1.13
2011.09.02 10:15:49.242,1.42451,1.4246,2.25,4.05
2011.09.02 10:15:49.373,1.42451,1.4246,2.25,2.55
2011.09.02 10:15:51.249,1.42452,1.42461,3.38,1.88
2011.09.02 10:15:52.349,1.42452,1.4246,1.20,4.13
2011.09.02 10:15:52.470,1.42452,1.4246,1.95,1.88
2011.09.02 10:15:52.828,1.42452,1.4246,2.63,1.13
2011.09.02 10:15:53.308,1.42453,1.42462,1.13,1.88
2011.09.02 10:15:53.907,1.42454,1.42462,1.88,1.88
2011.09.02 10:15:54.392,1.42457,1.42464,3.00,3.39
2011.09.02 10:15:54.881,1.42462,1.42468,3.00,1.13
2011.09.02 10:15:55.473,1.42465,1.42471,1.50,1.50
2011.09.02 10:15:55.609,1.42466,1.42473,1.13,1.80
2011.09.02 10:15:55.974,1.42466,1.42474,1.50,1.50
2011.09.02 10:15:56.582,1.42467,1.42475,1.20,1.13
2011.09.02 10:15:56.949,1.42469,1.42477,1.13,2.63
2011.09.02 10:15:57.696,1.4247,1.42479,4.13,3.69
2011.09.02 10:15:58.066,1.4247,1.42477,2.25,4.25
2011.09.02 10:15:58.193,1.42468,1.42474,2.25,2.25
2011.09.02 10:15:58.326,1.42466,1.42472,3.75,2.25
2011.09.02 10:15:58.571,1.42465,1.42471,4.50,1.50
2011.09.02 10:15:58.702,1.42462,1.42471,4.88,1.50
2011.09.02 10:16:00.020,1.42462,1.42471,3.08,3.00
2011.09.02 10:16:00.144,1.42462,1.4247,1.58,1.50
2011.09.02 10:16:00.390,1.42462,1.42471,3.75,3.00
2011.09.02 10:16:01.246,1.42461,1.4247,1.88,2.25
2011.09.02 10:16:02.000,1.42462,1.42471,3.75,4.25
2011.09.02 10:16:02.359,1.42462,1.4247,1.50,1.50
2011.09.02 10:16:03.314,1.42462,1.4247,2.63,1.13
2011.09.02 10:16:04.403,1.42461,1.4247,2.33,2.25
2011.09.02 10:16:05.827,1.42462,1.4247,1.58,2.25
2011.09.02 10:16:06.899,1.42461,1.42466,3.83,1.25
2011.09.02 10:16:07.144,1.42459,1.42466,3.30,2.25
2011.09.02 10:16:07.394,1.42459,1.42466,1.05,2.25
2011.09.02 10:16:08.069,1.42457,1.42467,4.20,3.80
2011.09.02 10:16:08.912,1.42457,1.42466,3.08,1.50
2011.09.02 10:16:09.404,1.42459,1.42468,3.75,2.55
2011.09.02 10:16:09.528,1.42459,1.42468,3.75,2.25
2011.09.02 10:16:10.129,1.42459,1.42468,3.45,1.13
2011.09.02 10:16:10.734,1.42459,1.42468,1.88,1.88
2011.09.02 10:16:11.341,1.4246,1.42468,1.50,1.50
2011.09.02 10:16:12.651,1.42458,1.42466,1.50,1.13
2011.09.02 10:16:13.260,1.42458,1.42467,4.13,1.88
2011.09.02 10:16:13.619,1.42461,1.42469,1.50,2.00
2011.09.02 10:16:14.570,1.42462,1.4247,1.88,1.50
2011.09.02 10:16:14.815,1.42463,1.42471,1.50,1.62
2011.09.02 10:16:15.398,1.42462,1.42471,2.63,2.63
2011.09.02 10:16:15.640,1.42462,1.42471,4.88,1.88
2011.09.02 10:16:16.003,1.42467,1.42474,2.63,1.89
2011.09.02 10:16:16.253,1.42468,1.42476,2.40,2.25
2011.09.02 10:16:16.389,1.4247,1.42478,1.28,3.00
2011.09.02 10:16:16.756,1.42471,1.42476,1.50,1.50
2011.09.02 10:16:17.583,1.42472,1.42482,1.88,2.75
2011.09.02 10:16:17.833,1.42472,1.4248,1.50,2.75
2011.09.02 10:16:18.081,1.42468,1.42478,1.50,3.00
2011.09.02 10:16:18.689,1.4247,1.42478,1.88,1.50
2011.09.02 10:16:18.815,1.42472,1.42479,1.88,1.50
2011.09.02 10:16:19.063,1.42473,1.42482,1.13,3.39
2011.09.02 10:16:19.432,1.42473,1.42482,1.13,1.50
2011.09.02 10:16:20.144,1.42473,1.42482,2.63,1.50
2011.09.02 10:16:21.506,1.42476,1.42483,1.13,2.25
2011.09.02 10:16:21.875,1.42482,1.42487,1.50,3.00
2011.09.02 10:16:22.009,1.42482,1.42489,1.88,1.73
2011.09.02 10:16:22.135,1.42482,1.4249,2.63,1.50
2011.09.02 10:16:22.270,1.42484,1.42492,2.63,2.25
2011.09.02 10:16:23.023,1.42486,1.42493,1.50,1.50
2011.09.02 10:16:23.180,1.42486,1.42494,1.50,1.50
2011.09.02 10:16:23.674,1.42488,1.42495,3.75,1.13
2011.09.02 10:16:23.917,1.42488,1.42496,1.50,2.25
2011.09.02 10:16:24.519,1.42488,1.42496,1.50,3.75
2011.09.02 10:16:25.123,1.42487,1.42496,1.95,3.75
2011.09.02 10:16:25.255,1.42487,1.42494,1.20,3.75
2011.09.02 10:16:25.865,1.42486,1.42493,1.50,1.13
2011.09.02 10:16:26.103,1.42484,1.42492,3.08,1.50
2011.09.02 10:16:26.711,1.42483,1.42491,2.03,1.13
2011.09.02 10:16:27.317,1.42484,1.42492,1.58,2.25
2011.09.02 10:16:27.920,1.42484,1.42492,2.63,1.88
2011.09.02 10:16:28.281,1.42484,1.42492,1.88,3.38
2011.09.02 10:16:29.522,1.42486,1.42493,3.75,1.13
2011.09.02 10:16:30.132,1.42486,1.42494,1.88,2.63
2011.09.02 10:16:31.309,1.42486,1.42494,1.88,2.63
2011.09.02 10:16:31.671,1.42486,1.42494,1.50,3.75
2011.09.02 10:16:32.267,1.42484,1.42492,5.63,1.88
2011.09.02 10:16:32.990,1.42484,1.42492,3.38,1.88
2011.09.02 10:16:33.587,1.42487,1.42494,1.50,1.88
2011.09.02 10:16:33.832,1.42486,1.42494,1.28,1.13
2011.09.02 10:16:34.445,1.42485,1.42493,2.63,1.13
2011.09.02 10:16:34.690,1.42485,1.42493,1.88,2.63
2011.09.02 10:16:35.288,1.42485,1.42493,3.38,2.25
2011.09.02 10:16:35.890,1.42486,1.42493,1.88,3.00
2011.09.02 10:16:36.614,1.42485,1.42491,1.88,2.25
2011.09.02 10:16:38.688,1.42484,1.42491,1.88,2.25
2011.09.02 10:16:39.290,1.42483,1.4249,2.63,1.25
2011.09.02 10:16:39.889,1.42483,1.42489,1.13,1.50
2011.09.02 10:16:40.728,1.42483,1.42489,1.13,1.50
2011.09.02 10:16:41.319,1.42481,1.42489,3.38,2.25
2011.09.02 10:16:42.138,1.42481,1.42489,1.13,3.00
2011.09.02 10:16:43.508,1.42482,1.42488,1.88,1.50
2011.09.02 10:16:44.686,1.42481,1.42488,2.63,1.50
2011.09.02 10:16:48.304,1.42482,1.42488,1.88,1.50
2011.09.02 10:16:48.433,1.42483,1.42489,1.13,3.00
2011.09.02 10:16:50.934,1.4248,1.42485,3.75,1.50
2011.09.02 10:16:51.065,1.42478,1.42486,4.50,1.80
2011.09.02 10:16:51.194,1.42478,1.42485,3.38,1.50
2011.09.02 10:16:51.332,1.42476,1.42482,2.25,1.50
2011.09.02 10:16:51.580,1.42475,1.42481,3.00,1.88
2011.09.02 10:16:51.822,1.42475,1.42479,3.00,1.13
2011.09.02 10:16:51.952,1.42471,1.42479,1.50,1.13
2011.09.02 10:16:52.080,1.42472,1.42481,3.00,4.50
2011.09.02 10:16:52.559,1.4247,1.42479,4.20,1.13
2011.09.02 10:16:53.699,1.4247,1.42479,3.83,1.50
2011.09.02 10:16:53.820,1.42473,1.4248,1.88,1.50
2011.09.02 10:16:54.418,1.42473,1.42481,1.88,2.25
2011.09.02 10:16:55.019,1.42474,1.42482,1.13,2.25
2011.09.02 10:16:55.267,1.42472,1.42481,1.88,2.63
2011.09.02 10:16:55.866,1.42471,1.42479,1.50,1.13
2011.09.02 10:16:59.217,1.4247,1.42478,3.08,1.50
2011.09.02 10:17:01.149,1.4247,1.42478,3.08,1.13
2011.09.02 10:17:05.437,1.4247,1.42478,3.08,1.50
2011.09.02 10:17:06.534,1.42472,1.42479,2.25,1.13
2011.09.02 10:17:06.898,1.4247,1.42479,3.38,1.13
2011.09.02 10:17:07.621,1.4247,1.42478,3.00,3.00
2011.09.02 10:17:08.452,1.4247,1.42476,2.25,2.25
2011.09.02 10:17:08.943,1.42466,1.42474,1.50,2.63
2011.09.02 10:17:09.458,1.42465,1.42472,1.50,5.37
2011.09.02 10:17:09.590,1.42461,1.4247,3.53,1.88
2011.09.02 10:17:10.916,1.42464,1.42472,2.63,1.50
2011.09.02 10:17:11.529,1.42468,1.42476,2.63,3.39
2011.09.02 10:17:12.027,1.42473,1.4248,1.50,2.55
2011.09.02 10:17:12.270,1.42473,1.42481,2.85,1.88
2011.09.02 10:17:12.755,1.42474,1.42481,1.88,2.25
2011.09.02 10:17:12.882,1.42474,1.42483,2.63,5.25
2011.09.02 10:17:13.851,1.42476,1.42483,2.63,4.13
2011.09.02 10:17:13.981,1.42477,1.42483,1.73,1.88
2011.09.02 10:17:14.229,1.42477,1.42483,1.13,2.63
2011.09.02 10:17:15.387,1.42479,1.42485,1.88,3.38
2011.09.02 10:17:15.755,1.4248,1.42487,1.13,3.75
2011.09.02 10:17:17.133,1.4248,1.42487,2.63,3.00
2011.09.02 10:17:17.260,1.4248,1.42489,2.63,4.50
2011.09.02 10:17:17.501,1.4248,1.42487,1.13,3.00
2011.09.02 10:17:17.988,1.42481,1.42487,1.13,1.50
2011.09.02 10:17:18.588,1.4248,1.42489,1.13,4.13
2011.09.02 10:17:19.739,1.4248,1.42489,2.63,3.75
2011.09.02 10:17:20.208,1.4248,1.42487,2.67,2.25
2011.09.02 10:17:20.437,1.4248,1.42489,2.63,3.75
2011.09.02 10:17:20.680,1.42479,1.42488,1.88,1.88
2011.09.02 10:17:20.802,1.42479,1.42487,1.13,2.25
2011.09.02 10:17:21.531,1.42477,1.42486,4.13,1.50
2011.09.02 10:17:22.139,1.42478,1.42487,1.88,3.75
2011.09.02 10:17:24.133,1.42477,1.42487,3.38,4.13
2011.09.02 10:17:25.155,1.42478,1.42487,1.88,3.75
2011.09.02 10:17:26.166,1.42476,1.42485,2.25,1.50
2011.09.02 10:17:26.768,1.42475,1.42484,1.88,3.50
2011.09.02 10:17:27.132,1.42475,1.42483,1.88,3.00
2011.09.02 10:17:27.608,1.42475,1.42483,2.63,1.50
2011.09.02 10:17:31.682,1.42475,1.42483,2.63,1.50
2011.09.02 10:17:31.816,1.42479,1.42484,1.88,2.25
2011.09.02 10:17:32.181,1.4248,1.42488,1.88,2.37
2011.09.02 10:17:35.859,1.42481,1.42488,2.63,1.50
2011.09.02 10:17:36.097,1.42482,1.42489,2.63,1.50
2011.09.02 10:17:36.616,1.42482,1.4249,2.63,3.00
2011.09.02 10:17:38.807,1.42482,1.4249,1.13,3.00
2011.09.02 10:17:38.930,1.42481,1.42489,3.38,1.50
2011.09.02 10:17:44.750,1.42483,1.4249,1.88,2.25
2011.09.02 10:17:45.350,1.42483,1.42491,4.13,1.50
2011.09.02 10:17:45.818,1.42483,1.42491,3.38,3.75
2011.09.02 10:17:46.412,1.42485,1.42491,1.88,3.00
2011.09.02 10:17:47.006,1.42485,1.42492,3.38,1.50
2011.09.02 10:17:47.728,1.42485,1.42493,4.13,1.88
2011.09.02 10:17:48.339,1.42487,1.42493,4.50,1.88
2011.09.02 10:17:48.461,1.42488,1.42495,1.50,4.50
2011.09.02 10:17:48.591,1.42488,1.42495,1.50,4.50
2011.09.02 10:17:48.721,1.42487,1.42493,2.18,3.00
2011.09.02 10:17:49.088,1.42484,1.42491,1.13,3.00
2011.09.02 10:17:49.687,1.42486,1.42492,2.63,1.50
2011.09.02 10:17:50.288,1.42485,1.42492,1.88,1.50
2011.09.02 10:17:54.318,1.42486,1.42493,1.88,1.50
2011.09.02 10:17:54.922,1.42484,1.42492,1.88,3.50
2011.09.02 10:17:55.056,1.42482,1.42488,1.92,1.50
2011.09.02 10:17:55.657,1.4248,1.42488,4.75,2.25
2011.09.02 10:17:56.354,1.4248,1.42488,4.77,2.25
2011.09.02 10:17:57.913,1.42482,1.42488,4.00,2.25
2011.09.02 10:17:58.283,1.42485,1.42493,3.98,1.89
2011.09.02 10:17:58.893,1.42485,1.42494,4.73,3.38
2011.09.02 10:17:59.141,1.42487,1.42496,1.88,2.63
2011.09.02 10:17:59.887,1.42487,1.42496,1.88,4.88
2011.09.02 10:18:01.064,1.42485,1.42494,3.23,3.75
2011.09.02 10:18:01.648,1.42486,1.42494,1.50,1.50
2011.09.02 10:18:05.029,1.42485,1.42492,1.13,2.25
2011.09.02 10:18:05.967,1.42485,1.4249,1.13,1.50
2011.09.02 10:18:06.931,1.42483,1.4249,1.13,1.50
2011.09.02 10:18:07.651,1.42482,1.42489,3.60,1.50
2011.09.02 10:18:08.026,1.42476,1.42483,3.00,1.13
2011.09.02 10:18:08.273,1.42475,1.42483,1.50,1.88
2011.09.02 10:18:08.863,1.42473,1.42481,1.50,1.88
2011.09.02 10:18:10.078,1.42474,1.42482,1.50,1.50
2011.09.02 10:18:11.404,1.42475,1.42483,1.88,2.25
2011.09.02 10:18:11.649,1.42476,1.42484,1.50,1.51
2011.09.02 10:18:12.010,1.42473,1.4248,3.00,2.25
2011.09.02 10:18:13.207,1.42473,1.42479,3.79,2.25
2011.09.02 10:18:13.808,1.42475,1.42483,2.29,3.00
2011.09.02 10:18:13.928,1.42476,1.42483,3.75,1.88
2011.09.02 10:18:15.240,1.42476,1.42483,2.29,2.25
2011.09.02 10:18:15.837,1.42476,1.42483,2.29,1.88
2011.09.02 10:18:16.204,1.42479,1.42486,4.35,2.25
2011.09.02 10:18:16.932,1.42482,1.42488,1.50,1.13
2011.09.02 10:18:17.104,1.42482,1.4249,4.73,1.88
2011.09.02 10:18:17.234,1.42483,1.4249,3.75,1.13
2011.09.02 10:18:17.366,1.42483,1.4249,1.50,1.13
2011.09.02 10:18:22.134,1.42486,1.42491,1.13,1.50
2011.09.02 10:18:22.514,1.4249,1.42495,3.60,1.50
2011.09.02 10:18:22.762,1.42491,1.42499,3.98,2.63
2011.09.02 10:18:23.491,1.42492,1.425,7.35,2.25
2011.09.02 10:18:23.621,1.42495,1.42502,1.13,1.05
2011.09.02 10:18:24.234,1.425,1.42505,2.25,2.25
2011.09.02 10:18:24.366,1.425,1.42508,2.25,1.88
2011.09.02 10:18:24.493,1.42504,1.4251,2.25,6.39
2011.09.02 10:18:24.625,1.42503,1.4251,2.25,2.25
2011.09.02 10:18:24.758,1.42504,1.42512,1.50,1.51
2011.09.02 10:18:25.358,1.42503,1.42511,3.00,1.50
2011.09.02 10:18:26.316,1.42507,1.42513,1.13,1.50
2011.09.02 10:18:26.680,1.42505,1.42512,2.25,1.13
2011.09.02 10:18:26.803,1.42504,1.4251,1.13,1.50
2011.09.02 10:18:27.351,1.42505,1.42513,1.13,1.88
2011.09.02 10:18:27.488,1.42507,1.42513,1.13,1.50
2011.09.02 10:18:27.729,1.42507,1.42515,4.73,1.13
2011.09.02 10:18:28.330,1.42507,1.42516,5.10,1.88
2011.09.02 10:18:29.418,1.42508,1.42516,1.50,1.50
2011.09.02 10:18:29.661,1.42507,1.42515,3.38,1.50
2011.09.02 10:18:29.791,1.42507,1.42514,1.50,1.13
2011.09.02 10:18:30.280,1.42504,1.42513,3.00,4.80
2011.09.02 10:18:30.759,1.42506,1.42513,1.13,3.30
2011.09.02 10:18:31.309,1.42512,1.42516,2.85,1.13
2011.09.02 10:18:31.447,1.42512,1.42518,2.10,1.50
2011.09.02 10:18:31.931,1.42513,1.42519,2.85,1.50
2011.09.02 10:18:32.303,1.42514,1.42522,1.88,1.50
2011.09.02 10:18:32.549,1.42514,1.42522,1.13,3.00
2011.09.02 10:18:32.915,1.4252,1.42526,1.13,3.39
2011.09.02 10:18:33.159,1.42522,1.42528,2.10,1.13
2011.09.02 10:18:33.285,1.42521,1.42527,4.50,3.00
2011.09.02 10:18:33.415,1.42522,1.42527,2.10,1.50
2011.09.02 10:18:34.339,1.4252,1.42527,1.50,1.89
2011.09.02 10:18:34.477,1.42517,1.42525,1.50,1.50
2011.09.02 10:18:34.603,1.42516,1.42525,6.75,3.75
2011.09.02 10:18:34.732,1.42515,1.42523,5.48,1.50
2011.09.02 10:18:34.981,1.42515,1.42523,3.23,3.75
2011.09.02 10:18:35.574,1.42518,1.42525,3.23,4.50
2011.09.02 10:18:35.704,1.42518,1.42525,3.98,3.00
2011.09.02 10:18:35.831,1.42518,1.42527,4.73,1.50
2011.09.02 10:18:36.198,1.42518,1.42527,3.23,3.00
2011.09.02 10:18:36.799,1.42518,1.42527,4.73,3.75
2011.09.02 10:18:37.042,1.42519,1.42527,1.50,1.50
2011.09.02 10:18:37.506,1.42519,1.42527,1.50,3.75
2011.09.02 10:18:38.119,1.42517,1.42525,2.48,1.13
2011.09.02 10:18:38.487,1.42516,1.42524,1.50,2.55
2011.09.02 10:18:38.973,1.42518,1.42524,1.73,4.05
2011.09.02 10:18:39.226,1.42518,1.42524,2.48,1.05
2011.09.02 10:18:39.352,1.42521,1.42527,2.10,2.26
2011.09.02 10:18:39.600,1.42521,1.42528,2.85,2.25
2011.09.02 10:18:40.144,1.42519,1.42526,2.48,1.50
2011.09.02 10:18:41.691,1.42519,1.42526,2.10,3.38
2011.09.02 10:18:42.287,1.42518,1.42524,1.20,1.50
2011.09.02 10:18:46.609,1.42515,1.42524,3.15,3.00
2011.09.02 10:18:46.972,1.42512,1.42519,5.63,1.50
2011.09.02 10:18:47.579,1.42512,1.42519,3.38,1.50
2011.09.02 10:18:49.520,1.42512,1.4252,3.30,1.88
2011.09.02 10:18:49.641,1.42512,1.4252,3.23,1.88
2011.09.02 10:18:50.566,1.42512,1.4252,3.60,1.50
2011.09.02 10:18:52.833,1.42515,1.42522,2.25,4.50
2011.09.02 10:18:52.964,1.42516,1.42523,1.50,1.50
2011.09.02 10:18:53.098,1.42518,1.42523,3.30,1.50
2011.09.02 10:18:53.227,1.42518,1.42525,3.23,1.44
2011.09.02 10:18:54.552,1.42519,1.42526,2.85,3.38
2011.09.02 10:18:55.409,1.42517,1.42524,1.50,3.38
2011.09.02 10:18:56.927,1.42517,1.42524,5.10,3.00
2011.09.02 10:18:57.050,1.42517,1.42526,4.43,4.88
2011.09.02 10:18:57.414,1.42518,1.42526,2.85,1.88
2011.09.02 10:18:57.786,1.42518,1.42526,2.10,2.63
2011.09.02 10:18:58.318,1.42518,1.42526,2.85,1.13
2011.09.02 10:18:59.861,1.42518,1.42526,1.35,1.13
2011.09.02 10:19:00.112,1.42518,1.42526,1.95,3.38
2011.09.02 10:19:00.477,1.42518,1.42526,2.85,1.13
2011.09.02 10:19:02.215,1.42519,1.42526,1.20,3.00
2011.09.02 10:19:03.377,1.42519,1.42527,1.20,1.13
2011.09.02 10:19:04.023,1.4252,1.42528,1.58,3.00
2011.09.02 10:19:04.152,1.4252,1.42526,1.50,2.25
2011.09.02 10:19:04.528,1.42521,1.42526,2.85,1.88
2011.09.02 10:19:05.128,1.42521,1.42526,2.85,1.13
2011.09.02 10:19:06.664,1.42519,1.42525,2.25,1.13
2011.09.02 10:19:07.309,1.42515,1.42522,4.88,2.25
2011.09.02 10:19:07.670,1.42515,1.42524,3.75,4.05
2011.09.02 10:19:07.796,1.42515,1.42522,1.88,3.00
2011.09.02 10:19:08.161,1.42514,1.42522,3.00,1.50
2011.09.02 10:19:09.362,1.42514,1.42522,2.25,1.50
2011.09.02 10:19:10.103,1.42513,1.42522,6.00,1.50
2011.09.02 10:19:12.860,1.42513,1.42521,2.25,1.50
2011.09.02 10:19:14.209,1.42513,1.4252,2.25,2.25
2011.09.02 10:19:14.800,1.42512,1.4252,1.88,1.88
2011.09.02 10:19:15.166,1.42509,1.42515,4.88,1.13
2011.09.02 10:19:15.889,1.42506,1.42514,3.08,1.50
2011.09.02 10:19:16.489,1.42506,1.42513,2.33,1.50
2011.09.02 10:19:17.272,1.42507,1.42516,1.88,2.25
2011.09.02 10:19:17.887,1.42506,1.42515,4.88,1.50
2011.09.02 10:19:18.252,1.42508,1.42515,3.00,1.50
2011.09.02 10:19:18.865,1.42507,1.42513,1.13,1.25
2011.09.02 10:19:20.269,1.42506,1.42513,1.20,2.30
2011.09.02 10:19:22.259,1.42504,1.42512,3.90,2.63
2011.09.02 10:19:22.847,1.42503,1.42511,1.65,2.63
2011.09.02 10:19:23.212,1.42502,1.42508,1.50,1.13
2011.09.02 10:19:24.228,1.42501,1.4251,1.50,4.51
2011.09.02 10:19:24.949,1.425,1.42509,4.20,1.13
2011.09.02 10:19:25.750,1.42501,1.4251,1.50,4.88
2011.09.02 10:19:25.992,1.42501,1.42507,1.50,1.88
2011.09.02 10:19:26.364,1.42499,1.42504,1.05,1.13
2011.09.02 10:19:26.616,1.42498,1.42504,1.50,1.88
2011.09.02 10:19:26.860,1.42495,1.42504,4.73,1.88
2011.09.02 10:19:27.373,1.42495,1.42504,4.73,1.88
2011.09.02 10:19:27.517,1.42496,1.42505,4.35,1.88
2011.09.02 10:19:27.644,1.42496,1.42504,4.35,1.88
2011.09.02 10:19:28.032,1.42495,1.42501,2.10,1.13
2011.09.02 10:19:29.413,1.42496,1.42503,3.00,2.63
2011.09.02 10:19:29.783,1.42496,1.42502,1.50,1.88
2011.09.02 10:19:30.274,1.42496,1.42503,3.00,1.88
2011.09.02 10:19:30.642,1.42494,1.42499,4.35,1.88
2011.09.02 10:19:30.782,1.42492,1.42497,3.00,1.13
2011.09.02 10:19:30.919,1.42492,1.42497,2.25,1.50
2011.09.02 10:19:31.630,1.4249,1.42497,3.53,1.50
2011.09.02 10:19:31.772,1.42489,1.42496,2.25,2.25
2011.09.02 10:19:31.903,1.42488,1.42495,4.35,1.50
2011.09.02 10:19:32.166,1.42486,1.42494,3.00,4.14
2011.09.02 10:19:32.535,1.42482,1.42488,2.25,1.50
2011.09.02 10:19:34.197,1.42483,1.4249,1.50,5.63
2011.09.02 10:19:34.323,1.42484,1.4249,1.50,3.38
2011.09.02 10:19:34.695,1.42485,1.42492,1.50,2.25
2011.09.02 10:19:35.303,1.42484,1.42492,1.50,2.25
2011.09.02 10:19:36.971,1.42487,1.42491,1.35,1.13
2011.09.02 10:19:37.109,1.42488,1.42493,1.13,3.00
2011.09.02 10:19:37.593,1.42487,1.42495,1.88,2.63
2011.09.02 10:19:37.722,1.42488,1.42497,1.50,1.88
2011.09.02 10:19:39.056,1.42494,1.42502,1.50,1.50
2011.09.02 10:19:39.603,1.42492,1.42501,4.50,1.50
2011.09.02 10:19:40.330,1.42494,1.42502,3.00,3.75
2011.09.02 10:19:40.692,1.42496,1.42503,3.00,1.50
2011.09.02 10:19:40.932,1.42498,1.42504,1.13,1.50
2011.09.02 10:19:42.818,1.42496,1.42504,4.43,1.13
2011.09.02 10:19:43.311,1.42495,1.42503,1.95,3.00
2011.09.02 10:19:43.671,1.42493,1.425,4.05,1.50
2011.09.02 10:19:46.143,1.42494,1.42502,2.70,2.25
2011.09.02 10:19:46.271,1.42495,1.42503,3.60,1.05
2011.09.02 10:19:46.635,1.42497,1.42506,1.50,4.14
2011.09.02 10:19:47.171,1.425,1.42509,5.85,2.19
2011.09.02 10:19:47.302,1.42505,1.42512,4.73,2.55
2011.09.02 10:19:47.560,1.42506,1.42512,2.25,2.25
2011.09.02 10:19:47.691,1.42506,1.42514,2.25,1.50
2011.09.02 10:19:48.299,1.42508,1.42516,1.13,4.13
2011.09.02 10:19:48.423,1.42508,1.42516,1.88,2.63
2011.09.02 10:19:48.558,1.42514,1.4252,1.50,4.13
2011.09.02 10:19:48.692,1.42513,1.42519,2.25,1.50
2011.09.02 10:19:48.822,1.42513,1.42519,1.50,1.50
2011.09.02 10:19:49.391,1.42512,1.4252,3.00,1.50
2011.09.02 10:19:49.871,1.42511,1.42519,4.73,1.13
2011.09.02 10:19:50.470,1.42511,1.42519,4.73,1.88
2011.09.02 10:19:51.451,1.42511,1.42517,3.60,2.25
2011.09.02 10:19:51.571,1.42508,1.42514,9.00,1.50
2011.09.02 10:19:52.298,1.42511,1.42518,5.10,1.50
2011.09.02 10:19:52.430,1.42512,1.4252,2.85,2.63
2011.09.02 10:19:53.030,1.42512,1.4252,3.15,1.88
2011.09.02 10:19:53.513,1.42512,1.42518,1.50,1.50
2011.09.02 10:19:54.108,1.42511,1.42518,1.13,2.25
2011.09.02 10:19:54.593,1.42511,1.4252,5.85,3.75
2011.09.02 10:19:54.846,1.42511,1.4252,5.18,2.25
2011.09.02 10:19:55.089,1.42511,1.42519,4.35,1.50
2011.09.02 10:19:56.992,1.42511,1.42519,3.60,2.25
2011.09.02 10:19:58.413,1.4251,1.42518,1.50,1.50
2011.09.02 10:19:58.548,1.42509,1.42516,1.50,1.13
2011.09.02 10:19:59.149,1.42508,1.42516,1.95,2.63
2011.09.02 10:19:59.601,1.42507,1.42512,2.10,1.50
2011.09.02 10:20:00.099,1.42506,1.42513,1.88,1.50
2011.09.02 10:20:00.704,1.42506,1.42514,1.13,3.38
2011.09.02 10:20:01.313,1.42503,1.42511,3.98,1.88
2011.09.02 10:20:01.919,1.42503,1.4251,2.48,1.50
2011.09.02 10:20:03.223,1.42505,1.42512,4.50,3.38
2011.09.02 10:20:03.478,1.42506,1.42512,1.05,3.75
2011.09.02 10:20:04.079,1.42503,1.4251,1.50,1.50
2011.09.02 10:20:04.199,1.42503,1.4251,1.50,1.50
2011.09.02 10:20:04.324,1.42501,1.42508,1.13,1.50
2011.09.02 10:20:04.458,1.42501,1.42507,1.13,3.00
2011.09.02 10:20:05.020,1.42501,1.42509,2.85,3.00
2011.09.02 10:20:05.632,1.42501,1.42508,2.10,3.75
2011.09.02 10:20:06.238,1.42501,1.42508,1.50,3.00
2011.09.02 10:20:06.602,1.425,1.42506,2.25,2.25
2011.09.02 10:20:06.735,1.425,1.42507,2.10,1.51
2011.09.02 10:20:07.925,1.42501,1.42507,1.50,1.50
2011.09.02 10:20:08.533,1.425,1.42508,2.48,1.88
2011.09.02 10:20:08.900,1.425,1.42508,4.73,1.13
2011.09.02 10:20:09.739,1.425,1.42508,4.35,1.50
2011.09.02 10:20:09.981,1.425,1.42508,2.10,2.25
2011.09.02 10:20:10.793,1.425,1.42508,4.35,1.50
2011.09.02 10:20:11.040,1.42502,1.4251,3.00,2.25
2011.09.02 10:20:11.793,1.42502,1.4251,1.88,1.88
2011.09.02 10:20:12.527,1.42502,1.4251,1.88,6.01
2011.09.02 10:20:12.652,1.42502,1.4251,1.88,4.51
2011.09.02 10:20:12.903,1.42502,1.42508,1.50,1.13
2011.09.02 10:20:13.510,1.42502,1.4251,1.13,6.76
2011.09.02 10:20:14.389,1.42501,1.42508,3.60,1.13
2011.09.02 10:20:15.849,1.42501,1.42508,3.60,1.50
2011.09.02 10:20:16.329,1.42499,1.42507,2.25,1.13
2011.09.02 10:20:17.176,1.42497,1.42502,4.65,1.13
2011.09.02 10:20:17.422,1.42493,1.425,1.50,1.50
2011.09.02 10:20:18.032,1.42492,1.42502,1.43,5.25
2011.09.02 10:20:19.334,1.4249,1.42499,3.15,1.88
2011.09.02 10:20:19.583,1.4249,1.42499,5.03,1.50
2011.09.02 10:20:20.521,1.42492,1.425,1.28,4.51
2011.09.02 10:20:20.650,1.42492,1.425,3.53,3.38
2011.09.02 10:20:20.890,1.42492,1.425,1.28,4.13
2011.09.02 10:20:22.308,1.42492,1.425,3.15,2.25
2011.09.02 10:20:23.162,1.42494,1.42501,1.13,1.25
2011.09.02 10:20:24.009,1.42492,1.425,3.53,1.13
2011.09.02 10:20:24.613,1.42494,1.42502,1.50,3.00
2011.09.02 10:20:24.982,1.42491,1.42499,1.88,1.51
2011.09.02 10:20:25.110,1.4249,1.42498,1.13,2.26
2011.09.02 10:20:25.707,1.4249,1.42498,1.13,3.76
2011.09.02 10:20:26.581,1.42489,1.42497,2.18,1.88
2011.09.02 10:20:26.715,1.42486,1.42491,1.50,1.50
2011.09.02 10:20:27.363,1.42483,1.42489,2.03,2.25
2011.09.02 10:20:27.511,1.42478,1.42484,4.50,2.25
2011.09.02 10:20:27.643,1.42476,1.42485,6.00,3.00
2011.09.02 10:20:28.023,1.42481,1.42486,1.13,1.50
2011.09.02 10:20:28.154,1.42481,1.42489,1.13,1.51
2011.09.02 10:20:28.282,1.42483,1.42487,2.25,2.00
2011.09.02 10:20:28.651,1.42479,1.42487,2.25,3.50
2011.09.02 10:20:28.893,1.42479,1.42487,1.50,4.25
2011.09.02 10:20:29.878,1.42477,1.42484,3.00,1.13
2011.09.02 10:20:31.918,1.42477,1.42484,1.13,1.50
2011.09.02 10:20:32.518,1.42478,1.42486,2.14,3.38
2011.09.02 10:20:32.886,1.42478,1.42486,5.89,1.65
2011.09.02 10:20:34.003,1.42479,1.42488,2.63,1.65
2011.09.02 10:20:34.369,1.42482,1.4249,2.85,1.43
2011.09.02 10:20:34.609,1.42482,1.4249,1.35,1.65
2011.09.02 10:20:34.733,1.42485,1.4249,3.60,1.28
2011.09.02 10:20:35.115,1.42487,1.42494,4.50,1.88
2011.09.02 10:20:35.601,1.42488,1.42496,1.50,2.40
2011.09.02 10:20:35.719,1.42487,1.42495,1.50,1.13
2011.09.02 10:20:36.310,1.42487,1.42494,2.29,1.88
2011.09.02 10:20:36.856,1.42485,1.42492,4.88,1.88
2011.09.02 10:20:37.465,1.42483,1.42489,3.00,2.63
2011.09.02 10:20:37.590,1.42483,1.42489,1.50,3.15
2011.09.02 10:20:37.947,1.42481,1.42489,1.88,3.90
2011.09.02 10:20:38.571,1.42481,1.42489,3.00,1.88
2011.09.02 10:20:39.409,1.42481,1.42491,4.13,3.15
2011.09.02 10:20:39.775,1.42486,1.42493,7.35,1.05
2011.09.02 10:20:40.322,1.4249,1.42498,2.25,1.88
2011.09.02 10:20:40.933,1.4249,1.42499,5.25,2.40
2011.09.02 10:20:42.457,1.4249,1.42498,5.25,1.88
2011.09.02 10:20:43.900,1.4249,1.42497,3.75,1.88
2011.09.02 10:20:44.018,1.42489,1.42497,2.85,3.38
2011.09.02 10:20:44.846,1.42488,1.42497,2.25,2.63
2011.09.02 10:20:45.440,1.42488,1.42495,2.25,2.63
2011.09.02 10:20:45.797,1.42487,1.42495,1.50,3.38
2011.09.02 10:20:50.885,1.42489,1.42495,1.50,2.63
2011.09.02 10:20:51.022,1.42489,1.42498,3.38,1.65
2011.09.02 10:20:51.618,1.4249,1.42499,1.50,3.98
2011.09.02 10:20:52.697,1.42489,1.42498,4.88,1.73
2011.09.02 10:20:53.064,1.42484,1.42489,3.49,2.63
2011.09.02 10:20:53.195,1.42483,1.42489,1.50,3.38
2011.09.02 10:20:53.442,1.4248,1.42487,3.75,2.10
2011.09.02 10:20:53.571,1.4248,1.42487,1.50,2.85
2011.09.02 10:20:54.167,1.42479,1.42487,2.89,2.10
2011.09.02 10:20:54.741,1.4248,1.42487,2.25,1.73
2011.09.02 10:20:55.225,1.42481,1.42488,2.25,1.13
2011.09.02 10:20:55.354,1.42481,1.42487,3.00,1.88
2011.09.02 10:20:56.067,1.42481,1.42487,1.50,1.88
2011.09.02 10:20:57.019,1.42481,1.42487,1.50,1.88
2011.09.02 10:20:57.618,1.42481,1.42488,1.50,3.23
2011.09.02 10:20:57.982,1.42483,1.4249,3.75,1.13
2011.09.02 10:20:58.350,1.42481,1.42489,5.85,1.88
2011.09.02 10:20:59.257,1.42483,1.4249,1.50,2.48
2011.09.02 10:21:01.979,1.42481,1.42489,4.50,1.50
2011.09.02 10:21:02.355,1.42481,1.42488,3.38,1.95
2011.09.02 10:21:02.999,1.42481,1.42488,2.25,3.09
2011.09.02 10:21:03.948,1.4248,1.42487,1.50,1.36
2011.09.02 10:21:04.553,1.42479,1.42486,2.63,1.35
2011.09.02 10:21:05.151,1.42479,1.42486,1.13,1.35
2011.09.02 10:21:05.512,1.42478,1.42485,3.00,4.50
2011.09.02 10:21:05.641,1.42477,1.42483,1.05,1.50
2011.09.02 10:21:05.881,1.42479,1.42485,2.25,6.00
2011.09.02 10:21:06.391,1.42479,1.42486,2.25,3.39
2011.09.02 10:21:06.520,1.42479,1.42486,3.00,2.10
2011.09.02 10:21:07.361,1.4248,1.42486,2.25,1.35
2011.09.02 10:21:07.485,1.42482,1.42488,2.25,1.13
2011.09.02 10:21:07.858,1.42485,1.4249,1.50,3.60
2011.09.02 10:21:08.104,1.42485,1.42491,3.75,1.35
2011.09.02 10:21:09.068,1.42485,1.42491,3.38,1.35
2011.09.02 10:21:10.577,1.42487,1.42493,2.25,1.43
2011.09.02 10:21:10.825,1.42488,1.42494,2.25,2.85
2011.09.02 10:21:11.075,1.4249,1.42497,2.85,4.14
2011.09.02 10:21:11.445,1.42495,1.42501,2.25,4.63
2011.09.02 10:21:11.570,1.42495,1.42501,2.63,3.88
2011.09.02 10:21:12.677,1.42499,1.42505,8.10,6.15
2011.09.02 10:21:13.046,1.42501,1.42506,1.88,2.25
2011.09.02 10:21:13.296,1.42503,1.42508,2.08,1.50
2011.09.02 10:21:13.779,1.42508,1.42513,1.50,5.00
2011.09.02 10:21:14.623,1.42502,1.42511,3.21,3.75
2011.09.02 10:21:15.433,1.42501,1.42509,3.38,1.13
2011.09.02 10:21:15.685,1.42501,1.42509,2.63,1.51
2011.09.02 10:21:16.293,1.425,1.42508,2.25,1.89
2011.09.02 10:21:16.897,1.42501,1.42509,1.50,2.00
2011.09.02 10:21:17.609,1.42501,1.42509,1.50,2.00
2011.09.02 10:21:18.377,1.42499,1.42507,1.88,2.25
2011.09.02 10:21:18.519,1.42494,1.42503,2.85,2.63
2011.09.02 10:21:21.250,1.42493,1.42501,2.63,1.50
2011.09.02 10:21:21.778,1.42495,1.42503,1.13,1.50
2011.09.02 10:21:22.388,1.42494,1.42503,1.50,2.63
2011.09.02 10:21:28.977,1.42493,1.42501,2.63,1.88
2011.09.02 10:21:29.830,1.42489,1.42494,1.50,1.50
2011.09.02 10:21:29.954,1.42489,1.42495,2.25,1.50
2011.09.02 10:21:30.079,1.42486,1.42494,1.50,1.50
2011.09.02 10:21:32.498,1.42486,1.42493,1.50,1.50
2011.09.02 10:21:32.979,1.42485,1.42493,1.88,1.88
2011.09.02 10:21:33.220,1.42485,1.42493,4.13,1.13
2011.09.02 10:21:34.529,1.42487,1.42495,2.25,2.25
2011.09.02 10:21:35.299,1.42491,1.42498,3.00,1.50
2011.09.02 10:21:35.448,1.42493,1.425,1.50,1.50
2011.09.02 10:21:36.169,1.42492,1.42499,1.13,2.25
2011.09.02 10:21:36.770,1.42492,1.42498,1.13,1.50
2011.09.02 10:21:37.373,1.42492,1.42498,1.13,1.50
2011.09.02 10:21:38.713,1.42492,1.42499,1.50,2.25
2011.09.02 10:21:39.790,1.42492,1.42498,1.13,1.50
2011.09.02 10:21:40.747,1.42492,1.42498,1.13,1.50
2011.09.02 10:21:41.470,1.42492,1.42502,1.28,1.58
2011.09.02 10:21:42.531,1.4249,1.42498,1.13,1.88
