2011.09.28 03:00:00.627,1.3575,1.35756,1.13,2.25
2011.09.28 03:00:00.760,1.35745,1.35752,1.50,1.50
2011.09.28 03:00:01.282,1.35743,1.35751,5.25,1.13
2011.09.28 03:00:03.182,1.35745,1.35754,1.50,3.90
2011.09.28 03:00:03.305,1.35745,1.35754,1.50,1.65
2011.09.28 03:00:03.424,1.35746,1.35754,1.50,1.13
2011.09.28 03:00:04.132,1.35745,1.35754,2.25,3.00
2011.09.28 03:00:05.165,1.35745,1.35753,1.50,1.50
2011.09.28 03:00:13.150,1.35745,1.35753,2.25,1.13
2011.09.28 03:00:13.926,1.35745,1.35753,2.25,1.13
2011.09.28 03:00:14.505,1.35745,1.3575,1.50,1.13
2011.09.28 03:00:14.636,1.35743,1.3575,1.50,1.13
2011.09.28 03:00:14.885,1.3574,1.35748,1.50,3.75
2011.09.28 03:00:15.450,1.35735,1.35745,2.25,3.75
2011.09.28 03:00:16.053,1.35734,1.35743,1.50,1.13
2011.09.28 03:00:18.539,1.35734,1.35743,1.50,1.50
2011.09.28 03:00:20.691,1.35734,1.35741,1.50,2.85
2011.09.28 03:00:20.813,1.35731,1.35741,3.75,3.60
2011.09.28 03:00:20.936,1.35731,1.3574,1.50,1.13
2011.09.28 03:00:21.763,1.3573,1.3574,1.13,1.13
2011.09.28 03:00:22.362,1.3573,1.3574,1.13,1.13
2011.09.28 03:00:25.221,1.3573,1.3574,1.13,1.88
2011.09.28 03:00:26.159,1.3573,1.3574,1.13,1.13
2011.09.28 03:00:26.935,1.3573,1.3574,1.13,1.88
2011.09.28 03:00:28.829,1.3573,1.3574,1.13,1.13
2011.09.28 03:00:29.388,1.3573,1.3574,1.13,1.88
2011.09.28 03:00:29.947,1.3573,1.3574,1.13,1.13
2011.09.28 03:00:32.005,1.35729,1.35739,2.25,1.13
2011.09.28 03:00:33.563,1.35729,1.35739,1.50,1.88
2011.09.28 03:00:33.795,1.35728,1.35739,1.50,3.38
2011.09.28 03:00:39.525,1.35728,1.35739,1.50,2.25
2011.09.28 03:00:39.654,1.35729,1.3574,1.50,2.25
2011.09.28 03:00:40.627,1.35729,1.3574,1.50,1.50
2011.09.28 03:00:41.224,1.35731,1.35741,1.13,3.98
2011.09.28 03:00:41.342,1.35731,1.35741,4.13,3.23
2011.09.28 03:00:41.703,1.35733,1.35741,2.25,3.23
2011.09.28 03:00:43.274,1.35735,1.35745,1.13,1.88
2011.09.28 03:00:43.399,1.35737,1.35746,1.50,2.10
2011.09.28 03:00:43.527,1.35737,1.35747,1.88,1.88
2011.09.28 03:00:44.636,1.35737,1.35747,2.63,1.88
2011.09.28 03:00:45.245,1.3574,1.35749,1.50,1.88
2011.09.28 03:00:46.193,1.3574,1.35748,1.50,1.50
2011.09.28 03:00:49.024,1.3574,1.35749,1.88,1.50
2011.09.28 03:00:50.519,1.35744,1.35753,1.13,2.25
2011.09.28 03:00:50.883,1.35745,1.35755,1.50,3.75
2011.09.28 03:00:51.472,1.35746,1.35755,2.25,2.25
2011.09.28 03:00:55.401,1.35745,1.35755,6.00,1.50
2011.09.28 03:00:55.752,1.35745,1.35755,1.13,3.98
2011.09.28 03:00:57.752,1.35744,1.35753,1.88,2.25
2011.09.28 03:00:59.609,1.35744,1.35754,2.63,1.13
2011.09.28 03:01:00.206,1.35744,1.35754,2.63,1.88
2011.09.28 03:01:02.360,1.35744,1.35754,2.63,1.13
2011.09.28 03:01:03.326,1.35746,1.35756,1.50,2.10
2011.09.28 03:01:03.672,1.35748,1.35757,1.50,2.25
2011.09.28 03:01:05.813,1.35748,1.35757,1.50,1.13
2011.09.28 03:01:06.391,1.35747,1.35757,1.88,1.13
2011.09.28 03:01:06.970,1.35748,1.35758,1.13,1.13
2011.09.28 03:01:07.552,1.35749,1.35759,1.50,2.25
2011.09.28 03:01:10.779,1.3575,1.3576,1.50,2.25
2011.09.28 03:01:10.917,1.35751,1.35761,1.50,2.10
2011.09.28 03:01:11.521,1.35751,1.35761,2.25,2.85
2011.09.28 03:01:13.873,1.3575,1.3576,1.50,1.50
2011.09.28 03:01:14.461,1.35749,1.3576,2.25,1.50
2011.09.28 03:01:17.954,1.35749,1.35759,1.50,2.25
2011.09.28 03:01:18.202,1.35746,1.35756,1.88,3.38
2011.09.28 03:01:18.444,1.35746,1.35756,1.88,1.88
2011.09.28 03:01:19.390,1.35746,1.35756,1.88,1.13
2011.09.28 03:01:20.004,1.35745,1.35755,1.88,1.13
2011.09.28 03:01:23.250,1.35745,1.35755,1.88,1.13
2011.09.28 03:01:25.400,1.35745,1.35755,1.88,1.13
2011.09.28 03:01:25.990,1.35745,1.35755,1.88,1.13
2011.09.28 03:01:28.206,1.35745,1.35754,1.50,1.13
2011.09.28 03:01:32.721,1.35745,1.35754,1.50,1.50
2011.09.28 03:01:33.319,1.35744,1.35754,1.50,1.50
2011.09.28 03:01:34.761,1.35743,1.35753,1.88,1.13
2011.09.28 03:01:35.489,1.35742,1.35752,2.63,1.35
2011.09.28 03:01:35.952,1.35742,1.35752,1.88,2.85
2011.09.28 03:01:36.820,1.35742,1.35752,2.63,1.35
2011.09.28 03:01:37.392,1.35742,1.35752,2.63,1.35
2011.09.28 03:01:37.949,1.35741,1.35751,2.63,1.95
2011.09.28 03:01:38.081,1.35741,1.35749,1.88,2.25
2011.09.28 03:01:39.391,1.35741,1.35751,1.88,2.70
2011.09.28 03:01:40.411,1.35741,1.35751,1.88,1.95
2011.09.28 03:01:40.991,1.35741,1.35751,1.88,1.88
2011.09.28 03:01:45.082,1.35741,1.3575,1.13,3.23
2011.09.28 03:01:45.444,1.35739,1.35748,2.25,3.60
2011.09.28 03:01:45.850,1.35738,1.35748,1.88,3.60
2011.09.28 03:01:46.450,1.35738,1.35748,1.88,4.35
2011.09.28 03:01:49.982,1.35736,1.35746,2.63,3.38
2011.09.28 03:01:51.324,1.35736,1.35746,1.88,3.38
2011.09.28 03:01:58.242,1.35736,1.35746,2.63,1.88
2011.09.28 03:01:59.735,1.35738,1.35748,1.50,1.73
2011.09.28 03:02:00.334,1.35738,1.35749,2.63,1.50
2011.09.28 03:02:00.938,1.35739,1.35749,1.50,1.50
2011.09.28 03:02:05.080,1.3574,1.3575,1.50,1.73
2011.09.28 03:02:05.661,1.35739,1.35749,1.50,1.50
2011.09.28 03:02:06.910,1.3574,1.3575,1.50,1.73
2011.09.28 03:02:07.811,1.3574,1.3575,2.25,1.73
2011.09.28 03:02:10.940,1.3574,1.35751,2.25,1.50
2011.09.28 03:02:11.658,1.3574,1.3575,2.25,1.50
2011.09.28 03:02:14.963,1.3574,1.35751,2.25,1.50
2011.09.28 03:02:15.562,1.35741,1.35751,1.50,1.50
2011.09.28 03:02:16.143,1.3574,1.3575,2.63,1.13
2011.09.28 03:02:16.758,1.35741,1.35751,1.50,1.50
2011.09.28 03:02:17.131,1.35742,1.35752,2.63,1.73
2011.09.28 03:02:17.733,1.35743,1.35752,1.50,1.73
2011.09.28 03:02:18.533,1.35744,1.35754,1.50,1.73
2011.09.28 03:02:18.891,1.35745,1.35755,2.63,1.35
2011.09.28 03:02:19.604,1.35746,1.35756,1.50,2.33
2011.09.28 03:02:19.843,1.35747,1.35757,1.88,1.95
2011.09.28 03:02:19.965,1.3575,1.35759,1.50,1.28
2011.09.28 03:02:20.215,1.3575,1.35761,2.25,2.33
2011.09.28 03:02:20.823,1.35752,1.35762,1.50,3.83
2011.09.28 03:02:21.187,1.35752,1.35762,3.38,1.35
2011.09.28 03:02:21.791,1.35754,1.35764,1.88,2.63
2011.09.28 03:02:22.032,1.35755,1.35765,1.50,1.73
2011.09.28 03:02:24.620,1.35755,1.35765,1.50,2.48
2011.09.28 03:02:25.259,1.35755,1.35765,1.50,3.98
2011.09.28 03:02:25.861,1.35754,1.35763,1.50,1.35
2011.09.28 03:02:31.703,1.35754,1.35762,1.50,2.25
2011.09.28 03:02:31.820,1.35754,1.35763,1.50,1.35
2011.09.28 03:02:32.719,1.35754,1.35763,1.50,1.35
2011.09.28 03:02:32.841,1.35754,1.35762,1.50,2.25
2011.09.28 03:02:33.521,1.35754,1.35763,1.50,1.35
2011.09.28 03:02:43.485,1.35754,1.35764,2.25,2.48
2011.09.28 03:02:45.441,1.35754,1.35764,2.25,1.73
2011.09.28 03:02:48.512,1.35753,1.35763,3.38,2.10
2011.09.28 03:02:48.633,1.35753,1.3576,1.88,1.13
2011.09.28 03:02:49.220,1.35753,1.35762,1.88,2.48
2011.09.28 03:02:49.919,1.35754,1.35764,1.50,1.73
2011.09.28 03:02:52.871,1.35754,1.35764,1.50,1.73
2011.09.28 03:02:55.970,1.35754,1.35764,1.50,1.50
2011.09.28 03:02:56.573,1.35753,1.35762,2.25,3.23
2011.09.28 03:02:56.937,1.35759,1.35767,1.50,2.48
2011.09.28 03:02:57.071,1.35759,1.35765,1.50,1.13
2011.09.28 03:02:57.199,1.35758,1.35765,1.50,2.63
2011.09.28 03:02:57.810,1.3576,1.35766,2.25,1.50
2011.09.28 03:02:57.936,1.35759,1.35765,1.50,1.28
2011.09.28 03:02:58.308,1.35758,1.35764,1.50,2.25
2011.09.28 03:02:58.675,1.35758,1.35766,1.50,1.50
2011.09.28 03:02:58.792,1.35758,1.35766,1.50,1.50
2011.09.28 03:02:59.381,1.35758,1.35765,1.50,1.13
2011.09.28 03:03:00.472,1.35758,1.35766,1.50,1.50
2011.09.28 03:03:01.061,1.35758,1.35767,1.50,1.13
2011.09.28 03:03:01.961,1.35759,1.35768,1.13,2.25
2011.09.28 03:03:02.551,1.3576,1.35768,2.25,2.25
2011.09.28 03:03:04.591,1.3576,1.35769,2.25,2.10
2011.09.28 03:03:04.712,1.3576,1.35768,2.25,1.88
2011.09.28 03:03:04.956,1.35757,1.35766,2.48,2.10
2011.09.28 03:03:05.552,1.35757,1.35766,1.50,1.50
2011.09.28 03:03:06.361,1.35758,1.35767,1.50,3.00
2011.09.28 03:03:06.955,1.35758,1.35767,1.50,2.25
2011.09.28 03:03:07.082,1.35758,1.35768,2.85,1.88
2011.09.28 03:03:07.441,1.3576,1.35768,1.50,3.38
2011.09.28 03:03:09.808,1.35758,1.35766,1.73,2.25
2011.09.28 03:03:09.931,1.35755,1.35765,2.48,1.50
2011.09.28 03:03:10.416,1.35755,1.35765,2.63,1.43
2011.09.28 03:03:11.012,1.35755,1.35765,2.25,1.80
2011.09.28 03:03:11.600,1.35757,1.35767,1.50,4.73
2011.09.28 03:03:16.361,1.35755,1.35765,2.63,1.35
2011.09.28 03:03:16.919,1.35755,1.35765,2.63,1.35
2011.09.28 03:03:17.489,1.35756,1.35766,1.13,1.13
2011.09.28 03:03:18.604,1.35756,1.35766,1.13,1.13
2011.09.28 03:03:19.159,1.35756,1.35766,1.13,1.13
2011.09.28 03:03:20.513,1.35756,1.35766,1.13,1.13
2011.09.28 03:03:22.009,1.35757,1.35767,1.50,2.25
2011.09.28 03:03:23.125,1.35757,1.35767,1.50,1.50
2011.09.28 03:03:23.583,1.35757,1.35764,1.50,2.25
2011.09.28 03:03:23.950,1.35754,1.35761,3.00,1.88
2011.09.28 03:03:24.558,1.35752,1.35762,1.88,1.13
2011.09.28 03:03:24.802,1.35753,1.35762,2.25,1.13
2011.09.28 03:03:25.271,1.35752,1.35762,2.63,1.13
2011.09.28 03:03:33.051,1.35753,1.35763,3.00,1.50
2011.09.28 03:03:34.377,1.35753,1.35763,1.50,2.25
2011.09.28 03:03:34.974,1.35753,1.35763,1.50,1.50
2011.09.28 03:03:35.630,1.35753,1.35763,1.50,2.25
2011.09.28 03:03:36.221,1.35753,1.35763,1.88,1.88
2011.09.28 03:03:36.916,1.35753,1.35763,1.88,1.13
2011.09.28 03:03:37.471,1.35753,1.35763,1.88,1.88
2011.09.28 03:03:41.282,1.35753,1.35763,1.13,4.35
2011.09.28 03:03:42.182,1.35753,1.35763,1.50,1.50
2011.09.28 03:03:43.400,1.35752,1.35762,1.13,1.13
2011.09.28 03:03:46.462,1.35753,1.35763,1.50,2.25
2011.09.28 03:03:46.827,1.35756,1.35765,1.50,1.50
2011.09.28 03:03:47.075,1.35757,1.35767,1.13,1.13
2011.09.28 03:03:47.683,1.35756,1.35766,2.25,1.50
2011.09.28 03:03:48.624,1.35757,1.35766,3.00,1.50
2011.09.28 03:03:49.087,1.35758,1.35768,2.25,2.25
2011.09.28 03:03:49.409,1.35759,1.35769,1.13,2.63
2011.09.28 03:03:53.330,1.35759,1.35768,1.13,1.50
2011.09.28 03:03:53.795,1.35757,1.35766,1.13,1.50
2011.09.28 03:03:54.381,1.35754,1.35764,3.38,1.88
2011.09.28 03:03:57.440,1.35754,1.35764,2.63,1.88
2011.09.28 03:03:57.560,1.35754,1.35764,2.63,2.07
2011.09.28 03:03:57.931,1.35752,1.35758,2.25,3.75
2011.09.28 03:03:58.293,1.35754,1.35763,2.25,1.80
2011.09.28 03:03:58.414,1.35754,1.35763,3.00,1.05
2011.09.28 03:03:59.149,1.35756,1.35766,1.13,2.10
2011.09.28 03:03:59.754,1.35755,1.35765,1.50,1.50
2011.09.28 03:04:01.338,1.35753,1.35763,1.88,1.88
2011.09.28 03:04:02.723,1.35752,1.35762,1.88,1.88
2011.09.28 03:04:03.314,1.35752,1.35762,2.25,1.50
2011.09.28 03:04:03.436,1.35754,1.35764,1.50,2.25
2011.09.28 03:04:04.821,1.35754,1.35764,1.50,1.50
2011.09.28 03:04:05.421,1.35754,1.35764,1.50,1.50
2011.09.28 03:04:07.025,1.35752,1.35761,1.13,2.25
2011.09.28 03:04:07.610,1.35751,1.35759,1.50,1.50
2011.09.28 03:04:09.002,1.35752,1.3576,3.00,1.50
2011.09.28 03:04:09.590,1.35754,1.3576,1.13,1.50
2011.09.28 03:04:13.907,1.35754,1.35762,2.25,1.80
2011.09.28 03:04:14.281,1.35755,1.35764,3.60,2.48
2011.09.28 03:04:14.403,1.35762,1.3577,2.85,1.35
2011.09.28 03:04:14.524,1.35764,1.35772,1.13,1.35
2011.09.28 03:04:14.648,1.35766,1.35771,1.88,1.35
2011.09.28 03:04:15.018,1.35768,1.35775,1.13,1.13
2011.09.28 03:04:17.604,1.35769,1.35778,1.88,1.13
2011.09.28 03:04:17.721,1.3577,1.35781,1.50,3.30
2011.09.28 03:04:19.013,1.35771,1.35781,1.13,1.88
2011.09.28 03:04:19.602,1.3577,1.3578,1.50,1.50
2011.09.28 03:04:20.765,1.35769,1.35779,1.50,1.50
2011.09.28 03:04:21.122,1.35769,1.35781,2.25,1.88
2011.09.28 03:04:21.364,1.35773,1.35783,2.25,2.25
2011.09.28 03:04:21.721,1.35773,1.35783,1.50,2.25
2011.09.28 03:04:22.302,1.35773,1.35783,1.50,1.50
2011.09.28 03:04:23.774,1.35774,1.35784,1.13,1.13
2011.09.28 03:04:25.874,1.35773,1.35782,1.50,1.13
2011.09.28 03:04:25.994,1.3577,1.35782,3.00,1.88
2011.09.28 03:04:26.113,1.3577,1.35782,3.38,1.50
2011.09.28 03:04:26.472,1.35772,1.35784,2.25,1.88
2011.09.28 03:04:26.592,1.35771,1.35782,1.50,1.50
2011.09.28 03:04:28.341,1.3577,1.35782,3.38,1.50
2011.09.28 03:04:29.041,1.35771,1.35782,1.50,1.50
2011.09.28 03:04:33.612,1.3577,1.35782,3.38,1.50
2011.09.28 03:04:34.092,1.3577,1.35779,2.25,1.50
2011.09.28 03:04:34.332,1.35769,1.35779,2.25,1.50
2011.09.28 03:04:35.872,1.35769,1.35779,3.75,1.50
2011.09.28 03:04:36.561,1.3577,1.3578,1.50,1.50
2011.09.28 03:04:39.477,1.35769,1.35779,3.75,3.00
2011.09.28 03:04:40.061,1.35769,1.35779,1.50,3.00
2011.09.28 03:04:40.292,1.35769,1.35779,2.25,1.50
2011.09.28 03:04:42.151,1.35769,1.35779,1.50,3.00
2011.09.28 03:04:44.770,1.35769,1.35779,2.25,1.50
2011.09.28 03:04:47.659,1.35769,1.35779,1.50,3.00
2011.09.28 03:04:50.033,1.3577,1.3578,1.13,1.88
2011.09.28 03:04:50.625,1.35768,1.35779,1.50,1.50
2011.09.28 03:04:51.221,1.3577,1.3578,1.50,2.63
2011.09.28 03:04:53.240,1.35767,1.35779,1.50,2.25
2011.09.28 03:04:54.421,1.35767,1.35779,1.50,3.00
2011.09.28 03:04:55.541,1.35769,1.3578,1.50,2.25
2011.09.28 03:04:58.669,1.35767,1.35779,1.88,2.25
2011.09.28 03:04:59.999,1.35767,1.35777,1.13,2.25
2011.09.28 03:05:00.983,1.35768,1.3578,1.50,4.13
2011.09.28 03:05:01.436,1.35766,1.35778,2.63,2.25
2011.09.28 03:05:01.802,1.35767,1.35776,1.13,1.50
2011.09.28 03:05:02.380,1.35767,1.35776,1.13,1.50
2011.09.28 03:05:11.190,1.35767,1.35776,1.13,3.00
2011.09.28 03:05:11.555,1.35764,1.35774,1.50,2.25
2011.09.28 03:05:11.810,1.35765,1.35773,1.13,2.25
2011.09.28 03:05:12.416,1.35764,1.35774,1.50,2.25
2011.09.28 03:05:13.033,1.35762,1.35773,1.88,1.50
2011.09.28 03:05:15.601,1.35764,1.35774,1.50,2.25
2011.09.28 03:05:15.940,1.35762,1.35773,1.13,3.75
2011.09.28 03:05:16.281,1.35762,1.35773,1.13,3.75
2011.09.28 03:05:16.941,1.35768,1.35778,1.88,1.88
2011.09.28 03:05:17.075,1.35768,1.35776,1.13,3.00
2011.09.28 03:05:17.554,1.35768,1.35776,1.13,1.50
2011.09.28 03:05:19.273,1.35768,1.35778,1.88,2.63
2011.09.28 03:05:19.732,1.35769,1.35779,3.00,1.50
2011.09.28 03:05:20.206,1.35768,1.35778,1.13,1.13
2011.09.28 03:05:20.925,1.35768,1.35778,1.13,1.88
2011.09.28 03:05:28.099,1.35768,1.35777,1.13,2.25
2011.09.28 03:05:30.084,1.35767,1.35777,1.13,3.38
2011.09.28 03:05:31.812,1.35766,1.35775,1.13,2.25
2011.09.28 03:05:40.829,1.35766,1.35776,1.50,3.75
2011.09.28 03:05:41.981,1.35764,1.35774,1.13,1.13
2011.09.28 03:05:49.400,1.35766,1.35776,1.50,3.75
2011.09.28 03:05:50.548,1.35766,1.35776,3.00,3.00
2011.09.28 03:05:52.510,1.35765,1.35775,1.50,1.50
2011.09.28 03:05:53.219,1.35764,1.35774,1.13,1.13
2011.09.28 03:05:53.872,1.35765,1.35775,1.50,2.25
2011.09.28 03:06:01.831,1.35764,1.35774,1.13,3.38
2011.09.28 03:06:02.385,1.35765,1.35774,1.50,1.13
2011.09.28 03:06:09.340,1.35764,1.35774,1.13,1.88
2011.09.28 03:06:10.888,1.35765,1.35775,3.00,1.50
2011.09.28 03:06:11.500,1.35769,1.35778,1.50,1.13
2011.09.28 03:06:11.627,1.35766,1.35776,3.00,1.50
2011.09.28 03:06:14.823,1.35765,1.35775,2.63,1.13
2011.09.28 03:06:14.943,1.35765,1.35775,1.88,3.38
2011.09.28 03:06:15.305,1.3576,1.3577,3.00,1.50
2011.09.28 03:06:15.662,1.35757,1.35768,1.88,1.50
2011.09.28 03:06:16.133,1.35757,1.35767,1.13,2.25
2011.09.28 03:06:16.492,1.35759,1.35769,1.50,2.25
2011.09.28 03:06:17.081,1.3576,1.3577,1.13,1.88
2011.09.28 03:06:17.321,1.35759,1.35767,1.50,2.25
2011.09.28 03:06:19.462,1.35756,1.35762,4.13,1.50
2011.09.28 03:06:19.595,1.35754,1.3576,2.25,1.50
2011.09.28 03:06:19.847,1.35753,1.35762,2.25,1.13
2011.09.28 03:06:19.976,1.35754,1.35763,1.13,1.05
2011.09.28 03:06:20.581,1.35752,1.35762,2.25,1.13
2011.09.28 03:06:21.292,1.35753,1.35763,1.50,2.25
2011.09.28 03:06:32.106,1.35755,1.35764,2.25,2.25
2011.09.28 03:06:32.354,1.35757,1.35766,1.13,1.50
2011.09.28 03:06:32.797,1.35757,1.35766,2.63,1.50
2011.09.28 03:06:34.214,1.35759,1.35768,2.25,1.13
2011.09.28 03:06:34.791,1.35759,1.35768,2.25,1.13
2011.09.28 03:06:35.386,1.35762,1.35769,1.13,6.00
2011.09.28 03:06:35.757,1.35765,1.35773,3.00,1.05
2011.09.28 03:06:36.125,1.35768,1.35777,1.50,1.13
2011.09.28 03:06:36.246,1.35771,1.35779,2.25,2.25
2011.09.28 03:06:36.374,1.35769,1.35777,2.25,1.13
2011.09.28 03:06:36.491,1.35769,1.35778,2.25,1.13
2011.09.28 03:06:40.624,1.35771,1.35778,1.13,1.13
2011.09.28 03:06:40.748,1.35772,1.3578,1.13,1.50
2011.09.28 03:06:40.880,1.35775,1.35783,3.00,2.18
2011.09.28 03:06:41.006,1.35776,1.35783,1.50,1.05
2011.09.28 03:06:41.136,1.35776,1.35786,1.50,1.73
2011.09.28 03:06:41.742,1.35776,1.35786,1.50,1.50
2011.09.28 03:06:42.347,1.35776,1.35786,1.13,1.88
2011.09.28 03:06:45.093,1.35776,1.35786,3.00,1.50
2011.09.28 03:06:45.690,1.35776,1.35786,3.00,1.50
2011.09.28 03:06:46.251,1.35776,1.35786,1.13,1.88
2011.09.28 03:06:46.374,1.35775,1.35784,1.50,1.13
2011.09.28 03:06:46.980,1.35773,1.35782,2.25,1.13
2011.09.28 03:06:47.222,1.35772,1.35782,2.25,1.88
2011.09.28 03:06:49.886,1.35771,1.35781,4.13,1.88
2011.09.28 03:06:50.129,1.35769,1.35777,1.88,1.50
2011.09.28 03:06:50.978,1.35769,1.35779,2.25,1.50
2011.09.28 03:06:51.344,1.35771,1.3578,2.25,1.13
2011.09.28 03:06:55.291,1.35771,1.3578,2.25,1.13
2011.09.28 03:06:55.410,1.3577,1.3578,1.13,1.88
2011.09.28 03:06:56.081,1.35771,1.3578,1.13,1.13
2011.09.28 03:06:56.668,1.35772,1.3578,1.13,1.13
2011.09.28 03:07:03.190,1.35769,1.35777,2.25,4.50
2011.09.28 03:07:03.434,1.35768,1.35775,1.13,1.50
2011.09.28 03:07:03.796,1.35768,1.35777,1.50,5.25
2011.09.28 03:07:04.495,1.35772,1.35778,1.50,1.80
2011.09.28 03:07:04.620,1.35773,1.35782,2.25,1.13
2011.09.28 03:07:05.101,1.35772,1.35782,1.50,1.13
2011.09.28 03:07:08.200,1.35772,1.35782,2.25,1.13
2011.09.28 03:07:08.781,1.35773,1.35783,1.50,3.75
2011.09.28 03:07:09.606,1.35773,1.35783,1.88,1.88
2011.09.28 03:07:10.664,1.35772,1.35782,3.00,1.13
2011.09.28 03:07:11.028,1.35774,1.35783,1.50,1.50
2011.09.28 03:07:11.666,1.35773,1.35782,2.25,1.13
2011.09.28 03:07:11.921,1.35775,1.35784,1.50,1.88
2011.09.28 03:07:13.589,1.35781,1.3579,1.58,2.44
2011.09.28 03:07:13.723,1.35783,1.35791,2.07,1.50
2011.09.28 03:07:13.848,1.35783,1.35794,1.50,2.85
2011.09.28 03:07:13.982,1.35785,1.35795,2.25,2.25
2011.09.28 03:07:14.104,1.35792,1.35801,2.25,1.13
2011.09.28 03:07:14.224,1.35791,1.35801,1.50,1.13
2011.09.28 03:07:14.732,1.3579,1.358,1.50,1.50
2011.09.28 03:07:18.311,1.3579,1.35802,3.00,2.63
2011.09.28 03:07:19.456,1.3579,1.358,1.50,1.50
2011.09.28 03:07:24.983,1.35792,1.35802,1.88,2.25
2011.09.28 03:07:25.591,1.35794,1.35804,1.50,2.63
2011.09.28 03:07:28.002,1.35792,1.35804,3.38,1.50
2011.09.28 03:07:31.734,1.35792,1.35801,1.13,2.25
2011.09.28 03:07:33.412,1.35791,1.35798,2.25,2.25
2011.09.28 03:07:33.776,1.35789,1.35798,1.13,2.25
2011.09.28 03:07:34.026,1.35788,1.35796,1.13,2.25
2011.09.28 03:07:34.516,1.35787,1.35798,1.88,3.00
2011.09.28 03:07:34.764,1.35787,1.35796,1.88,2.25
2011.09.28 03:07:37.262,1.35788,1.35798,1.50,1.50
2011.09.28 03:07:38.890,1.35788,1.35799,1.50,1.88
2011.09.28 03:07:39.305,1.35787,1.35798,1.88,3.00
2011.09.28 03:07:39.873,1.35787,1.35796,1.13,1.50
2011.09.28 03:07:40.431,1.35787,1.35799,3.00,1.50
2011.09.28 03:07:40.772,1.35789,1.35799,1.50,1.50
2011.09.28 03:07:41.505,1.35788,1.35799,1.50,1.50
2011.09.28 03:07:42.512,1.35787,1.35797,1.50,2.25
2011.09.28 03:07:42.983,1.35788,1.35799,1.50,1.50
2011.09.28 03:07:43.919,1.35787,1.35798,2.25,1.50
2011.09.28 03:07:49.011,1.35787,1.35799,1.50,3.00
2011.09.28 03:07:49.591,1.35787,1.35799,1.50,2.25
2011.09.28 03:07:50.171,1.35787,1.35799,1.50,3.00
2011.09.28 03:07:55.293,1.35785,1.35794,2.63,2.25
2011.09.28 03:07:55.414,1.35785,1.35794,1.88,2.25
2011.09.28 03:07:55.657,1.35782,1.35791,2.25,2.25
2011.09.28 03:07:56.029,1.35776,1.35787,1.50,2.25
2011.09.28 03:07:56.580,1.35775,1.35787,1.50,2.25
2011.09.28 03:07:57.543,1.35777,1.35789,1.50,3.00
2011.09.28 03:07:57.904,1.35777,1.35788,1.50,1.50
2011.09.28 03:07:59.605,1.35775,1.35785,1.50,1.50
2011.09.28 03:08:00.644,1.35774,1.35785,1.50,2.25
2011.09.28 03:08:01.183,1.35772,1.35783,1.88,1.50
2011.09.28 03:08:02.755,1.35776,1.35785,2.63,1.50
2011.09.28 03:08:02.875,1.3578,1.35786,1.50,1.13
2011.09.28 03:08:03.233,1.35779,1.35785,1.50,2.25
2011.09.28 03:08:03.716,1.3578,1.35785,1.50,1.50
2011.09.28 03:08:03.967,1.3578,1.35787,2.25,2.63
2011.09.28 03:08:05.470,1.35779,1.35787,1.50,2.25
2011.09.28 03:08:05.934,1.35776,1.35783,3.75,1.50
2011.09.28 03:08:06.060,1.35772,1.35783,1.88,1.50
2011.09.28 03:08:06.633,1.35772,1.35783,1.13,1.50
2011.09.28 03:08:09.312,1.35773,1.35783,1.13,1.88
2011.09.28 03:08:10.542,1.35773,1.35785,2.25,1.50
2011.09.28 03:08:11.014,1.35773,1.35783,1.13,1.88
2011.09.28 03:08:12.685,1.35772,1.35782,1.50,1.50
2011.09.28 03:08:14.081,1.35771,1.35779,1.50,1.13
2011.09.28 03:08:14.453,1.35767,1.35777,2.63,1.88
2011.09.28 03:08:14.812,1.35765,1.35774,1.50,1.13
2011.09.28 03:08:17.325,1.35766,1.35776,1.88,1.88
2011.09.28 03:08:17.689,1.35769,1.35777,2.25,1.50
2011.09.28 03:08:17.819,1.3577,1.3578,1.88,2.10
2011.09.28 03:08:18.063,1.35771,1.35781,3.00,1.50
2011.09.28 03:08:18.779,1.35774,1.35784,1.88,1.13
2011.09.28 03:08:23.381,1.35775,1.35785,1.50,1.50
2011.09.28 03:08:25.455,1.35775,1.35783,1.13,1.50
2011.09.28 03:08:26.057,1.35773,1.35782,2.25,1.13
2011.09.28 03:08:27.091,1.35773,1.35781,1.50,1.13
2011.09.28 03:08:28.903,1.35774,1.35784,1.13,1.88
2011.09.28 03:08:29.474,1.35774,1.35784,1.50,1.50
2011.09.28 03:08:33.031,1.35776,1.35786,1.50,2.25
2011.09.28 03:08:33.273,1.35776,1.35786,3.00,1.50
2011.09.28 03:08:40.477,1.35778,1.35787,1.13,4.50
2011.09.28 03:08:42.764,1.35778,1.35788,1.13,5.63
2011.09.28 03:08:43.352,1.35776,1.35786,1.88,1.88
2011.09.28 03:08:47.354,1.35776,1.35786,1.50,2.25
2011.09.28 03:08:47.923,1.35775,1.35785,1.50,1.88
2011.09.28 03:08:48.492,1.35775,1.35784,1.50,1.50
2011.09.28 03:08:52.090,1.35774,1.35784,1.50,3.00
2011.09.28 03:08:52.573,1.35773,1.35782,2.25,1.13
2011.09.28 03:08:52.933,1.35773,1.35783,3.00,1.50
2011.09.28 03:08:56.377,1.35773,1.35781,1.50,2.25
2011.09.28 03:08:56.747,1.35772,1.35779,1.50,5.25
2011.09.28 03:08:57.136,1.35772,1.35779,1.50,3.75
2011.09.28 03:08:57.268,1.35773,1.35783,1.13,1.13
2011.09.28 03:08:57.967,1.35772,1.35782,3.00,1.50
2011.09.28 03:09:01.371,1.35772,1.35782,2.63,1.88
2011.09.28 03:09:01.931,1.35772,1.35782,1.88,3.38
2011.09.28 03:09:03.724,1.35772,1.35782,2.63,1.88
2011.09.28 03:09:06.882,1.35772,1.35782,1.13,3.38
2011.09.28 03:09:08.782,1.35771,1.3578,1.50,1.13
2011.09.28 03:09:09.229,1.35773,1.35783,1.88,1.13
2011.09.28 03:09:09.493,1.35773,1.35783,1.88,1.13
2011.09.28 03:09:10.206,1.35773,1.35783,1.88,1.88
2011.09.28 03:09:10.948,1.35773,1.35783,1.88,1.13
2011.09.28 03:09:12.022,1.35773,1.35783,1.88,1.88
2011.09.28 03:09:12.561,1.35773,1.35783,1.88,1.13
2011.09.28 03:09:13.129,1.35773,1.35783,1.88,1.88
2011.09.28 03:09:14.672,1.35773,1.35783,3.75,1.50
2011.09.28 03:09:15.144,1.35775,1.35785,3.00,1.50
2011.09.28 03:09:15.744,1.35777,1.35787,1.13,5.63
2011.09.28 03:09:18.031,1.35775,1.35785,1.13,1.88
2011.09.28 03:09:19.764,1.35774,1.35783,1.50,1.13
2011.09.28 03:09:20.122,1.35773,1.35782,1.13,2.25
2011.09.28 03:09:23.992,1.35773,1.35782,1.13,2.25
2011.09.28 03:09:25.202,1.35773,1.35782,1.13,2.25
2011.09.28 03:09:38.281,1.35774,1.35784,1.50,2.25
2011.09.28 03:09:41.439,1.35773,1.35783,1.13,1.88
2011.09.28 03:10:00.600,1.35773,1.35783,1.88,1.13
2011.09.28 03:10:01.772,1.35772,1.35781,2.25,1.13
2011.09.28 03:10:02.016,1.35771,1.35781,1.13,3.38
2011.09.28 03:10:02.612,1.35771,1.35781,1.88,2.63
2011.09.28 03:10:03.781,1.35771,1.3578,1.13,2.25
2011.09.28 03:10:07.881,1.35768,1.35778,2.25,3.00
2011.09.28 03:10:08.503,1.35767,1.35776,1.13,2.25
2011.09.28 03:10:08.621,1.35767,1.35777,1.13,1.88
2011.09.28 03:10:11.393,1.35767,1.35777,1.13,1.13
2011.09.28 03:10:12.051,1.35767,1.35777,1.13,1.88
2011.09.28 03:10:12.651,1.35767,1.35777,1.13,1.13
2011.09.28 03:10:12.892,1.35766,1.35776,2.25,3.00
2011.09.28 03:10:17.162,1.35767,1.35777,1.13,2.63
2011.09.28 03:10:17.644,1.35768,1.35778,1.88,1.13
2011.09.28 03:10:18.702,1.35768,1.35778,1.88,2.63
2011.09.28 03:10:19.051,1.35768,1.35778,1.13,4.13
2011.09.28 03:10:19.642,1.35768,1.35778,1.13,3.38
2011.09.28 03:10:21.861,1.35768,1.35778,1.88,1.88
2011.09.28 03:10:22.668,1.35768,1.35778,1.50,5.25
2011.09.28 03:10:23.260,1.35767,1.35777,1.88,1.13
2011.09.28 03:10:23.872,1.35767,1.35777,1.50,1.50
2011.09.28 03:10:26.684,1.3577,1.35778,1.50,2.25
2011.09.28 03:10:27.125,1.35771,1.3578,1.50,1.13
2011.09.28 03:10:27.606,1.35772,1.35782,2.63,3.38
2011.09.28 03:10:29.143,1.35774,1.35782,1.13,1.50
2011.09.28 03:10:29.392,1.35777,1.35783,1.50,2.18
2011.09.28 03:10:29.879,1.35772,1.35782,3.00,1.73
2011.09.28 03:10:30.123,1.35773,1.35782,2.25,1.73
2011.09.28 03:10:30.751,1.35775,1.35786,2.63,2.85
2011.09.28 03:10:30.889,1.35775,1.35785,1.13,1.13
2011.09.28 03:10:32.471,1.35775,1.35786,2.63,2.85
2011.09.28 03:10:32.837,1.35777,1.35786,3.38,4.28
2011.09.28 03:10:33.238,1.35778,1.35787,1.50,3.23
2011.09.28 03:10:33.485,1.35779,1.35789,1.50,1.50
2011.09.28 03:10:36.472,1.35781,1.3579,1.50,2.25
2011.09.28 03:10:43.033,1.35781,1.35791,1.50,1.50
2011.09.28 03:10:43.618,1.35782,1.35792,1.88,1.13
2011.09.28 03:10:43.747,1.35783,1.35793,1.13,1.88
2011.09.28 03:10:43.875,1.35789,1.35799,1.13,1.13
2011.09.28 03:10:44.233,1.35789,1.35798,1.13,2.25
2011.09.28 03:10:44.601,1.35784,1.35795,3.75,1.35
2011.09.28 03:10:44.727,1.35782,1.35791,3.98,2.25
2011.09.28 03:10:45.095,1.35778,1.35788,2.63,1.13
2011.09.28 03:10:45.338,1.35778,1.35788,1.88,1.88
2011.09.28 03:10:45.468,1.35776,1.35788,2.25,3.00
2011.09.28 03:10:45.603,1.35774,1.35784,2.63,1.50
2011.09.28 03:10:45.725,1.35774,1.35782,3.00,3.60
2011.09.28 03:10:46.343,1.35775,1.35782,1.50,2.10
2011.09.28 03:10:46.592,1.35775,1.35786,1.50,1.50
2011.09.28 03:10:47.077,1.35777,1.35787,1.88,1.88
2011.09.28 03:10:47.684,1.35776,1.35786,4.50,1.50
2011.09.28 03:10:48.276,1.35776,1.35786,3.75,1.50
2011.09.28 03:10:48.514,1.35778,1.35788,1.13,1.88
2011.09.28 03:10:49.102,1.35778,1.35788,1.13,1.88
2011.09.28 03:10:49.221,1.35778,1.35788,1.88,1.13
2011.09.28 03:10:49.575,1.3578,1.35788,2.25,1.50
2011.09.28 03:10:49.696,1.35782,1.3579,1.13,1.50
2011.09.28 03:10:50.245,1.35782,1.35792,1.50,3.00
2011.09.28 03:10:50.712,1.3578,1.3579,3.00,2.25
2011.09.28 03:10:58.297,1.3578,1.35789,2.25,1.73
2011.09.28 03:10:58.427,1.3578,1.35789,3.00,3.23
2011.09.28 03:10:58.554,1.35782,1.35789,1.13,2.63
2011.09.28 03:10:58.915,1.3578,1.3579,3.38,1.13
2011.09.28 03:10:59.496,1.35781,1.35791,1.13,1.13
2011.09.28 03:11:00.061,1.35781,1.35791,1.13,1.88
2011.09.28 03:11:03.312,1.35781,1.35791,1.13,1.13
2011.09.28 03:11:03.551,1.35782,1.35792,1.88,1.88
2011.09.28 03:11:19.739,1.35782,1.35792,1.88,2.48
2011.09.28 03:11:19.870,1.35779,1.35784,3.00,1.50
2011.09.28 03:11:20.126,1.35781,1.35788,1.50,4.13
2011.09.28 03:11:20.594,1.3578,1.35788,1.50,1.13
2011.09.28 03:11:21.181,1.35779,1.35788,1.50,1.13
2011.09.28 03:11:24.472,1.35778,1.35787,1.88,1.50
2011.09.28 03:11:27.057,1.35775,1.3578,2.63,1.50
2011.09.28 03:11:27.311,1.35773,1.35781,1.50,3.00
2011.09.28 03:11:27.555,1.35773,1.3578,1.50,4.50
2011.09.28 03:11:32.275,1.35772,1.35782,1.88,1.73
2011.09.28 03:11:32.396,1.35772,1.3578,1.13,1.50
2011.09.28 03:11:32.757,1.35767,1.35776,1.50,2.85
2011.09.28 03:11:33.353,1.35766,1.35776,1.50,4.35
2011.09.28 03:11:34.363,1.35766,1.35775,1.50,2.25
2011.09.28 03:11:36.785,1.35766,1.35775,1.50,1.88
2011.09.28 03:11:40.591,1.35766,1.35775,1.50,2.25
2011.09.28 03:11:41.293,1.35766,1.35774,1.50,1.13
2011.09.28 03:11:41.881,1.35766,1.35775,1.50,3.23
2011.09.28 03:11:44.089,1.35766,1.35774,1.50,1.50
2011.09.28 03:11:44.661,1.35766,1.35774,1.50,1.50
2011.09.28 03:11:48.025,1.35769,1.35774,1.50,1.13
2011.09.28 03:11:48.265,1.35771,1.35778,3.00,3.75
2011.09.28 03:11:48.389,1.35772,1.35778,2.25,3.75
2011.09.28 03:11:48.516,1.35775,1.35783,2.25,1.43
2011.09.28 03:11:48.993,1.35774,1.35784,1.50,2.25
2011.09.28 03:11:49.867,1.35773,1.35783,1.88,2.63
2011.09.28 03:11:51.512,1.35774,1.35784,1.50,3.00
2011.09.28 03:11:51.743,1.35774,1.35782,1.50,2.25
2011.09.28 03:11:52.322,1.35773,1.35782,1.50,3.00
2011.09.28 03:11:52.671,1.35772,1.3578,1.50,2.63
2011.09.28 03:11:53.972,1.35771,1.3578,2.25,1.13
2011.09.28 03:11:54.681,1.35772,1.3578,1.50,1.13
2011.09.28 03:12:02.566,1.35771,1.35781,1.13,2.63
2011.09.28 03:12:03.742,1.3577,1.35779,1.50,2.63
2011.09.28 03:12:05.972,1.35771,1.35781,1.50,4.50
2011.09.28 03:12:06.541,1.3577,1.35779,1.50,1.13
2011.09.28 03:12:08.561,1.35771,1.3578,1.50,1.50
2011.09.28 03:12:12.892,1.35769,1.35779,3.38,2.25
2011.09.28 03:12:13.017,1.35769,1.35778,1.88,4.50
2011.09.28 03:12:13.385,1.35765,1.35775,3.38,1.13
2011.09.28 03:12:13.623,1.35765,1.35775,2.25,3.00
2011.09.28 03:12:16.401,1.35765,1.35774,1.50,2.25
2011.09.28 03:12:35.783,1.35764,1.35773,1.50,3.75
2011.09.28 03:12:36.269,1.35762,1.35769,1.50,1.13
2011.09.28 03:12:36.830,1.35755,1.35763,1.50,1.13
2011.09.28 03:12:37.432,1.35754,1.35763,2.25,1.50
2011.09.28 03:12:38.394,1.35754,1.35764,2.63,1.88
2011.09.28 03:12:39.661,1.35755,1.35764,1.50,1.13
2011.09.28 03:12:43.353,1.35755,1.35765,3.00,1.28
2011.09.28 03:12:43.480,1.35755,1.35767,3.75,4.13
2011.09.28 03:12:43.967,1.35757,1.35767,3.00,2.63
2011.09.28 03:12:46.183,1.35763,1.35772,1.50,1.50
2011.09.28 03:12:46.783,1.35762,1.35772,1.50,1.50
2011.09.28 03:12:47.024,1.35763,1.35774,3.00,2.63
2011.09.28 03:12:47.384,1.35762,1.35772,1.50,1.50
2011.09.28 03:12:48.593,1.35761,1.3577,3.00,2.25
2011.09.28 03:12:49.307,1.35762,1.35772,1.50,1.50
2011.09.28 03:12:50.082,1.35763,1.35774,1.50,3.38
2011.09.28 03:12:51.363,1.35761,1.35771,3.75,1.50
2011.09.28 03:12:51.484,1.35761,1.3577,3.00,2.25
2011.09.28 03:12:51.936,1.35762,1.35772,1.50,1.50
2011.09.28 03:12:52.506,1.35761,1.35769,2.25,2.63
2011.09.28 03:12:53.845,1.35761,1.3577,2.25,1.13
2011.09.28 03:12:54.342,1.35762,1.35772,1.50,1.50
2011.09.28 03:12:55.694,1.35763,1.35774,1.50,3.38
2011.09.28 03:12:59.984,1.35761,1.35771,2.25,1.50
2011.09.28 03:13:00.397,1.35761,1.35771,1.50,2.25
2011.09.28 03:13:00.749,1.35761,1.35769,1.50,2.25
2011.09.28 03:13:02.174,1.35761,1.35771,1.50,3.00
2011.09.28 03:13:03.104,1.35761,1.35771,2.25,1.50
2011.09.28 03:13:04.113,1.35761,1.35773,3.75,1.88
2011.09.28 03:13:09.692,1.35761,1.35771,2.25,1.50
2011.09.28 03:13:10.601,1.35761,1.35773,3.75,1.88
2011.09.28 03:13:12.081,1.35761,1.35771,2.25,1.50
2011.09.28 03:13:14.223,1.35761,1.35771,1.50,3.00
2011.09.28 03:13:14.707,1.3576,1.35767,1.50,2.25
2011.09.28 03:13:15.068,1.35755,1.35765,2.25,3.38
2011.09.28 03:13:15.314,1.35755,1.35765,1.50,3.38
2011.09.28 03:13:17.144,1.35755,1.35765,2.63,3.38
2011.09.28 03:13:17.266,1.35756,1.35765,1.50,1.13
2011.09.28 03:13:21.636,1.35755,1.35762,2.25,3.75
2011.09.28 03:13:21.874,1.35753,1.35762,2.25,5.25
2011.09.28 03:13:24.535,1.35755,1.35762,1.13,4.50
2011.09.28 03:13:25.125,1.35755,1.35763,1.13,5.55
2011.09.28 03:13:26.105,1.35755,1.35763,3.00,1.05
2011.09.28 03:13:26.468,1.35759,1.35768,1.50,1.80
2011.09.28 03:13:26.718,1.35763,1.35772,1.50,1.50
2011.09.28 03:13:31.236,1.35764,1.35771,1.50,1.13
2011.09.28 03:13:31.358,1.35764,1.35773,1.88,2.25
2011.09.28 03:13:31.488,1.35765,1.35774,1.50,1.13
2011.09.28 03:13:31.858,1.35763,1.35771,1.50,2.63
2011.09.28 03:13:32.214,1.35763,1.35771,1.50,2.63
2011.09.28 03:13:32.334,1.35763,1.35771,1.50,1.13
2011.09.28 03:13:50.228,1.35763,1.35771,1.50,1.13
2011.09.28 03:13:52.424,1.35763,1.35773,2.25,2.25
2011.09.28 03:13:53.047,1.35764,1.35773,1.50,1.50
2011.09.28 03:13:55.783,1.35763,1.35773,2.25,2.25
2011.09.28 03:13:56.884,1.35763,1.35773,1.50,2.25
2011.09.28 03:13:57.485,1.35763,1.35773,2.25,2.25
2011.09.28 03:13:58.836,1.35763,1.35772,1.50,1.88
2011.09.28 03:13:59.186,1.35762,1.3577,1.88,1.50
2011.09.28 03:13:59.765,1.35762,1.35771,1.13,3.00
2011.09.28 03:14:00.007,1.35762,1.35772,1.88,1.88
2011.09.28 03:14:00.628,1.35763,1.35771,1.88,1.50
2011.09.28 03:14:00.988,1.35765,1.35775,1.13,3.60
2011.09.28 03:14:01.108,1.35767,1.35776,1.50,1.50
2011.09.28 03:14:01.751,1.35767,1.35777,1.88,1.88
2011.09.28 03:14:02.796,1.35767,1.35777,2.63,1.88
2011.09.28 03:14:03.397,1.35766,1.35776,2.63,1.88
2011.09.28 03:14:07.705,1.35767,1.35776,1.13,2.25
2011.09.28 03:14:08.296,1.35765,1.35775,2.63,1.88
2011.09.28 03:14:08.656,1.35765,1.35774,2.63,2.25
2011.09.28 03:14:09.551,1.35765,1.35775,3.38,2.85
2011.09.28 03:14:10.434,1.35765,1.35774,2.63,2.25
2011.09.28 03:14:11.115,1.35765,1.35774,1.88,2.25
2011.09.28 03:14:11.361,1.35762,1.35771,1.50,1.13
2011.09.28 03:14:12.024,1.35757,1.35766,1.50,1.13
2011.09.28 03:14:25.893,1.35756,1.35766,2.63,1.88
2011.09.28 03:14:36.753,1.35757,1.35767,2.63,1.88
2011.09.28 03:14:38.074,1.35757,1.35766,1.50,1.50
2011.09.28 03:14:54.175,1.35755,1.35764,2.25,1.50
2011.09.28 03:14:54.542,1.35749,1.35757,2.25,3.75
2011.09.28 03:14:54.673,1.35744,1.35749,1.50,1.13
2011.09.28 03:14:54.919,1.35742,1.35749,2.25,1.13
2011.09.28 03:14:55.527,1.35739,1.35748,2.25,3.00
2011.09.28 03:14:55.667,1.35736,1.35746,1.50,4.50
2011.09.28 03:14:55.793,1.35738,1.35746,1.50,2.25
2011.09.28 03:14:56.159,1.35739,1.35749,2.63,2.25
2011.09.28 03:14:56.892,1.35739,1.35749,1.88,2.25
2011.09.28 03:14:57.486,1.35739,1.35749,2.63,2.25
2011.09.28 03:14:59.152,1.35739,1.35749,1.88,3.75
2011.09.28 03:15:00.566,1.35739,1.35749,2.63,1.50
2011.09.28 03:15:02.634,1.35739,1.35749,1.88,1.50
2011.09.28 03:15:03.216,1.35739,1.35749,2.63,1.50
2011.09.28 03:15:03.556,1.35739,1.35749,1.88,3.75
2011.09.28 03:15:04.695,1.35739,1.35749,2.63,2.25
2011.09.28 03:15:08.694,1.35739,1.35749,2.63,1.13
2011.09.28 03:15:09.058,1.35742,1.35753,2.25,1.88
2011.09.28 03:15:09.295,1.35741,1.35751,1.50,1.50
2011.09.28 03:15:10.204,1.35741,1.35752,2.25,1.50
2011.09.28 03:15:12.616,1.35741,1.35751,1.50,3.00
2011.09.28 03:15:22.972,1.35741,1.35751,1.50,1.50
2011.09.28 03:15:23.336,1.35743,1.35752,2.25,1.88
2011.09.28 03:15:24.176,1.35741,1.35752,2.25,3.38
2011.09.28 03:15:24.746,1.35741,1.35752,1.50,3.38
2011.09.28 03:15:25.344,1.3574,1.3575,1.50,3.00
2011.09.28 03:15:29.446,1.3574,1.3575,2.25,1.50
2011.09.28 03:15:30.110,1.35741,1.35752,2.25,2.63
2011.09.28 03:15:30.685,1.35741,1.35752,1.50,2.63
2011.09.28 03:15:32.834,1.35741,1.35752,2.25,2.63
2011.09.28 03:15:34.666,1.35741,1.35751,1.50,3.00
2011.09.28 03:15:35.015,1.35743,1.35753,2.25,1.88
2011.09.28 03:15:35.729,1.35744,1.35754,3.00,1.50
2011.09.28 03:15:37.206,1.35743,1.35753,2.25,1.50
2011.09.28 03:15:37.327,1.35743,1.35753,1.50,1.50
2011.09.28 03:15:37.981,1.35741,1.3575,2.25,1.50
2011.09.28 03:15:38.227,1.3574,1.35749,1.50,1.13
2011.09.28 03:15:39.237,1.3574,1.3575,2.25,2.25
2011.09.28 03:15:39.356,1.35741,1.3575,1.50,1.50
2011.09.28 03:15:39.596,1.35741,1.35751,1.88,1.13
2011.09.28 03:15:40.437,1.35742,1.35752,1.88,2.63
2011.09.28 03:15:40.907,1.35741,1.3575,1.50,1.13
2011.09.28 03:15:41.495,1.3574,1.3575,1.88,1.88
2011.09.28 03:15:42.745,1.35744,1.3575,1.13,1.50
2011.09.28 03:15:43.290,1.35748,1.35757,2.25,1.88
2011.09.28 03:15:44.596,1.3575,1.35759,3.23,1.50
2011.09.28 03:15:44.842,1.35753,1.35761,1.88,1.05
2011.09.28 03:15:44.967,1.35753,1.35761,3.38,1.05
2011.09.28 03:15:45.087,1.35757,1.35765,1.13,1.50
2011.09.28 03:15:45.567,1.35757,1.35766,1.88,1.50
2011.09.28 03:15:46.044,1.35758,1.35767,2.25,1.13
2011.09.28 03:15:46.515,1.35757,1.35767,1.88,1.88
2011.09.28 03:15:52.324,1.35759,1.35768,1.13,1.50
2011.09.28 03:15:52.926,1.35759,1.35768,3.38,1.50
2011.09.28 03:15:53.443,1.35759,1.35769,3.38,4.13
2011.09.28 03:16:00.592,1.3576,1.35769,1.50,1.88
2011.09.28 03:16:02.204,1.3576,1.35769,1.50,1.88
2011.09.28 03:16:08.223,1.35761,1.35769,1.50,1.50
2011.09.28 03:16:08.456,1.35763,1.3577,1.50,1.88
2011.09.28 03:16:08.703,1.35763,1.35773,3.75,2.25
2011.09.28 03:16:09.537,1.35765,1.35775,1.13,2.63
2011.09.28 03:16:09.896,1.35766,1.35775,1.88,1.50
2011.09.28 03:16:10.494,1.35766,1.35776,2.63,1.13
2011.09.28 03:16:11.189,1.35767,1.35776,2.25,1.13
2011.09.28 03:16:12.544,1.35767,1.35777,2.63,1.88
2011.09.28 03:16:16.935,1.35767,1.35776,2.25,1.13
2011.09.28 03:16:17.524,1.35766,1.35776,1.13,1.13
2011.09.28 03:16:27.331,1.35765,1.35774,2.25,1.50
2011.09.28 03:16:27.463,1.35763,1.35773,1.88,1.13
2011.09.28 03:16:27.595,1.35763,1.35771,1.13,1.13
2011.09.28 03:16:27.841,1.35757,1.35768,1.50,1.50
2011.09.28 03:16:28.372,1.35759,1.35769,1.88,2.63
2011.09.28 03:16:28.615,1.35759,1.35769,4.13,1.88
2011.09.28 03:16:30.137,1.35761,1.35771,1.50,2.25
2011.09.28 03:16:35.995,1.35761,1.35771,3.00,1.50
2011.09.28 03:16:38.506,1.35761,1.35771,2.63,1.50
2011.09.28 03:16:39.444,1.35761,1.35771,1.50,2.25
2011.09.28 03:16:40.366,1.3576,1.3577,2.25,2.25
2011.09.28 03:16:40.951,1.3576,1.35769,1.50,1.13
2011.09.28 03:16:45.623,1.3576,1.3577,2.63,2.63
2011.09.28 03:16:48.083,1.3576,1.3577,1.88,4.13
2011.09.28 03:16:50.865,1.3576,1.3577,2.63,2.63
2011.09.28 03:16:51.994,1.3576,1.3577,1.88,4.13
2011.09.28 03:16:54.363,1.3576,1.3577,2.63,2.63
2011.09.28 03:16:55.504,1.3576,1.3577,2.63,1.88
2011.09.28 03:16:55.869,1.35764,1.35774,1.13,2.63
2011.09.28 03:16:56.465,1.35764,1.35774,1.88,2.63
2011.09.28 03:17:00.734,1.35764,1.35774,1.88,2.67
2011.09.28 03:17:03.297,1.35764,1.35774,2.25,4.54
2011.09.28 03:17:04.856,1.35764,1.35773,1.50,3.04
2011.09.28 03:17:12.164,1.35762,1.35772,2.25,1.54
2011.09.28 03:17:12.732,1.35762,1.35772,2.25,3.04
2011.09.28 03:17:12.855,1.35762,1.35771,1.50,1.88
2011.09.28 03:17:14.165,1.35762,1.35771,1.50,1.17
2011.09.28 03:17:17.608,1.35761,1.3577,1.13,1.88
2011.09.28 03:17:18.271,1.35761,1.3577,1.13,1.88
2011.09.28 03:17:22.017,1.3576,1.35769,1.50,1.50
2011.09.28 03:17:22.825,1.35759,1.35769,1.88,2.25
2011.09.28 03:17:24.116,1.35759,1.35768,1.50,1.50
2011.09.28 03:17:26.769,1.3576,1.35769,1.50,1.17
2011.09.28 03:17:32.742,1.35759,1.35768,1.50,1.50
2011.09.28 03:17:32.871,1.35758,1.35767,1.50,1.50
2011.09.28 03:17:32.999,1.35753,1.35764,3.00,1.50
2011.09.28 03:17:33.130,1.35755,1.35765,3.00,2.25
2011.09.28 03:17:33.499,1.35757,1.35767,3.00,2.48
2011.09.28 03:17:33.869,1.35755,1.35765,2.25,1.50
2011.09.28 03:17:34.465,1.35755,1.35765,1.50,1.50
2011.09.28 03:17:35.550,1.35747,1.35761,2.63,1.50
2011.09.28 03:17:35.689,1.35746,1.35752,4.58,2.25
2011.09.28 03:17:36.210,1.35745,1.35752,1.13,2.25
2011.09.28 03:17:37.776,1.35747,1.35755,1.13,1.05
2011.09.28 03:17:38.136,1.35747,1.35756,1.13,1.50
2011.09.28 03:17:40.217,1.35747,1.35757,1.88,5.63
2011.09.28 03:17:41.056,1.35748,1.35753,2.10,2.44
2011.09.28 03:17:41.659,1.35746,1.35752,2.33,1.50
2011.09.28 03:17:41.794,1.35744,1.35752,3.75,1.80
2011.09.28 03:17:42.158,1.35743,1.3575,3.00,1.13
2011.09.28 03:17:42.861,1.35738,1.35744,1.50,1.05
2011.09.28 03:17:42.992,1.35738,1.35746,1.50,1.80
2011.09.28 03:17:43.121,1.3574,1.35746,1.13,1.50
2011.09.28 03:17:43.367,1.3574,1.3575,1.88,3.60
2011.09.28 03:17:43.485,1.35741,1.3575,3.00,1.35
2011.09.28 03:17:43.846,1.3574,1.3575,1.88,3.60
2011.09.28 03:17:44.325,1.3574,1.3575,2.63,1.88
2011.09.28 03:17:44.448,1.35741,1.3575,3.00,1.50
2011.09.28 03:17:45.047,1.3574,1.3575,1.50,1.50
2011.09.28 03:17:46.885,1.3574,1.3575,1.50,1.13
2011.09.28 03:17:47.711,1.35739,1.3575,4.50,1.13
2011.09.28 03:17:56.292,1.35741,1.35749,2.25,1.13
2011.09.28 03:17:59.600,1.3574,1.35749,1.50,1.13
2011.09.28 03:18:00.493,1.35742,1.35749,2.25,1.13
2011.09.28 03:18:04.084,1.3574,1.3575,1.50,1.50
2011.09.28 03:18:05.826,1.3574,1.3575,1.50,1.13
2011.09.28 03:18:06.056,1.35741,1.3575,2.25,1.88
2011.09.28 03:18:07.003,1.3574,1.3575,1.50,2.63
2011.09.28 03:18:09.803,1.35739,1.35749,1.50,3.75
2011.09.28 03:18:10.598,1.3574,1.35749,2.25,3.00
2011.09.28 03:18:11.416,1.35739,1.35748,1.50,1.13
2011.09.28 03:18:12.337,1.3574,1.35749,2.25,3.00
2011.09.28 03:18:12.820,1.35735,1.35742,5.07,2.25
2011.09.28 03:18:12.950,1.35736,1.35742,1.50,2.25
2011.09.28 03:18:13.201,1.35732,1.3574,3.00,5.25
2011.09.28 03:18:14.846,1.35731,1.35739,1.50,2.63
2011.09.28 03:18:15.594,1.35732,1.35741,3.38,2.25
2011.09.28 03:18:15.838,1.35732,1.35741,1.13,2.25
2011.09.28 03:18:16.086,1.35727,1.35734,3.76,2.25
2011.09.28 03:18:16.210,1.35725,1.35731,2.25,1.50
2011.09.28 03:18:16.462,1.35721,1.35728,2.25,2.25
2011.09.28 03:18:16.590,1.3572,1.35728,2.25,2.25
2011.09.28 03:18:17.438,1.35721,1.35729,3.00,1.13
2011.09.28 03:18:17.799,1.35723,1.3573,3.38,1.50
2011.09.28 03:18:18.314,1.35725,1.35733,1.13,2.55
2011.09.28 03:18:18.452,1.3573,1.35737,2.25,1.50
2011.09.28 03:18:18.576,1.35728,1.35737,3.38,1.50
2011.09.28 03:18:19.417,1.35728,1.35738,3.38,1.50
2011.09.28 03:18:19.539,1.35729,1.35736,1.69,1.50
2011.09.28 03:18:19.674,1.35728,1.35734,4.58,1.50
2011.09.28 03:18:19.803,1.35726,1.35733,1.50,1.50
2011.09.28 03:18:26.161,1.35725,1.35732,2.10,1.05
2011.09.28 03:18:26.287,1.35718,1.35725,2.48,1.05
2011.09.28 03:18:27.033,1.35721,1.3573,1.50,2.63
2011.09.28 03:18:27.172,1.35723,1.35732,3.00,1.50
2011.09.28 03:18:27.296,1.35725,1.35735,1.13,1.88
2011.09.28 03:18:28.129,1.35723,1.35733,4.13,1.88
2011.09.28 03:18:28.260,1.35723,1.35731,1.88,1.50
2011.09.28 03:18:28.629,1.3572,1.35727,1.50,2.25
2011.09.28 03:18:28.761,1.35719,1.35727,1.73,3.00
2011.09.28 03:18:30.084,1.35719,1.35728,1.13,1.88
2011.09.28 03:18:30.205,1.35719,1.35728,2.25,1.88
2011.09.28 03:18:30.786,1.35719,1.35728,2.25,1.13
2011.09.28 03:18:31.517,1.35718,1.35728,2.10,1.88
2011.09.28 03:18:31.973,1.35718,1.35728,2.10,2.63
2011.09.28 03:18:32.335,1.35714,1.35721,2.25,1.50
2011.09.28 03:18:36.640,1.35719,1.35728,1.13,2.25
2011.09.28 03:18:36.887,1.35719,1.35729,2.63,1.88
2011.09.28 03:18:37.476,1.35719,1.35729,2.63,1.88
2011.09.28 03:18:38.284,1.35719,1.35728,2.63,2.25
2011.09.28 03:18:38.528,1.35719,1.35726,1.50,1.13
2011.09.28 03:18:40.393,1.35719,1.35726,1.50,2.63
2011.09.28 03:18:40.820,1.35719,1.35728,1.50,3.00
2011.09.28 03:18:44.214,1.35719,1.35729,2.63,1.88
2011.09.28 03:18:44.455,1.35719,1.35729,2.63,1.88
2011.09.28 03:18:45.035,1.35721,1.35729,1.50,1.88
2011.09.28 03:18:46.059,1.3572,1.35729,1.50,1.88
2011.09.28 03:18:47.906,1.35721,1.35729,1.50,1.13
2011.09.28 03:18:48.485,1.35721,1.35729,1.50,1.13
2011.09.28 03:18:54.852,1.35717,1.35727,1.73,1.50
2011.09.28 03:18:55.092,1.35704,1.35737,5.25,3.94
2011.09.28 03:18:55.223,1.35706,1.35733,1.13,2.25
2011.09.28 03:18:55.741,1.35703,1.35733,2.25,2.18
2011.09.28 03:18:55.884,1.35703,1.35731,1.50,3.00
2011.09.28 03:18:56.604,1.35712,1.3572,1.50,3.00
2011.09.28 03:18:57.091,1.35712,1.35718,2.25,1.80
2011.09.28 03:18:57.462,1.35711,1.35718,1.88,1.28
2011.09.28 03:18:57.587,1.35709,1.35718,1.88,1.13
2011.09.28 03:18:57.711,1.35708,1.35717,3.75,1.80
2011.09.28 03:18:57.843,1.35707,1.35715,2.25,1.28
2011.09.28 03:18:58.423,1.35706,1.35715,1.13,2.25
2011.09.28 03:18:59.597,1.35704,1.35714,3.75,1.50
2011.09.28 03:18:59.948,1.35704,1.35712,1.88,1.88
2011.09.28 03:19:00.546,1.35703,1.35711,1.88,1.88
2011.09.28 03:19:01.147,1.35702,1.3571,1.50,2.63
2011.09.28 03:19:02.665,1.35702,1.35708,1.88,3.75
2011.09.28 03:19:03.032,1.357,1.35708,1.50,3.30
2011.09.28 03:19:03.157,1.35698,1.35707,1.50,1.50
2011.09.28 03:19:03.778,1.35698,1.35706,1.50,1.13
2011.09.28 03:19:04.136,1.35697,1.35704,1.13,1.50
2011.09.28 03:19:04.259,1.35694,1.35704,2.25,1.50
2011.09.28 03:19:04.629,1.35694,1.35703,1.50,2.63
2011.09.28 03:19:04.764,1.35691,1.35704,12.98,1.50
2011.09.28 03:19:04.891,1.35691,1.35702,5.63,1.50
2011.09.28 03:19:05.026,1.35694,1.35698,1.50,1.50
2011.09.28 03:19:05.154,1.35691,1.35699,2.25,3.83
2011.09.28 03:19:05.521,1.35688,1.357,3.75,1.50
2011.09.28 03:19:06.157,1.35685,1.35701,3.23,2.25
2011.09.28 03:19:06.517,1.35687,1.35697,1.50,1.13
2011.09.28 03:19:06.876,1.35683,1.35699,1.88,3.98
2011.09.28 03:19:07.002,1.35684,1.35696,2.63,1.13
2011.09.28 03:19:07.134,1.35684,1.35694,1.13,1.80
2011.09.28 03:19:07.379,1.35682,1.35694,1.88,4.80
2011.09.28 03:19:07.513,1.35681,1.35692,2.25,1.50
2011.09.28 03:19:07.639,1.35679,1.35692,1.50,2.48
2011.09.28 03:19:08.436,1.35678,1.35691,1.50,1.13
2011.09.28 03:19:09.268,1.3568,1.35687,1.50,2.25
2011.09.28 03:19:09.512,1.35677,1.35687,3.00,2.25
2011.09.28 03:19:11.116,1.35675,1.35686,2.25,2.25
2011.09.28 03:19:11.721,1.35674,1.35685,1.88,2.25
2011.09.28 03:19:12.326,1.35672,1.35684,2.63,2.63
2011.09.28 03:19:12.452,1.35671,1.35682,1.88,1.13
2011.09.28 03:19:12.939,1.35669,1.35681,5.25,1.50
2011.09.28 03:19:13.554,1.35669,1.35679,1.50,1.13
2011.09.28 03:19:13.684,1.35669,1.35676,1.50,1.50
2011.09.28 03:19:14.216,1.35665,1.35678,1.88,2.25
2011.09.28 03:19:14.579,1.35666,1.35675,1.50,1.50
2011.09.28 03:19:14.953,1.35665,1.35673,1.50,1.50
2011.09.28 03:19:15.085,1.35664,1.35671,1.13,4.50
2011.09.28 03:19:15.326,1.35661,1.35671,1.88,1.13
2011.09.28 03:19:15.687,1.3566,1.3567,2.25,2.51
2011.09.28 03:19:16.049,1.35658,1.35671,1.88,2.25
2011.09.28 03:19:16.566,1.35657,1.35669,1.50,1.50
2011.09.28 03:19:16.942,1.35657,1.35668,3.00,1.50
2011.09.28 03:19:17.073,1.35657,1.35666,1.13,2.25
2011.09.28 03:19:17.201,1.35655,1.35666,3.00,2.25
2011.09.28 03:19:17.329,1.35655,1.35664,2.07,1.13
2011.09.28 03:19:17.699,1.35655,1.35662,2.48,3.00
2011.09.28 03:19:18.067,1.35652,1.35663,2.25,3.00
2011.09.28 03:19:18.189,1.35651,1.35661,2.25,1.50
2011.09.28 03:19:18.307,1.35649,1.35661,1.88,1.50
2011.09.28 03:19:19.278,1.35647,1.3566,1.50,2.89
2011.09.28 03:19:19.417,1.35647,1.35657,1.88,2.25
2011.09.28 03:19:19.544,1.35646,1.35656,1.88,1.13
2011.09.28 03:19:20.390,1.35645,1.35654,1.13,1.13
2011.09.28 03:19:21.002,1.35645,1.35652,1.50,1.88
2011.09.28 03:19:21.130,1.35642,1.35652,1.50,2.51
2011.09.28 03:19:21.381,1.35641,1.35651,1.50,2.25
2011.09.28 03:19:21.510,1.3564,1.3565,1.13,1.13
2011.09.28 03:19:21.641,1.35638,1.35651,4.50,2.63
2011.09.28 03:19:22.229,1.35637,1.35649,1.50,2.25
2011.09.28 03:19:22.603,1.3563,1.35643,1.88,1.50
2011.09.28 03:19:22.967,1.3563,1.35644,2.25,2.25
2011.09.28 03:19:23.807,1.35636,1.35644,2.25,2.25
2011.09.28 03:19:23.934,1.35637,1.35646,1.50,2.63
2011.09.28 03:19:24.540,1.35639,1.35648,3.75,2.25
2011.09.28 03:19:24.909,1.35639,1.3565,3.38,1.50
2011.09.28 03:19:25.438,1.35641,1.3565,1.50,1.50
2011.09.28 03:19:25.569,1.35644,1.35653,3.00,2.25
2011.09.28 03:19:26.616,1.35644,1.35656,3.38,3.00
2011.09.28 03:19:26.862,1.35648,1.35657,1.13,2.25
2011.09.28 03:19:27.230,1.35653,1.35659,1.13,1.13
2011.09.28 03:19:29.121,1.3565,1.3566,3.38,2.63
2011.09.28 03:19:29.251,1.35652,1.3566,1.13,2.25
2011.09.28 03:19:29.380,1.35652,1.3566,1.13,2.25
2011.09.28 03:19:29.860,1.3565,1.3566,1.88,1.50
2011.09.28 03:19:30.122,1.3565,1.35658,1.50,2.25
2011.09.28 03:19:30.258,1.35648,1.35657,1.50,2.25
2011.09.28 03:19:30.617,1.35646,1.35657,1.50,1.13
2011.09.28 03:19:30.739,1.35645,1.35656,1.50,1.88
2011.09.28 03:19:31.211,1.35644,1.35655,1.88,1.50
2011.09.28 03:19:31.939,1.35642,1.35654,2.25,1.88
2011.09.28 03:19:32.427,1.35641,1.35652,2.25,2.89
2011.09.28 03:19:32.673,1.35639,1.35651,3.38,3.64
2011.09.28 03:19:33.037,1.35638,1.3565,2.63,2.14
2011.09.28 03:19:33.277,1.35637,1.35649,3.38,3.64
2011.09.28 03:19:33.755,1.35637,1.35648,1.88,2.51
2011.09.28 03:19:34.477,1.35637,1.35646,3.00,1.88
2011.09.28 03:19:35.156,1.35638,1.35644,2.25,2.51
2011.09.28 03:19:35.286,1.35635,1.35645,1.13,1.88
2011.09.28 03:19:35.411,1.35634,1.35644,1.88,3.75
2011.09.28 03:19:35.657,1.35633,1.35643,1.13,1.13
2011.09.28 03:19:35.902,1.35627,1.35637,1.50,1.88
2011.09.28 03:19:36.270,1.35629,1.35641,2.25,2.25
2011.09.28 03:19:36.397,1.35628,1.3564,1.50,1.88
2011.09.28 03:19:36.523,1.35627,1.35641,1.50,2.36
2011.09.28 03:19:36.888,1.35624,1.35641,2.25,3.64
2011.09.28 03:19:37.486,1.35624,1.35641,2.25,2.25
2011.09.28 03:19:38.191,1.3563,1.3564,1.50,1.50
2011.09.28 03:19:38.324,1.35631,1.35642,1.50,2.25
2011.09.28 03:19:38.446,1.35631,1.35642,2.25,1.50
2011.09.28 03:19:39.388,1.35631,1.35641,2.25,1.50
2011.09.28 03:19:41.395,1.35634,1.35642,1.50,2.25
2011.09.28 03:19:41.518,1.35634,1.35643,1.50,1.50
2011.09.28 03:19:41.639,1.35633,1.35643,1.50,1.50
2011.09.28 03:19:42.235,1.35631,1.35641,2.63,1.13
2011.09.28 03:19:43.337,1.35633,1.35642,1.80,2.25
2011.09.28 03:19:43.457,1.35633,1.35644,2.18,1.50
2011.09.28 03:19:44.079,1.35633,1.35643,1.80,2.25
2011.09.28 03:19:44.544,1.35634,1.35643,2.25,2.25
2011.09.28 03:19:45.265,1.35636,1.35646,1.13,2.14
2011.09.28 03:19:45.388,1.35635,1.35643,3.57,2.25
2011.09.28 03:19:45.987,1.3563,1.35641,1.50,1.88
2011.09.28 03:19:46.226,1.35629,1.35639,1.50,1.88
2011.09.28 03:19:46.346,1.35628,1.35639,2.25,3.38
2011.09.28 03:19:47.158,1.35628,1.35637,1.50,1.50
2011.09.28 03:19:47.755,1.35627,1.35638,1.50,1.13
2011.09.28 03:19:48.926,1.35629,1.35639,1.50,2.63
2011.09.28 03:19:49.275,1.3563,1.3564,1.50,3.00
2011.09.28 03:19:50.722,1.35629,1.35638,2.25,1.13
2011.09.28 03:19:51.083,1.35625,1.3564,4.13,1.50
2011.09.28 03:19:51.336,1.35627,1.35637,2.25,1.50
2011.09.28 03:19:51.463,1.35626,1.35636,1.13,1.13
2011.09.28 03:19:51.592,1.35626,1.35634,2.25,1.13
2011.09.28 03:19:51.960,1.35624,1.35634,3.00,1.50
2011.09.28 03:19:52.521,1.35623,1.35633,1.50,2.25
2011.09.28 03:19:53.126,1.35621,1.35633,1.50,3.00
2011.09.28 03:19:53.610,1.35621,1.35631,3.00,3.00
2011.09.28 03:19:53.742,1.35615,1.35625,1.50,1.50
2011.09.28 03:19:53.869,1.35616,1.35626,3.75,1.50
2011.09.28 03:19:54.358,1.35616,1.35626,1.88,1.88
2011.09.28 03:19:54.478,1.35616,1.35625,1.13,2.25
2011.09.28 03:19:55.316,1.35614,1.35624,1.13,1.13
2011.09.28 03:19:55.796,1.35614,1.35623,1.13,1.39
2011.09.28 03:19:56.156,1.35614,1.3562,1.13,1.13
2011.09.28 03:19:56.647,1.35614,1.35624,1.13,1.88
2011.09.28 03:19:57.455,1.35614,1.35624,1.13,1.13
2011.09.28 03:19:58.023,1.35614,1.35624,1.13,1.88
2011.09.28 03:19:58.984,1.35614,1.35624,1.13,1.13
2011.09.28 03:19:59.687,1.35612,1.3562,1.50,1.50
2011.09.28 03:19:59.812,1.3561,1.35619,3.00,1.50
2011.09.28 03:20:00.415,1.35609,1.35619,1.50,1.13
2011.09.28 03:20:01.475,1.35609,1.35619,1.50,1.88
2011.09.28 03:20:02.339,1.35609,1.35621,1.50,4.01
2011.09.28 03:20:02.467,1.35611,1.35621,1.50,1.39
2011.09.28 03:20:03.065,1.35611,1.35621,3.00,1.13
2011.09.28 03:20:04.116,1.35612,1.35622,1.88,3.00
2011.09.28 03:20:04.362,1.35607,1.35614,1.50,2.14
2011.09.28 03:20:04.611,1.35602,1.35608,1.50,1.13
2011.09.28 03:20:04.742,1.35601,1.35608,1.50,1.88
2011.09.28 03:20:04.991,1.35598,1.35603,1.28,1.50
2011.09.28 03:20:05.490,1.35603,1.3561,1.50,1.13
2011.09.28 03:20:05.735,1.35601,1.35611,2.25,3.30
2011.09.28 03:20:06.099,1.35604,1.35612,1.50,1.01
2011.09.28 03:20:06.231,1.35603,1.35614,2.25,3.75
2011.09.28 03:20:06.721,1.35603,1.35613,3.75,1.02
2011.09.28 03:20:06.846,1.35603,1.3561,3.00,2.14
2011.09.28 03:20:06.970,1.35601,1.3561,2.25,3.00
2011.09.28 03:20:07.098,1.35599,1.3561,1.88,1.05
2011.09.28 03:20:07.465,1.35598,1.35605,2.25,1.01
2011.09.28 03:20:08.021,1.35601,1.35609,3.00,1.13
2011.09.28 03:20:08.393,1.35604,1.35613,1.88,1.43
2011.09.28 03:20:08.517,1.35605,1.35615,1.50,2.74
2011.09.28 03:20:08.640,1.35606,1.35617,1.28,8.74
2011.09.28 03:20:09.014,1.35611,1.35617,1.05,1.01
2011.09.28 03:20:09.260,1.35611,1.35621,1.80,3.26
2011.09.28 03:20:09.394,1.35613,1.35621,1.43,1.76
2011.09.28 03:20:09.525,1.35616,1.35621,1.50,1.01
2011.09.28 03:20:09.770,1.35618,1.35627,1.50,1.13
2011.09.28 03:20:10.147,1.35615,1.3562,1.50,1.88
2011.09.28 03:20:10.391,1.35618,1.35628,1.88,2.63
2011.09.28 03:20:10.853,1.35618,1.35626,1.88,1.01
2011.09.28 03:20:11.467,1.35617,1.35626,3.75,1.01
2011.09.28 03:20:11.595,1.35617,1.35625,1.50,1.39
2011.09.28 03:20:11.718,1.35615,1.35624,1.13,1.50
2011.09.28 03:20:12.196,1.35613,1.3562,1.88,2.25
2011.09.28 03:20:13.625,1.35615,1.35623,1.13,1.69
2011.09.28 03:20:14.085,1.35614,1.35621,1.50,2.25
2011.09.28 03:20:14.776,1.35614,1.35621,1.50,2.25
2011.09.28 03:20:15.666,1.35612,1.35618,2.25,2.25
2011.09.28 03:20:15.911,1.35609,1.35616,1.50,1.50
2011.09.28 03:20:16.039,1.35613,1.3562,1.50,2.25
2011.09.28 03:20:16.636,1.35609,1.35617,1.50,2.25
2011.09.28 03:20:16.760,1.35609,1.35616,1.50,1.13
2011.09.28 03:20:17.381,1.35608,1.35616,1.50,1.43
2011.09.28 03:20:17.791,1.35608,1.35617,1.50,2.63
2011.09.28 03:20:18.039,1.35612,1.35621,3.00,3.26
2011.09.28 03:20:18.707,1.35614,1.35621,1.50,3.00
2011.09.28 03:20:18.830,1.35614,1.35622,2.25,1.50
2011.09.28 03:20:19.524,1.35614,1.35622,2.25,1.50
2011.09.28 03:20:20.104,1.35614,1.35622,2.25,1.13
2011.09.28 03:20:22.925,1.35614,1.35624,2.63,2.93
2011.09.28 03:20:23.287,1.35621,1.3563,1.50,1.76
2011.09.28 03:20:23.407,1.35622,1.3563,1.50,1.76
2011.09.28 03:20:23.842,1.35622,1.35629,1.50,2.25
2011.09.28 03:20:24.352,1.35621,1.3563,3.00,2.25
2011.09.28 03:20:24.596,1.35622,1.3563,1.13,2.25
2011.09.28 03:20:25.079,1.35622,1.3563,1.13,1.50
2011.09.28 03:20:25.328,1.35626,1.35636,1.13,3.45
2011.09.28 03:20:25.451,1.35626,1.35634,1.50,3.26
2011.09.28 03:20:25.698,1.35625,1.35632,1.50,1.13
2011.09.28 03:20:26.298,1.35622,1.3563,1.88,2.10
2011.09.28 03:20:26.655,1.35623,1.3563,2.25,2.48
2011.09.28 03:20:27.225,1.35621,1.3563,3.75,2.48
2011.09.28 03:20:27.748,1.35621,1.3563,3.00,2.85
2011.09.28 03:20:28.557,1.35622,1.35629,1.50,2.85
2011.09.28 03:20:29.269,1.35621,1.35629,1.50,4.35
2011.09.28 03:20:29.400,1.35623,1.35631,1.50,1.39
2011.09.28 03:20:29.529,1.35625,1.35633,1.50,1.35
2011.09.28 03:20:30.116,1.35623,1.35633,4.50,3.60
2011.09.28 03:20:30.358,1.35623,1.3563,1.50,2.10
2011.09.28 03:20:30.956,1.35624,1.35631,1.50,1.35
2011.09.28 03:20:35.866,1.35625,1.35633,1.13,1.65
2011.09.28 03:20:37.647,1.35624,1.35634,1.88,3.98
2011.09.28 03:20:37.885,1.35624,1.35633,1.88,2.10
2011.09.28 03:20:39.525,1.35624,1.35631,1.88,1.13
2011.09.28 03:20:39.767,1.35622,1.3563,1.88,1.88
2011.09.28 03:20:39.889,1.3562,1.35627,2.25,2.25
2011.09.28 03:20:40.140,1.35619,1.35626,2.25,1.50
2011.09.28 03:20:40.272,1.35615,1.35623,2.48,1.50
2011.09.28 03:20:40.400,1.35618,1.35628,2.63,1.88
2011.09.28 03:20:40.651,1.35617,1.35625,1.73,2.25
2011.09.28 03:20:40.778,1.35616,1.35626,3.23,3.00
2011.09.28 03:20:41.019,1.35616,1.35624,1.50,1.13
2011.09.28 03:20:41.833,1.35615,1.35625,2.25,1.50
2011.09.28 03:20:42.207,1.35615,1.35623,1.50,2.25
2011.09.28 03:20:42.965,1.35615,1.35624,1.50,1.13
2011.09.28 03:20:45.783,1.35615,1.35625,1.50,1.50
2011.09.28 03:20:46.827,1.35617,1.35626,2.25,2.25
2011.09.28 03:20:47.067,1.35619,1.35627,2.25,1.13
2011.09.28 03:20:47.658,1.35619,1.35627,1.50,1.88
2011.09.28 03:20:48.255,1.3562,1.35628,1.50,1.13
2011.09.28 03:20:49.315,1.3562,1.35628,1.50,1.13
2011.09.28 03:20:49.849,1.35624,1.35631,1.13,1.05
2011.09.28 03:20:50.103,1.35626,1.35635,1.50,1.39
2011.09.28 03:20:50.228,1.35629,1.35636,1.50,1.13
2011.09.28 03:20:50.467,1.35627,1.35635,2.25,1.50
2011.09.28 03:20:50.900,1.35625,1.35634,1.73,1.50
2011.09.28 03:20:51.497,1.35625,1.35633,1.50,1.13
2011.09.28 03:20:52.095,1.35625,1.35633,1.50,1.13
2011.09.28 03:20:53.094,1.35626,1.35634,2.25,2.25
2011.09.28 03:20:53.339,1.35625,1.35634,2.25,3.00
2011.09.28 03:20:55.028,1.35625,1.35635,2.25,3.75
2011.09.28 03:20:57.326,1.35625,1.35635,2.25,4.50
2011.09.28 03:20:57.996,1.35625,1.35635,2.25,3.75
2011.09.28 03:20:58.223,1.35626,1.35635,2.25,3.75
2011.09.28 03:20:58.684,1.35625,1.35635,1.50,3.38
2011.09.28 03:21:01.780,1.35626,1.35635,1.50,1.13
2011.09.28 03:21:02.374,1.35626,1.35635,1.50,1.50
2011.09.28 03:21:03.465,1.35625,1.35634,1.50,1.13
2011.09.28 03:21:04.535,1.35626,1.35635,1.50,1.50
2011.09.28 03:21:07.333,1.35625,1.35632,1.50,2.25
2011.09.28 03:21:10.055,1.35625,1.35634,1.50,1.13
2011.09.28 03:21:10.619,1.35625,1.35635,1.88,1.88
2011.09.28 03:21:11.223,1.35625,1.35635,1.13,2.63
2011.09.28 03:21:11.768,1.35624,1.35634,1.88,1.13
2011.09.28 03:21:12.346,1.35625,1.35635,1.50,2.25
2011.09.28 03:21:13.758,1.35625,1.35631,1.50,1.50
2011.09.28 03:21:13.886,1.35622,1.35632,12.72,1.50
2011.09.28 03:21:14.016,1.35623,1.35629,10.50,1.50
2011.09.28 03:21:14.141,1.3562,1.3563,1.50,1.13
2011.09.28 03:21:14.275,1.35618,1.3563,1.50,2.10
2011.09.28 03:21:14.401,1.35618,1.35628,1.88,1.76
2011.09.28 03:21:14.856,1.35616,1.35627,1.50,1.50
2011.09.28 03:21:14.988,1.35616,1.35625,2.25,1.13
2011.09.28 03:21:15.586,1.35615,1.35624,2.25,1.50
2011.09.28 03:21:15.705,1.35614,1.35624,1.50,1.13
2011.09.28 03:21:16.770,1.35612,1.35624,1.50,3.26
2011.09.28 03:21:16.909,1.35611,1.35623,1.50,1.50
2011.09.28 03:21:17.031,1.3561,1.35622,1.50,2.51
2011.09.28 03:21:17.168,1.35608,1.35622,1.50,4.50
2011.09.28 03:21:17.300,1.35609,1.35619,2.25,1.39
2011.09.28 03:21:17.554,1.35604,1.35613,2.25,1.01
2011.09.28 03:21:18.131,1.35606,1.35617,1.50,1.50
2011.09.28 03:21:19.220,1.35608,1.35615,1.50,1.50
2011.09.28 03:21:19.350,1.35609,1.35618,1.50,2.25
2011.09.28 03:21:19.485,1.35614,1.3562,1.50,1.50
2011.09.28 03:21:19.614,1.35617,1.35625,1.50,1.01
2011.09.28 03:21:19.856,1.35618,1.35627,1.13,1.76
2011.09.28 03:21:19.977,1.35618,1.35627,1.13,1.50
2011.09.28 03:21:20.217,1.35617,1.35626,1.50,2.25
2011.09.28 03:21:21.958,1.35615,1.35622,2.25,2.25
2011.09.28 03:21:22.078,1.35614,1.35624,1.50,3.00
2011.09.28 03:21:22.438,1.35612,1.35619,1.50,2.25
2011.09.28 03:21:22.677,1.3561,1.35619,3.00,2.25
2011.09.28 03:21:22.802,1.3561,1.35619,1.50,2.25
2011.09.28 03:21:23.169,1.3561,1.35618,2.25,1.13
2011.09.28 03:21:24.384,1.35608,1.35618,2.25,1.13
2011.09.28 03:21:24.630,1.35613,1.3562,2.25,1.50
2011.09.28 03:21:24.757,1.35607,1.35617,3.00,1.50
2011.09.28 03:21:25.936,1.35607,1.35616,2.25,1.13
2011.09.28 03:21:26.635,1.35607,1.35616,2.25,1.13
2011.09.28 03:21:27.809,1.35607,1.35614,2.25,1.50
2011.09.28 03:21:28.956,1.35605,1.35614,2.25,1.50
2011.09.28 03:21:31.525,1.35603,1.35613,1.50,1.50
2011.09.28 03:21:32.126,1.35604,1.35614,1.88,1.88
2011.09.28 03:21:32.836,1.35604,1.35614,1.88,1.13
2011.09.28 03:21:34.094,1.35605,1.35615,1.50,1.50
2011.09.28 03:21:36.646,1.35604,1.35614,2.63,1.88
2011.09.28 03:21:37.336,1.35604,1.35614,4.13,1.88
2011.09.28 03:21:38.466,1.35607,1.35615,2.25,1.13
2011.09.28 03:21:39.058,1.35603,1.35614,4.50,3.75
2011.09.28 03:21:39.189,1.35603,1.35609,3.75,1.50
2011.09.28 03:21:39.313,1.35602,1.3561,2.25,2.63
2011.09.28 03:21:39.440,1.35602,1.35612,2.25,1.50
2011.09.28 03:21:39.689,1.35602,1.35612,4.13,1.13
2011.09.28 03:21:40.046,1.35604,1.35612,2.25,1.13
2011.09.28 03:21:40.758,1.35602,1.35612,4.88,1.13
2011.09.28 03:21:41.267,1.35603,1.35613,2.63,1.13
2011.09.28 03:21:41.865,1.35602,1.35612,5.63,1.13
2011.09.28 03:21:42.236,1.35602,1.3561,4.88,1.13
2011.09.28 03:21:42.362,1.35602,1.35611,2.63,1.50
2011.09.28 03:21:42.956,1.35602,1.35611,1.88,1.50
2011.09.28 03:21:44.007,1.35602,1.3561,1.88,1.13
2011.09.28 03:21:44.606,1.35602,1.35609,1.50,1.13
2011.09.28 03:21:46.630,1.35604,1.35611,2.25,1.13
2011.09.28 03:21:47.001,1.35606,1.35612,2.25,1.13
2011.09.28 03:21:47.127,1.35606,1.35615,2.25,1.13
2011.09.28 03:21:47.675,1.35606,1.35614,2.25,3.00
2011.09.28 03:21:47.804,1.35604,1.35614,3.00,1.50
2011.09.28 03:21:48.035,1.35604,1.35614,1.50,2.25
2011.09.28 03:21:48.155,1.35605,1.35615,1.50,3.00
2011.09.28 03:21:48.399,1.35607,1.35617,1.13,1.13
2011.09.28 03:21:48.759,1.35606,1.35616,1.50,2.25
2011.09.28 03:21:49.336,1.35606,1.35616,2.25,1.50
2011.09.28 03:21:50.026,1.35605,1.35615,1.88,1.13
2011.09.28 03:21:50.724,1.35606,1.35615,2.25,1.13
2011.09.28 03:21:51.986,1.35608,1.35618,2.63,1.13
2011.09.28 03:21:53.446,1.3561,1.35618,2.25,1.13
2011.09.28 03:21:54.477,1.3561,1.35618,2.25,1.13
2011.09.28 03:21:55.078,1.3561,1.35618,2.25,1.13
2011.09.28 03:21:57.926,1.35609,1.35618,1.50,1.13
2011.09.28 03:22:01.045,1.35608,1.35617,1.13,1.50
2011.09.28 03:22:01.384,1.35608,1.35618,3.38,1.13
2011.09.28 03:22:04.647,1.35608,1.35618,1.88,1.88
2011.09.28 03:22:05.815,1.35608,1.35618,3.38,1.13
2011.09.28 03:22:06.635,1.35609,1.35619,1.50,1.50
2011.09.28 03:22:06.996,1.35612,1.3562,1.13,3.00
2011.09.28 03:22:07.118,1.35612,1.35622,1.88,3.75
2011.09.28 03:22:07.239,1.35612,1.35621,2.63,1.50
2011.09.28 03:22:07.719,1.35612,1.3562,1.13,1.13
2011.09.28 03:22:08.315,1.3561,1.3562,1.88,1.13
2011.09.28 03:22:08.823,1.3561,1.3562,1.50,1.50
2011.09.28 03:22:14.521,1.35618,1.35625,3.75,1.88
2011.09.28 03:22:14.892,1.35616,1.3562,1.50,1.13
2011.09.28 03:22:15.020,1.35615,1.3562,1.32,1.13
2011.09.28 03:22:15.150,1.35612,1.35619,1.50,1.50
2011.09.28 03:22:15.396,1.35608,1.35618,2.63,1.13
2011.09.28 03:22:15.995,1.3561,1.3562,1.13,1.88
2011.09.28 03:22:17.287,1.3561,1.35619,2.25,1.13
2011.09.28 03:22:18.466,1.3561,1.35618,2.25,1.50
2011.09.28 03:22:19.831,1.3561,1.35619,2.25,1.13
2011.09.28 03:22:20.315,1.35609,1.35619,1.88,1.88
2011.09.28 03:22:20.546,1.35609,1.35619,1.13,3.38
2011.09.28 03:22:21.519,1.35606,1.35613,1.88,2.25
2011.09.28 03:22:21.761,1.35606,1.35616,1.50,1.13
2011.09.28 03:22:21.898,1.35602,1.35614,3.00,3.00
2011.09.28 03:22:22.019,1.35602,1.35612,2.25,2.25
2011.09.28 03:22:22.377,1.35603,1.35613,1.88,1.13
2011.09.28 03:22:23.226,1.35604,1.35614,3.00,1.50
2011.09.28 03:22:23.715,1.3561,1.35618,2.25,1.39
2011.09.28 03:22:23.960,1.35612,1.35621,1.50,1.05
2011.09.28 03:22:24.089,1.35612,1.3562,1.50,2.25
2011.09.28 03:22:26.016,1.3561,1.35619,4.50,3.00
2011.09.28 03:22:28.208,1.3561,1.35619,3.00,2.25
2011.09.28 03:22:29.378,1.3561,1.3562,3.00,3.00
2011.09.28 03:22:30.075,1.35612,1.3562,2.25,1.50
2011.09.28 03:22:30.333,1.35612,1.35621,2.63,1.13
2011.09.28 03:22:32.216,1.35613,1.35622,1.50,1.50
2011.09.28 03:22:33.730,1.35611,1.35617,1.88,1.76
2011.09.28 03:22:34.101,1.3561,1.35615,1.50,1.50
2011.09.28 03:22:34.235,1.35606,1.35617,1.50,2.44
2011.09.28 03:22:34.360,1.35606,1.35615,3.00,1.80
2011.09.28 03:22:34.491,1.35605,1.35614,2.25,1.05
2011.09.28 03:22:34.857,1.35597,1.35608,2.25,1.50
2011.09.28 03:22:35.099,1.35595,1.35607,2.25,1.88
2011.09.28 03:22:35.531,1.3559,1.35599,2.25,1.50
2011.09.28 03:22:35.671,1.35585,1.35598,1.13,1.88
2011.09.28 03:22:37.117,1.35586,1.35596,1.50,1.50
2011.09.28 03:22:37.717,1.35588,1.35598,1.88,1.88
2011.09.28 03:22:37.964,1.35591,1.356,1.88,1.50
2011.09.28 03:22:38.089,1.35591,1.35601,3.38,1.13
2011.09.28 03:22:38.568,1.35593,1.35603,1.13,1.88
2011.09.28 03:22:39.166,1.35593,1.35603,1.13,1.88
2011.09.28 03:22:39.974,1.35593,1.35602,2.25,1.13
2011.09.28 03:22:40.566,1.35593,1.35602,2.25,1.13
2011.09.28 03:22:41.559,1.35591,1.35601,3.38,1.13
2011.09.28 03:22:41.679,1.35591,1.35601,2.63,1.13
2011.09.28 03:22:42.766,1.35591,1.35601,1.50,1.50
2011.09.28 03:22:43.129,1.3559,1.35602,2.25,2.63
2011.09.28 03:22:43.384,1.35599,1.35605,3.00,1.76
2011.09.28 03:22:43.629,1.35595,1.35606,1.88,1.50
2011.09.28 03:22:43.756,1.35589,1.35601,4.50,1.50
2011.09.28 03:22:43.881,1.35596,1.35602,1.50,1.13
2011.09.28 03:22:44.361,1.35592,1.35602,3.00,1.50
2011.09.28 03:22:44.505,1.35597,1.35607,2.25,2.25
2011.09.28 03:22:44.630,1.35596,1.35606,1.13,1.13
2011.09.28 03:22:44.757,1.35594,1.35604,1.88,1.13
2011.09.28 03:22:44.879,1.35596,1.35606,1.50,3.00
2011.09.28 03:22:44.997,1.35598,1.35607,1.50,1.88
2011.09.28 03:22:45.594,1.35599,1.35608,1.13,2.25
2011.09.28 03:22:46.171,1.35593,1.35601,1.50,1.13
2011.09.28 03:22:46.776,1.35595,1.35605,1.50,1.50
2011.09.28 03:22:46.898,1.35596,1.35606,1.13,1.13
2011.09.28 03:22:47.258,1.35595,1.35604,2.25,1.50
2011.09.28 03:22:47.824,1.35594,1.35604,1.35,1.88
2011.09.28 03:22:48.435,1.35594,1.35604,3.00,1.50
2011.09.28 03:22:50.471,1.3559,1.35603,2.25,1.50
2011.09.28 03:22:50.719,1.3559,1.35601,2.25,1.50
2011.09.28 03:22:50.840,1.35589,1.35599,2.37,2.25
2011.09.28 03:22:51.210,1.35587,1.35599,3.00,2.25
2011.09.28 03:22:51.796,1.35587,1.35596,1.50,2.25
2011.09.28 03:22:52.397,1.35585,1.35595,2.25,1.50
2011.09.28 03:22:52.641,1.35585,1.35594,1.88,2.25
2011.09.28 03:22:53.246,1.35583,1.35593,1.13,1.88
2011.09.28 03:22:53.487,1.35582,1.35591,2.25,1.13
2011.09.28 03:22:53.847,1.35579,1.35588,1.13,2.51
2011.09.28 03:22:54.210,1.35579,1.35588,3.75,1.76
2011.09.28 03:22:54.853,1.35579,1.35588,3.00,1.50
2011.09.28 03:22:55.344,1.35579,1.35586,1.25,1.50
2011.09.28 03:22:55.473,1.3558,1.35584,2.00,1.50
2011.09.28 03:22:55.604,1.35576,1.35586,1.73,2.25
2011.09.28 03:22:55.730,1.35576,1.35584,2.25,1.50
2011.09.28 03:22:55.861,1.35575,1.35583,1.13,1.50
2011.09.28 03:22:56.232,1.35574,1.35581,1.50,1.50
2011.09.28 03:22:56.365,1.35571,1.35582,2.48,1.35
2011.09.28 03:22:56.496,1.35571,1.3558,1.73,4.50
2011.09.28 03:22:56.623,1.35569,1.3558,1.88,3.75
2011.09.28 03:22:56.748,1.35569,1.35578,1.13,1.50
2011.09.28 03:22:57.206,1.35568,1.35578,1.50,2.85
2011.09.28 03:22:57.579,1.35566,1.35578,2.63,3.00
2011.09.28 03:22:58.187,1.3556,1.3557,1.50,2.85
2011.09.28 03:22:58.790,1.35558,1.3557,2.63,3.00
2011.09.28 03:22:59.395,1.35558,1.35569,2.25,1.73
2011.09.28 03:22:59.760,1.3556,1.3557,1.50,1.13
2011.09.28 03:23:00.010,1.35563,1.35573,1.50,1.50
2011.09.28 03:23:00.703,1.35563,1.35573,2.63,1.13
2011.09.28 03:23:01.310,1.35563,1.35573,1.88,1.88
2011.09.28 03:23:01.439,1.35563,1.35572,2.25,2.25
2011.09.28 03:23:02.036,1.35561,1.35571,3.00,1.13
2011.09.28 03:23:02.637,1.35564,1.35571,1.50,1.13
2011.09.28 03:23:02.999,1.35562,1.35572,2.25,2.85
2011.09.28 03:23:04.131,1.35562,1.35571,2.25,1.50
2011.09.28 03:23:04.620,1.35565,1.35573,1.13,1.05
2011.09.28 03:23:04.758,1.35565,1.35573,1.13,1.05
2011.09.28 03:23:04.883,1.35566,1.35573,2.25,1.05
2011.09.28 03:23:05.127,1.35569,1.35579,3.00,1.50
2011.09.28 03:23:05.250,1.35569,1.35579,1.88,1.88
2011.09.28 03:23:05.378,1.35567,1.35577,1.50,1.50
2011.09.28 03:23:05.981,1.35565,1.35575,2.25,1.13
2011.09.28 03:23:06.666,1.35563,1.35571,2.25,1.50
2011.09.28 03:23:07.495,1.35562,1.35572,3.75,3.00
2011.09.28 03:23:09.727,1.35564,1.35573,1.50,1.05
2011.09.28 03:23:09.858,1.35565,1.35575,1.13,1.13
2011.09.28 03:23:10.576,1.35567,1.35577,1.50,1.50
2011.09.28 03:23:10.704,1.35568,1.35578,1.88,1.88
2011.09.28 03:23:10.947,1.35568,1.35578,1.13,3.38
2011.09.28 03:23:11.546,1.35568,1.35578,1.13,1.13
2011.09.28 03:23:11.912,1.35574,1.35582,1.13,2.78
2011.09.28 03:23:12.281,1.35572,1.35582,1.50,1.13
2011.09.28 03:23:12.767,1.35572,1.35583,2.25,4.73
2011.09.28 03:23:13.017,1.35569,1.35583,2.48,1.50
2011.09.28 03:23:13.142,1.35569,1.3558,1.50,1.80
2011.09.28 03:23:13.701,1.3557,1.35577,1.50,4.69
2011.09.28 03:23:13.830,1.35569,1.35576,1.13,1.13
2011.09.28 03:23:13.964,1.35563,1.35571,1.50,3.60
2011.09.28 03:23:14.215,1.35568,1.35572,1.50,4.01
2011.09.28 03:23:14.342,1.35572,1.35578,1.50,4.01
2011.09.28 03:23:14.478,1.35574,1.3558,1.50,2.36
2011.09.28 03:23:14.604,1.3557,1.3558,1.50,2.85
2011.09.28 03:23:14.849,1.35573,1.3558,1.13,2.85
2011.09.28 03:23:15.213,1.35573,1.35582,1.13,2.25
2011.09.28 03:23:15.338,1.35573,1.35583,1.88,1.73
2011.09.28 03:23:16.285,1.35573,1.35583,1.88,1.73
2011.09.28 03:23:16.647,1.35571,1.35584,3.00,2.85
2011.09.28 03:23:17.247,1.35576,1.35584,1.13,3.00
2011.09.28 03:23:17.825,1.35576,1.35583,1.13,1.35
2011.09.28 03:23:18.426,1.35574,1.35582,1.13,2.25
2011.09.28 03:23:18.790,1.35571,1.35579,1.88,1.50
2011.09.28 03:23:19.156,1.35571,1.35581,2.63,1.88
2011.09.28 03:23:19.803,1.35574,1.35581,1.50,1.13
2011.09.28 03:23:19.933,1.35575,1.35582,2.25,1.01
2011.09.28 03:23:20.178,1.35571,1.35582,1.50,3.38
2011.09.28 03:23:20.417,1.3557,1.35582,1.88,2.14
2011.09.28 03:23:20.895,1.3557,1.35582,1.88,2.14
2011.09.28 03:23:21.125,1.35573,1.35582,1.50,2.51
2011.09.28 03:23:21.714,1.35573,1.35583,1.50,3.60
2011.09.28 03:23:22.285,1.3557,1.35581,1.50,4.39
2011.09.28 03:23:22.868,1.3557,1.35581,2.25,1.50
2011.09.28 03:23:23.097,1.3557,1.35581,2.25,1.50
2011.09.28 03:23:23.686,1.3557,1.35581,2.25,1.50
2011.09.28 03:23:24.604,1.3557,1.35578,3.75,2.10
2011.09.28 03:23:24.852,1.35566,1.35574,2.25,1.13
2011.09.28 03:23:25.336,1.35564,1.35575,1.88,1.50
2011.09.28 03:23:26.538,1.35565,1.35576,1.50,2.85
2011.09.28 03:23:27.020,1.35565,1.35574,5.25,1.50
2011.09.28 03:23:27.148,1.35565,1.35574,4.50,1.50
2011.09.28 03:23:27.747,1.35564,1.35573,2.25,1.13
2011.09.28 03:23:29.367,1.35568,1.35573,1.88,2.25
2011.09.28 03:23:29.730,1.3557,1.35577,1.50,1.50
2011.09.28 03:23:30.574,1.35571,1.35579,1.13,1.13
2011.09.28 03:23:34.361,1.35572,1.3558,1.50,1.13
2011.09.28 03:23:36.220,1.35573,1.35583,1.88,2.48
2011.09.28 03:23:36.349,1.35575,1.35583,1.13,1.35
2011.09.28 03:23:36.946,1.35574,1.35584,2.25,2.85
2011.09.28 03:23:37.971,1.35576,1.35584,2.25,2.10
2011.09.28 03:23:42.723,1.35579,1.35585,2.25,1.50
2011.09.28 03:23:42.967,1.35579,1.35588,3.00,3.86
2011.09.28 03:23:43.092,1.35578,1.35586,1.50,1.50
2011.09.28 03:23:43.824,1.35575,1.35585,1.13,1.13
2011.09.28 03:23:46.257,1.35574,1.35583,3.00,1.35
2011.09.28 03:23:47.219,1.35576,1.35583,3.00,1.35
2011.09.28 03:23:47.633,1.3558,1.3559,2.63,5.81
2011.09.28 03:23:47.770,1.35582,1.35592,3.38,1.73
2011.09.28 03:23:48.020,1.35582,1.3559,3.00,2.25
2011.09.28 03:23:48.385,1.3558,1.35588,3.75,1.13
2011.09.28 03:23:48.627,1.3558,1.35588,2.25,1.13
2011.09.28 03:23:48.992,1.35579,1.35585,1.50,1.26
2011.09.28 03:23:49.364,1.35577,1.35584,2.00,2.25
2011.09.28 03:23:49.495,1.35575,1.35583,1.50,4.65
2011.09.28 03:23:49.622,1.35573,1.35583,1.50,4.50
2011.09.28 03:23:49.754,1.35572,1.35582,1.50,1.88
2011.09.28 03:23:50.363,1.35571,1.35581,3.23,1.88
2011.09.28 03:23:50.490,1.35573,1.35577,1.50,2.25
2011.09.28 03:23:50.628,1.35567,1.35573,1.50,2.44
2011.09.28 03:23:50.753,1.3557,1.35576,1.50,2.25
2011.09.28 03:23:50.879,1.3557,1.35578,2.25,1.43
2011.09.28 03:23:51.001,1.35572,1.35579,2.25,1.13
2011.09.28 03:23:52.315,1.35572,1.3558,2.25,1.13
2011.09.28 03:23:53.416,1.35572,1.35582,3.38,1.50
2011.09.28 03:23:53.659,1.35574,1.35582,2.25,1.50
2011.09.28 03:23:54.137,1.35573,1.35582,3.00,1.13
2011.09.28 03:23:55.666,1.35573,1.35582,1.50,1.13
2011.09.28 03:23:56.266,1.35572,1.35582,2.25,1.88
2011.09.28 03:23:56.846,1.35572,1.35582,4.13,1.50
2011.09.28 03:23:57.445,1.35574,1.35583,1.13,1.35
2011.09.28 03:23:59.189,1.35574,1.35583,1.13,1.35
2011.09.28 03:24:00.822,1.35576,1.35583,1.50,6.49
2011.09.28 03:24:01.072,1.35577,1.35585,3.79,1.50
2011.09.28 03:24:01.201,1.35578,1.35586,3.23,2.10
2011.09.28 03:24:01.334,1.3558,1.35588,1.50,2.85
2011.09.28 03:24:01.585,1.35579,1.35587,1.13,1.50
2011.09.28 03:24:02.785,1.35577,1.35586,1.13,1.50
2011.09.28 03:24:03.575,1.35585,1.35589,1.50,1.50
2011.09.28 03:24:04.029,1.35587,1.35596,3.00,1.35
2011.09.28 03:24:04.152,1.35588,1.35597,1.50,2.93
2011.09.28 03:24:04.749,1.3559,1.35597,1.13,1.50
2011.09.28 03:24:05.467,1.3559,1.35597,3.00,1.50
2011.09.28 03:24:05.706,1.35591,1.35603,1.50,2.18
2011.09.28 03:24:06.313,1.35592,1.35601,3.00,1.58
2011.09.28 03:24:06.441,1.35593,1.35602,1.50,1.76
2011.09.28 03:24:06.568,1.35595,1.35603,2.25,2.10
2011.09.28 03:24:07.052,1.35597,1.35607,1.50,3.68
2011.09.28 03:24:07.944,1.35596,1.35606,2.25,2.18
2011.09.28 03:24:08.924,1.35594,1.35604,3.00,1.13
2011.09.28 03:24:09.053,1.35593,1.35603,1.50,1.13
2011.09.28 03:24:09.181,1.35592,1.35603,1.88,1.13
2011.09.28 03:24:09.428,1.3559,1.35602,2.63,4.73
2011.09.28 03:24:09.674,1.3559,1.35603,2.25,1.43
2011.09.28 03:24:10.040,1.35591,1.35604,3.38,2.25
2011.09.28 03:24:10.413,1.35593,1.35601,2.25,2.10
2011.09.28 03:24:10.898,1.35591,1.35601,2.25,2.10
2011.09.28 03:24:11.022,1.35589,1.35599,1.13,1.13
2011.09.28 03:24:11.616,1.35588,1.35598,3.00,1.50
2011.09.28 03:24:12.306,1.35588,1.35598,4.50,1.50
2011.09.28 03:24:12.670,1.35589,1.35598,2.63,1.50
2011.09.28 03:24:13.039,1.35591,1.35599,1.50,2.96
2011.09.28 03:24:13.399,1.35589,1.35598,2.11,1.50
2011.09.28 03:24:13.769,1.35592,1.35598,2.63,1.13
2011.09.28 03:24:14.980,1.35592,1.356,2.63,3.60
2011.09.28 03:24:16.067,1.35592,1.356,1.88,1.50
2011.09.28 03:24:16.559,1.35594,1.35602,2.25,2.10
2011.09.28 03:24:16.680,1.35592,1.35601,2.63,1.73
2011.09.28 03:24:18.240,1.35598,1.35606,1.50,1.01
2011.09.28 03:24:18.491,1.35603,1.3561,1.13,3.41
2011.09.28 03:24:18.739,1.35604,1.35612,1.50,3.60
2011.09.28 03:24:19.101,1.35605,1.35614,1.50,2.25
2011.09.28 03:24:19.707,1.35606,1.35616,1.13,3.23
2011.09.28 03:24:20.273,1.35607,1.35616,1.50,2.48
2011.09.28 03:24:21.146,1.35607,1.35616,1.50,3.11
2011.09.28 03:24:21.744,1.35605,1.35615,1.13,1.39
2011.09.28 03:24:22.336,1.35605,1.35615,1.13,1.39
2011.09.28 03:24:22.935,1.35605,1.35615,1.13,1.39
2011.09.28 03:24:23.521,1.35605,1.35614,1.13,2.51
2011.09.28 03:24:24.009,1.35605,1.35614,1.13,2.51
2011.09.28 03:24:25.486,1.35606,1.35614,1.13,1.01
2011.09.28 03:24:25.624,1.35605,1.35614,2.44,3.00
2011.09.28 03:24:26.469,1.35605,1.35614,1.13,2.25
2011.09.28 03:24:26.586,1.35606,1.35616,1.50,2.25
2011.09.28 03:24:26.707,1.35606,1.35614,1.50,2.25
2011.09.28 03:24:27.186,1.35604,1.35613,2.25,2.25
2011.09.28 03:24:27.431,1.35601,1.35609,1.50,1.50
2011.09.28 03:24:27.797,1.35594,1.35605,2.25,1.50
2011.09.28 03:24:27.916,1.35594,1.35606,2.25,2.25
2011.09.28 03:24:28.663,1.35594,1.35606,2.25,3.00
2011.09.28 03:24:28.906,1.35596,1.35606,1.50,1.50
2011.09.28 03:24:32.875,1.3559,1.35605,1.50,2.25
2011.09.28 03:24:35.665,1.35593,1.35605,1.50,3.00
2011.09.28 03:24:36.557,1.35593,1.35604,1.50,1.50
2011.09.28 03:24:38.323,1.35593,1.35605,1.50,2.25
2011.09.28 03:24:38.567,1.35595,1.3561,1.88,3.00
2011.09.28 03:24:39.170,1.35598,1.35607,1.13,2.25
2011.09.28 03:24:39.655,1.35595,1.35605,1.13,2.25
2011.09.28 03:24:40.595,1.35595,1.35607,1.88,2.25
2011.09.28 03:24:42.413,1.35598,1.35608,1.50,1.50
2011.09.28 03:24:45.484,1.35596,1.35608,2.63,3.00
2011.09.28 03:24:46.577,1.35596,1.35608,2.63,2.25
2011.09.28 03:24:46.697,1.35598,1.35608,1.50,1.50
2011.09.28 03:24:47.619,1.35599,1.35609,1.50,1.13
2011.09.28 03:24:47.751,1.35602,1.35612,1.50,1.50
2011.09.28 03:24:49.736,1.35604,1.35613,2.25,2.25
2011.09.28 03:24:49.857,1.35604,1.35614,2.63,1.13
2011.09.28 03:24:50.097,1.35605,1.35615,3.38,1.13
2011.09.28 03:24:50.685,1.35605,1.35615,1.88,1.88
2011.09.28 03:24:50.928,1.35603,1.35613,1.88,2.63
2011.09.28 03:24:51.286,1.35605,1.35615,1.13,1.88
2011.09.28 03:24:52.228,1.35605,1.35615,1.88,1.13
2011.09.28 03:24:52.350,1.35608,1.35617,1.50,1.50
2011.09.28 03:24:52.955,1.35608,1.35618,2.25,1.50
2011.09.28 03:24:53.626,1.35608,1.35618,3.00,1.50
2011.09.28 03:24:56.059,1.35606,1.35618,1.88,1.50
2011.09.28 03:24:56.190,1.35605,1.35611,1.13,1.88
2011.09.28 03:24:56.327,1.35603,1.35609,1.50,2.25
2011.09.28 03:24:56.455,1.35599,1.35607,2.33,1.13
2011.09.28 03:24:56.581,1.35599,1.35604,1.50,1.05
2011.09.28 03:24:57.005,1.35599,1.35604,2.25,1.05
2011.09.28 03:24:57.135,1.35598,1.35608,1.13,1.88
2011.09.28 03:24:57.376,1.35598,1.35607,1.13,2.25
2011.09.28 03:24:58.219,1.35598,1.35607,1.13,2.25
2011.09.28 03:24:58.458,1.35598,1.35607,1.13,2.25
2011.09.28 03:24:58.808,1.35593,1.35603,1.88,1.13
2011.09.28 03:24:58.935,1.35592,1.35602,1.88,1.13
2011.09.28 03:24:59.183,1.35592,1.35601,1.13,1.50
2011.09.28 03:24:59.787,1.35592,1.35599,1.13,2.63
2011.09.28 03:25:00.390,1.35592,1.35599,1.13,2.63
2011.09.28 03:25:01.048,1.35592,1.35599,3.00,1.88
2011.09.28 03:25:01.634,1.35593,1.35599,1.50,1.13
2011.09.28 03:25:02.110,1.35596,1.35604,1.13,1.13
2011.09.28 03:25:02.358,1.35594,1.35604,3.75,3.26
2011.09.28 03:25:02.478,1.35592,1.35601,2.25,3.00
2011.09.28 03:25:02.599,1.35591,1.35601,1.50,3.00
2011.09.28 03:25:02.837,1.35593,1.35602,1.13,1.50
2011.09.28 03:25:03.539,1.35591,1.356,3.00,2.25
2011.09.28 03:25:06.536,1.35591,1.35598,1.88,2.25
2011.09.28 03:25:08.445,1.3559,1.35596,1.50,1.58
2011.09.28 03:25:08.694,1.35587,1.35597,1.88,3.00
2011.09.28 03:25:08.822,1.35586,1.35595,1.36,1.50
2011.09.28 03:25:09.427,1.35584,1.35594,2.25,1.13
2011.09.28 03:25:09.547,1.35583,1.35593,1.13,1.13
2011.09.28 03:25:10.301,1.35582,1.35592,1.13,1.13
2011.09.28 03:25:10.910,1.3558,1.35591,2.63,1.88
2011.09.28 03:25:11.516,1.35579,1.3559,1.13,2.63
2011.09.28 03:25:11.638,1.35578,1.35589,1.13,1.50
2011.09.28 03:25:11.999,1.35576,1.35588,1.13,3.00
2011.09.28 03:25:12.477,1.35571,1.35581,1.50,3.75
2011.09.28 03:25:12.595,1.35571,1.35581,1.50,3.75
2011.09.28 03:25:13.186,1.35571,1.35581,1.50,2.25
2011.09.28 03:25:14.735,1.35574,1.35583,1.50,1.39
2011.09.28 03:25:16.515,1.35576,1.35585,3.00,3.26
2011.09.28 03:25:17.038,1.35576,1.35586,3.00,2.14
2011.09.28 03:25:17.403,1.35578,1.35586,2.25,2.14
2011.09.28 03:25:17.530,1.35576,1.35586,3.00,1.88
2011.09.28 03:25:18.490,1.35575,1.35585,1.50,1.76
2011.09.28 03:25:20.813,1.35576,1.35585,3.00,2.51
2011.09.28 03:25:22.473,1.35576,1.35586,3.00,2.14
2011.09.28 03:25:23.745,1.35575,1.35584,2.25,2.25
2011.09.28 03:25:27.204,1.35575,1.35584,2.25,2.25
2011.09.28 03:25:27.766,1.35575,1.35583,1.50,1.50
2011.09.28 03:25:31.034,1.35575,1.35583,1.50,1.50
2011.09.28 03:25:32.046,1.35575,1.35583,1.50,1.50
2011.09.28 03:25:32.635,1.35575,1.35583,1.50,1.50
2011.09.28 03:25:33.558,1.35575,1.35583,1.50,1.50
2011.09.28 03:25:34.857,1.35575,1.35583,1.50,1.50
2011.09.28 03:25:35.805,1.35575,1.35583,1.50,1.50
2011.09.28 03:25:41.029,1.35575,1.35584,2.25,2.25
2011.09.28 03:25:42.309,1.35575,1.35585,2.25,1.76
2011.09.28 03:25:42.431,1.35576,1.35585,1.50,1.01
2011.09.28 03:25:46.017,1.35578,1.35586,1.50,2.25
2011.09.28 03:25:46.355,1.35577,1.35586,1.73,1.13
2011.09.28 03:25:46.994,1.35578,1.35586,1.50,1.50
2011.09.28 03:25:48.494,1.35577,1.35587,2.48,3.75
2011.09.28 03:25:48.838,1.35577,1.35584,1.73,3.00
2011.09.28 03:25:49.195,1.35575,1.35584,1.50,1.88
2011.09.28 03:25:49.808,1.35574,1.35583,1.50,1.13
2011.09.28 03:25:51.915,1.35573,1.35584,2.10,3.38
2011.09.28 03:25:52.515,1.35573,1.35584,2.48,2.25
2011.09.28 03:25:53.819,1.35575,1.35583,1.50,1.13
2011.09.28 03:25:54.780,1.35573,1.35581,2.25,1.50
2011.09.28 03:25:55.162,1.35572,1.3558,2.86,1.13
2011.09.28 03:25:56.027,1.35571,1.35579,1.50,2.25
2011.09.28 03:25:56.275,1.35565,1.35572,2.25,3.38
2011.09.28 03:25:57.000,1.35564,1.35572,1.50,2.25
2011.09.28 03:25:58.228,1.35564,1.35572,1.50,1.13
2011.09.28 03:25:58.937,1.35562,1.35572,3.60,1.88
2011.09.28 03:25:59.496,1.35562,1.35572,3.23,2.25
2011.09.28 03:26:00.517,1.35562,1.35572,3.23,3.75
2011.09.28 03:26:00.640,1.35562,1.3557,2.48,1.13
2011.09.28 03:26:01.127,1.35562,1.35571,2.48,1.50
2011.09.28 03:26:01.736,1.35564,1.35572,1.50,3.00
2011.09.28 03:26:02.966,1.35564,1.35572,1.50,1.50
2011.09.28 03:26:03.575,1.3556,1.35566,4.62,1.50
2011.09.28 03:26:03.711,1.35555,1.35565,1.32,1.13
2011.09.28 03:26:03.851,1.35556,1.35566,3.00,2.25
2011.09.28 03:26:04.103,1.35557,1.35564,1.50,3.60
2011.09.28 03:26:04.236,1.35556,1.35561,1.05,1.50
2011.09.28 03:26:04.364,1.3556,1.35566,2.25,5.51
2011.09.28 03:26:04.489,1.35557,1.35566,1.50,1.39
2011.09.28 03:26:04.847,1.35555,1.35564,1.13,1.50
2011.09.28 03:26:05.446,1.35555,1.35565,1.88,1.88
2011.09.28 03:26:06.486,1.35555,1.35565,1.88,1.88
2011.09.28 03:26:08.646,1.35556,1.35566,1.50,2.14
2011.09.28 03:26:09.246,1.35558,1.35567,1.50,1.13
2011.09.28 03:26:11.765,1.35558,1.35567,1.88,1.13
2011.09.28 03:26:12.116,1.35558,1.35567,2.25,1.13
2011.09.28 03:26:16.404,1.3556,1.35568,1.50,1.39
2011.09.28 03:26:16.885,1.35559,1.35568,1.73,1.13
2011.09.28 03:26:18.088,1.35559,1.35568,2.48,3.00
2011.09.28 03:26:18.566,1.35555,1.35567,2.18,3.38
2011.09.28 03:26:20.377,1.35557,1.35567,1.13,1.88
2011.09.28 03:26:21.206,1.35557,1.35567,2.93,1.88
2011.09.28 03:26:21.807,1.35556,1.35566,1.13,1.13
2011.09.28 03:26:25.259,1.35553,1.35562,1.80,1.13
2011.09.28 03:26:25.390,1.3556,1.35567,1.13,1.13
2011.09.28 03:26:25.519,1.35561,1.35568,1.13,1.13
2011.09.28 03:26:26.122,1.35562,1.35571,1.88,1.50
2011.09.28 03:26:26.726,1.35562,1.35572,1.13,1.88
2011.09.28 03:26:27.456,1.35562,1.3557,1.13,1.50
2011.09.28 03:26:27.704,1.35563,1.35572,1.13,1.50
2011.09.28 03:26:27.950,1.35563,1.35573,2.63,1.13
2011.09.28 03:26:28.547,1.35563,1.35573,3.38,1.13
2011.09.28 03:26:28.908,1.35565,1.35575,3.38,1.88
2011.09.28 03:26:29.499,1.35565,1.35575,3.38,1.88
2011.09.28 03:26:29.745,1.35566,1.35575,1.50,1.88
2011.09.28 03:26:30.114,1.35565,1.35574,2.25,1.88
2011.09.28 03:26:30.240,1.35563,1.35573,3.23,1.50
2011.09.28 03:26:30.372,1.35562,1.35572,1.35,1.13
2011.09.28 03:26:30.960,1.35562,1.35572,1.88,3.00
2011.09.28 03:26:31.547,1.35562,1.35571,1.13,1.50
2011.09.28 03:26:32.297,1.35562,1.35571,1.13,3.00
2011.09.28 03:26:34.325,1.35562,1.35571,1.88,2.25
2011.09.28 03:26:37.691,1.35563,1.35571,2.25,2.25
2011.09.28 03:26:40.064,1.35562,1.35571,1.88,2.25
2011.09.28 03:26:42.744,1.35562,1.35571,1.13,3.00
2011.09.28 03:26:45.626,1.35562,1.35571,1.13,1.13
2011.09.28 03:26:45.750,1.35564,1.35572,2.25,1.13
2011.09.28 03:26:46.356,1.35563,1.35573,1.50,1.50
2011.09.28 03:26:46.871,1.35562,1.35574,3.38,1.50
2011.09.28 03:26:47.105,1.35562,1.35574,1.88,2.25
2011.09.28 03:26:49.866,1.35562,1.35571,1.13,1.13
2011.09.28 03:26:50.455,1.35562,1.35572,1.88,3.75
2011.09.28 03:26:54.159,1.35562,1.35572,3.38,3.00
2011.09.28 03:26:56.057,1.35562,1.35572,4.50,1.13
2011.09.28 03:26:56.178,1.35564,1.35572,2.25,1.13
2011.09.28 03:26:57.251,1.35563,1.35572,1.50,1.13
2011.09.28 03:27:05.266,1.35562,1.35572,3.00,1.88
2011.09.28 03:27:15.855,1.35562,1.35572,4.50,1.13
2011.09.28 03:27:22.410,1.35564,1.35573,1.13,2.51
2011.09.28 03:27:23.694,1.35564,1.35573,1.13,2.51
2011.09.28 03:27:24.852,1.35564,1.35573,1.13,2.51
2011.09.28 03:27:25.534,1.35564,1.35573,1.13,2.51
2011.09.28 03:27:26.008,1.35566,1.35573,2.25,1.01
2011.09.28 03:27:26.128,1.35564,1.35573,1.13,1.76
2011.09.28 03:27:26.246,1.35565,1.35573,2.25,1.76
2011.09.28 03:27:26.485,1.35564,1.35573,1.88,1.01
2011.09.28 03:27:26.717,1.35565,1.35573,2.25,1.76
2011.09.28 03:27:26.836,1.35564,1.35573,1.13,1.76
2011.09.28 03:27:26.956,1.35565,1.35573,2.25,1.76
2011.09.28 03:27:27.075,1.35564,1.35573,1.13,1.76
2011.09.28 03:27:28.017,1.35564,1.35573,1.13,1.76
2011.09.28 03:27:28.138,1.35562,1.35573,2.63,2.14
2011.09.28 03:27:28.381,1.35562,1.35573,1.50,2.51
2011.09.28 03:27:47.778,1.35562,1.35572,3.00,2.63
2011.09.28 03:27:48.018,1.35563,1.35572,2.25,1.13
2011.09.28 03:27:48.594,1.35562,1.35572,3.00,1.13
2011.09.28 03:27:50.800,1.35563,1.35573,3.38,2.89
2011.09.28 03:27:51.168,1.35565,1.35573,3.00,2.51
2011.09.28 03:27:53.107,1.35567,1.35574,1.13,1.50
2011.09.28 03:27:53.586,1.35565,1.35574,1.13,1.50
2011.09.28 03:27:53.954,1.35564,1.35574,1.50,1.88
2011.09.28 03:27:55.565,1.35564,1.35574,2.25,3.26
2011.09.28 03:27:55.925,1.35564,1.35574,3.75,2.89
2011.09.28 03:27:59.087,1.35564,1.35573,3.00,1.76
2011.09.28 03:27:59.447,1.35563,1.35571,2.25,1.50
2011.09.28 03:28:00.045,1.35562,1.35571,1.50,2.63
2011.09.28 03:28:00.867,1.35563,1.35571,1.50,1.50
2011.09.28 03:28:01.229,1.35562,1.3557,1.50,2.14
2011.09.28 03:28:01.469,1.35559,1.35567,2.25,2.63
2011.09.28 03:28:01.591,1.35565,1.35571,2.25,1.01
2011.09.28 03:28:01.721,1.35565,1.35572,2.25,1.88
2011.09.28 03:28:01.851,1.35565,1.35572,1.50,3.00
2011.09.28 03:28:03.799,1.35562,1.35572,4.13,3.00
2011.09.28 03:28:03.921,1.35564,1.35573,2.25,1.50
2011.09.28 03:28:04.055,1.35568,1.35576,1.50,1.13
2011.09.28 03:28:04.423,1.35572,1.35581,3.75,1.80
2011.09.28 03:28:04.553,1.35576,1.35583,2.25,1.39
2011.09.28 03:28:04.681,1.35576,1.35583,2.25,1.39
2011.09.28 03:28:04.930,1.35574,1.35583,3.00,1.39
2011.09.28 03:28:05.648,1.35574,1.35584,1.50,1.88
2011.09.28 03:28:05.771,1.35574,1.35584,3.15,1.13
2011.09.28 03:28:06.279,1.35578,1.35588,1.13,1.13
2011.09.28 03:28:06.879,1.35577,1.35587,3.75,1.50
2011.09.28 03:28:07.477,1.35577,1.35586,4.50,2.25
2011.09.28 03:28:07.718,1.35577,1.35586,2.25,2.25
2011.09.28 03:28:07.840,1.35579,1.35589,1.13,1.88
2011.09.28 03:28:07.975,1.35581,1.35591,1.50,4.50
2011.09.28 03:28:08.336,1.35581,1.3559,2.25,1.50
2011.09.28 03:28:08.696,1.35581,1.3559,2.25,1.76
2011.09.28 03:28:09.051,1.35576,1.35581,2.55,2.44
2011.09.28 03:28:09.649,1.35573,1.35582,2.63,2.25
2011.09.28 03:28:09.778,1.3557,1.35583,2.25,2.25
2011.09.28 03:28:10.380,1.35566,1.35576,1.50,1.50
2011.09.28 03:28:12.512,1.35566,1.35577,1.50,1.50
2011.09.28 03:28:16.796,1.35568,1.35579,2.25,1.88
2011.09.28 03:28:17.488,1.35565,1.35577,2.25,1.50
2011.09.28 03:28:17.607,1.35564,1.35579,1.50,4.13
2011.09.28 03:28:18.320,1.35565,1.35578,1.50,1.13
2011.09.28 03:28:18.449,1.35565,1.35579,1.88,2.25
2011.09.28 03:28:18.568,1.35565,1.35579,1.88,2.25
2011.09.28 03:28:20.000,1.35567,1.35581,1.88,1.76
2011.09.28 03:28:20.515,1.35567,1.35581,1.88,1.39
2011.09.28 03:28:21.949,1.35572,1.35581,1.13,1.01
2011.09.28 03:28:22.075,1.35572,1.35582,1.88,1.13
2011.09.28 03:28:22.317,1.35574,1.35584,1.88,1.88
2011.09.28 03:28:22.917,1.35574,1.35584,1.13,1.88
2011.09.28 03:28:23.526,1.35573,1.35584,1.50,1.88
2011.09.28 03:28:24.238,1.35574,1.35584,1.50,3.00
2011.09.28 03:28:24.356,1.35574,1.35584,2.25,1.50
2011.09.28 03:28:25.288,1.35575,1.35585,1.88,2.14
2011.09.28 03:28:25.888,1.35576,1.35584,1.13,1.50
2011.09.28 03:28:26.476,1.35576,1.35585,1.13,1.76
2011.09.28 03:28:26.952,1.35575,1.35584,1.50,3.00
2011.09.28 03:28:27.323,1.35571,1.35578,1.50,1.13
2011.09.28 03:28:27.689,1.35565,1.35575,3.75,1.13
2011.09.28 03:28:28.981,1.35566,1.35576,1.13,1.13
2011.09.28 03:28:29.113,1.35567,1.35577,3.00,1.50
2011.09.28 03:28:29.840,1.3557,1.3558,2.63,1.88
2011.09.28 03:28:31.008,1.35571,1.35581,1.88,1.88
2011.09.28 03:28:31.249,1.35573,1.35583,1.50,1.80
2011.09.28 03:28:31.836,1.35573,1.35583,1.50,2.25
2011.09.28 03:28:34.020,1.35571,1.3558,3.00,1.88
2011.09.28 03:28:38.973,1.35572,1.3558,1.13,1.50
2011.09.28 03:28:42.052,1.35571,1.3558,2.25,1.50
2011.09.28 03:28:42.614,1.35571,1.35582,2.48,1.88
2011.09.28 03:28:43.654,1.35571,1.35582,2.25,2.63
2011.09.28 03:28:44.606,1.35572,1.35581,1.13,1.50
2011.09.28 03:28:45.515,1.35575,1.35584,1.35,1.05
2011.09.28 03:28:45.644,1.35575,1.35585,1.35,1.13
2011.09.28 03:28:45.772,1.35577,1.35587,1.50,1.50
2011.09.28 03:28:46.379,1.35577,1.35588,1.50,1.13
2011.09.28 03:28:47.040,1.35577,1.35588,1.73,1.13
2011.09.28 03:28:47.548,1.35579,1.3559,1.73,1.13
2011.09.28 03:28:48.135,1.3558,1.3559,1.50,1.73
2011.09.28 03:28:48.737,1.35578,1.3559,1.73,3.98
2011.09.28 03:28:49.098,1.35576,1.35588,2.48,3.00
2011.09.28 03:28:49.447,1.35576,1.35586,1.73,2.25
2011.09.28 03:28:49.808,1.35573,1.35583,1.13,3.23
2011.09.28 03:28:50.411,1.35572,1.35583,1.58,2.96
2011.09.28 03:28:50.655,1.35572,1.35582,1.50,1.50
2011.09.28 03:28:51.830,1.35572,1.35581,1.13,1.50
2011.09.28 03:28:52.067,1.35572,1.35581,3.00,1.76
2011.09.28 03:28:52.447,1.35574,1.35584,2.25,1.05
2011.09.28 03:28:53.046,1.35574,1.35586,2.25,4.35
2011.09.28 03:28:53.827,1.35576,1.35586,1.50,2.85
2011.09.28 03:28:54.308,1.35574,1.35586,2.63,5.10
2011.09.28 03:28:55.027,1.35574,1.35586,2.63,4.35
2011.09.28 03:28:57.946,1.3558,1.35587,1.50,1.13
2011.09.28 03:28:58.442,1.35576,1.35585,1.73,2.25
2011.09.28 03:28:58.573,1.35574,1.35585,1.50,3.00
2011.09.28 03:28:59.301,1.35573,1.35582,2.25,1.13
2011.09.28 03:28:59.435,1.35572,1.35581,1.13,3.38
2011.09.28 03:28:59.561,1.3557,1.35579,1.50,1.13
2011.09.28 03:28:59.931,1.35569,1.35575,1.29,1.88
2011.09.28 03:29:00.540,1.35565,1.35575,2.25,1.13
2011.09.28 03:29:01.507,1.35565,1.35575,1.50,1.13
2011.09.28 03:29:01.747,1.35565,1.35575,1.50,1.50
2011.09.28 03:29:06.884,1.35564,1.35572,1.50,1.13
2011.09.28 03:29:07.579,1.35564,1.35574,2.25,5.10
2011.09.28 03:29:09.240,1.35565,1.35574,2.25,5.10
2011.09.28 03:29:09.380,1.3557,1.3558,2.63,3.98
2011.09.28 03:29:09.966,1.3557,1.3558,1.88,3.23
2011.09.28 03:29:12.161,1.35571,1.3558,2.10,1.88
2011.09.28 03:29:12.536,1.35578,1.35584,1.50,2.06
2011.09.28 03:29:13.209,1.35578,1.35586,1.50,2.10
2011.09.28 03:29:13.341,1.35572,1.35582,2.63,2.36
2011.09.28 03:29:13.708,1.3557,1.35582,3.75,3.23
2011.09.28 03:29:13.956,1.35568,1.35578,1.50,1.50
2011.09.28 03:29:14.089,1.35565,1.35575,2.25,2.25
2011.09.28 03:29:14.328,1.35564,1.35574,2.25,2.10
2011.09.28 03:29:14.933,1.35562,1.35573,1.50,2.51
2011.09.28 03:29:21.008,1.35562,1.35572,1.88,3.75
2011.09.28 03:29:21.578,1.3556,1.35571,3.38,1.13
2011.09.28 03:29:26.227,1.35562,1.35572,1.50,2.63
2011.09.28 03:29:26.590,1.35562,1.35572,2.25,1.13
2011.09.28 03:29:27.320,1.35562,1.35572,2.25,1.50
2011.09.28 03:29:28.716,1.35562,1.35572,2.25,1.50
2011.09.28 03:29:31.232,1.35562,1.35572,2.63,1.13
2011.09.28 03:29:31.835,1.35562,1.35572,1.88,1.13
2011.09.28 03:29:34.325,1.35563,1.35573,3.00,1.50
2011.09.28 03:29:35.387,1.35566,1.35574,2.25,3.60
2011.09.28 03:29:35.752,1.35568,1.35575,2.25,2.85
2011.09.28 03:29:36.411,1.35568,1.35577,2.25,1.39
2011.09.28 03:29:36.658,1.35566,1.35578,3.38,3.49
2011.09.28 03:29:36.780,1.35566,1.35578,1.88,4.24
2011.09.28 03:29:38.201,1.35566,1.35578,1.13,4.24
2011.09.28 03:29:38.450,1.35566,1.35578,3.38,3.49
2011.09.28 03:29:39.046,1.35566,1.35578,2.63,3.49
2011.09.28 03:29:44.519,1.35565,1.35575,2.63,1.13
2011.09.28 03:29:44.986,1.35566,1.35576,2.63,1.13
2011.09.28 03:29:45.866,1.35565,1.35576,2.63,1.39
2011.09.28 03:29:46.339,1.35566,1.35576,2.63,1.13
2011.09.28 03:29:47.837,1.35566,1.35576,2.63,1.13
2011.09.28 03:29:51.707,1.35565,1.35575,1.88,1.13
2011.09.28 03:29:52.528,1.35565,1.35576,1.88,3.00
2011.09.28 03:29:56.398,1.35564,1.35572,2.25,1.13
2011.09.28 03:29:56.640,1.35562,1.3557,1.13,2.10
2011.09.28 03:29:57.160,1.35562,1.3557,1.13,2.10
2011.09.28 03:29:59.427,1.35561,1.3557,2.25,2.10
2011.09.28 03:30:00.021,1.35561,1.3557,2.25,2.10
2011.09.28 03:30:00.495,1.35557,1.35566,3.00,1.88
2011.09.28 03:30:00.628,1.35557,1.35565,2.25,1.88
2011.09.28 03:30:00.750,1.35555,1.35563,1.80,1.13
2011.09.28 03:30:00.995,1.35557,1.35565,1.13,2.85
2011.09.28 03:30:01.729,1.35555,1.35562,4.58,2.25
2011.09.28 03:30:01.972,1.35557,1.35563,1.13,2.51
2011.09.28 03:30:02.220,1.35557,1.35566,1.13,2.10
2011.09.28 03:30:02.816,1.35557,1.35566,3.38,1.35
2011.09.28 03:30:06.031,1.35557,1.35566,1.88,2.10
2011.09.28 03:30:06.268,1.35554,1.35564,1.28,3.11
2011.09.28 03:30:07.577,1.35553,1.35563,1.65,1.05
2011.09.28 03:30:08.178,1.35554,1.35563,1.58,2.55
2011.09.28 03:30:08.299,1.35556,1.35563,2.25,1.80
2011.09.28 03:30:08.665,1.35558,1.35566,1.13,2.14
2011.09.28 03:30:08.912,1.35558,1.35566,1.13,1.50
2011.09.28 03:30:09.520,1.35557,1.35566,1.13,1.13
2011.09.28 03:30:09.642,1.35556,1.35566,1.50,1.13
2011.09.28 03:30:09.768,1.35557,1.35567,3.00,3.38
2011.09.28 03:30:10.370,1.35557,1.35567,3.00,3.38
2011.09.28 03:30:13.523,1.35557,1.35565,3.00,1.73
2011.09.28 03:30:14.331,1.35557,1.35566,3.00,1.35
2011.09.28 03:30:14.457,1.35555,1.35562,1.13,1.43
2011.09.28 03:30:14.821,1.35551,1.35561,2.70,1.73
2011.09.28 03:30:15.062,1.35555,1.35561,1.28,1.73
2011.09.28 03:30:18.092,1.35552,1.35561,2.70,2.10
2011.09.28 03:30:18.687,1.35553,1.35561,1.65,1.13
2011.09.28 03:30:19.037,1.35552,1.35561,1.20,1.88
2011.09.28 03:30:19.608,1.35552,1.35561,1.13,1.88
2011.09.28 03:30:20.519,1.35553,1.35561,1.20,1.88
2011.09.28 03:30:23.777,1.35553,1.35562,2.03,2.40
2011.09.28 03:30:24.368,1.35555,1.35562,1.28,2.78
2011.09.28 03:30:24.937,1.35555,1.35562,1.28,3.30
2011.09.28 03:30:26.988,1.35552,1.3556,2.63,1.88
2011.09.28 03:30:27.590,1.3555,1.3556,3.08,5.85
2011.09.28 03:30:29.199,1.35551,1.35559,1.50,1.35
2011.09.28 03:30:30.897,1.35552,1.3556,1.13,3.60
2011.09.28 03:30:31.956,1.35551,1.3556,2.25,3.60
2011.09.28 03:30:33.359,1.35553,1.3556,1.50,2.85
2011.09.28 03:30:33.480,1.35555,1.35563,1.13,1.05
2011.09.28 03:30:33.602,1.35555,1.35565,1.88,3.49
2011.09.28 03:30:34.562,1.35555,1.35565,2.78,1.13
2011.09.28 03:30:34.701,1.35557,1.35567,1.50,1.50
2011.09.28 03:30:34.823,1.3556,1.35569,1.88,1.88
2011.09.28 03:30:34.954,1.35561,1.35569,1.13,3.38
2011.09.28 03:30:35.080,1.35561,1.3557,1.88,2.51
2011.09.28 03:30:35.440,1.35559,1.35569,2.63,2.25
2011.09.28 03:30:36.517,1.35557,1.35564,2.63,3.60
2011.09.28 03:30:36.645,1.35556,1.35563,1.50,1.13
2011.09.28 03:30:36.771,1.35554,1.35563,1.43,1.88
2011.09.28 03:30:37.251,1.35555,1.35564,1.13,2.40
2011.09.28 03:30:37.493,1.35555,1.35564,1.88,2.25
2011.09.28 03:30:37.620,1.35555,1.35565,2.63,1.13
2011.09.28 03:30:37.738,1.35558,1.35567,2.25,3.00
2011.09.28 03:30:38.280,1.35558,1.35567,2.25,1.50
2011.09.28 03:30:39.558,1.35557,1.35566,2.63,1.13
2011.09.28 03:30:42.406,1.35557,1.35567,3.38,3.00
2011.09.28 03:30:43.075,1.35557,1.35567,3.00,3.00
2011.09.28 03:30:43.666,1.35557,1.35567,3.00,3.00
2011.09.28 03:30:45.446,1.35557,1.35567,2.25,2.63
2011.09.28 03:30:46.076,1.35557,1.35567,2.25,3.38
2011.09.28 03:30:46.451,1.35557,1.35564,1.13,1.50
2011.09.28 03:30:46.574,1.35557,1.35566,1.73,1.88
2011.09.28 03:30:46.708,1.3556,1.35567,1.13,3.00
2011.09.28 03:30:46.835,1.35559,1.35568,1.13,2.25
2011.09.28 03:30:47.437,1.3556,1.35569,2.63,1.50
2011.09.28 03:30:47.559,1.3556,1.3557,1.88,3.60
2011.09.28 03:30:48.273,1.35557,1.35567,1.13,1.43
2011.09.28 03:30:49.613,1.35556,1.35562,1.88,1.13
2011.09.28 03:30:49.861,1.35553,1.35562,1.95,1.50
2011.09.28 03:30:50.468,1.35553,1.35562,2.03,1.50
2011.09.28 03:30:51.068,1.35555,1.35562,1.65,1.50
2011.09.28 03:30:51.910,1.35556,1.35563,1.13,1.05
2011.09.28 03:30:52.029,1.35555,1.35563,2.85,1.05
2011.09.28 03:30:52.599,1.35559,1.35565,1.88,1.50
2011.09.28 03:30:52.734,1.35559,1.35566,1.50,1.88
2011.09.28 03:30:52.865,1.35559,1.35566,1.13,1.50
2011.09.28 03:30:52.995,1.35555,1.35565,3.98,3.75
2011.09.28 03:30:53.240,1.35555,1.35565,1.35,2.25
2011.09.28 03:30:53.484,1.35558,1.35565,1.50,1.13
2011.09.28 03:30:54.209,1.35557,1.35566,1.88,1.01
2011.09.28 03:30:54.569,1.35556,1.35563,1.50,1.80
2011.09.28 03:30:55.167,1.35553,1.35563,2.10,1.80
2011.09.28 03:31:01.969,1.35552,1.3556,1.50,1.13
2011.09.28 03:31:02.088,1.35552,1.3556,1.65,1.13
2011.09.28 03:31:03.970,1.35552,1.3556,1.50,1.13
2011.09.28 03:31:07.720,1.35551,1.3556,1.50,2.25
2011.09.28 03:31:07.959,1.3555,1.35559,1.50,3.00
2011.09.28 03:31:08.792,1.3555,1.35559,1.88,2.63
2011.09.28 03:31:09.613,1.3555,1.35559,1.88,2.25
2011.09.28 03:31:09.743,1.35549,1.35559,1.88,1.13
2011.09.28 03:31:10.468,1.35548,1.3556,1.13,4.24
2011.09.28 03:31:11.398,1.35548,1.3556,1.50,4.24
2011.09.28 03:31:11.754,1.35548,1.3556,2.25,4.24
2011.09.28 03:31:13.405,1.35549,1.35558,1.50,1.13
2011.09.28 03:31:13.638,1.35549,1.35557,1.50,2.48
2011.09.28 03:31:13.999,1.35544,1.35553,1.13,1.05
2011.09.28 03:31:15.907,1.35543,1.35553,1.73,1.05
2011.09.28 03:31:16.501,1.35543,1.35552,1.13,1.50
2011.09.28 03:31:17.208,1.35543,1.35552,4.50,1.50
2011.09.28 03:31:18.722,1.35545,1.35553,2.25,3.30
2011.09.28 03:31:19.093,1.35553,1.35558,1.13,1.76
2011.09.28 03:31:19.458,1.35554,1.35562,1.50,2.14
2011.09.28 03:31:20.059,1.35552,1.3556,3.00,2.10
2011.09.28 03:31:20.459,1.35551,1.35559,1.88,1.50
2011.09.28 03:31:20.593,1.35551,1.35561,3.75,2.85
2011.09.28 03:31:21.189,1.35553,1.35561,1.88,1.35
2011.09.28 03:31:21.551,1.35553,1.35561,2.25,1.35
2011.09.28 03:31:22.367,1.35551,1.35561,3.00,1.35
2011.09.28 03:31:22.609,1.3555,1.3556,2.25,1.50
2011.09.28 03:31:22.968,1.35551,1.35561,1.50,1.35
2011.09.28 03:31:23.330,1.35556,1.35565,2.25,2.51
2011.09.28 03:31:23.451,1.35556,1.35566,2.63,1.88
2011.09.28 03:31:23.574,1.35559,1.35568,3.00,1.61
2011.09.28 03:31:24.065,1.3556,1.3557,1.88,1.13
2011.09.28 03:31:30.618,1.35565,1.35574,2.78,2.25
2011.09.28 03:31:30.741,1.35569,1.35577,1.13,3.75
2011.09.28 03:31:30.867,1.35569,1.35578,1.50,1.13
2011.09.28 03:31:32.060,1.35569,1.35579,2.25,2.25
2011.09.28 03:31:32.785,1.3557,1.35579,1.13,1.50
2011.09.28 03:31:37.550,1.35571,1.35579,1.13,1.50
2011.09.28 03:31:38.430,1.35572,1.35581,1.50,2.25
2011.09.28 03:31:39.021,1.35571,1.35579,1.13,1.13
2011.09.28 03:31:39.146,1.35569,1.35576,1.35,2.25
2011.09.28 03:31:39.278,1.35568,1.35577,1.73,1.35
2011.09.28 03:31:41.339,1.35567,1.35577,3.75,1.50
2011.09.28 03:31:41.462,1.35567,1.35577,1.88,1.88
2011.09.28 03:31:41.594,1.35565,1.35572,1.50,2.25
2011.09.28 03:31:41.725,1.35562,1.35572,1.58,2.25
2011.09.28 03:31:42.328,1.3556,1.35571,1.58,1.13
2011.09.28 03:31:42.931,1.3556,1.3557,1.58,1.88
2011.09.28 03:31:44.292,1.35559,1.35571,1.58,3.00
2011.09.28 03:31:47.338,1.35559,1.35567,2.33,1.13
2011.09.28 03:31:50.838,1.35559,1.35567,2.25,1.13
2011.09.28 03:31:50.959,1.35556,1.35568,3.60,3.38
2011.09.28 03:31:51.326,1.3556,1.35567,1.13,1.13
2011.09.28 03:31:51.689,1.35561,1.35568,2.63,1.50
2011.09.28 03:31:52.607,1.35559,1.35568,2.25,1.50
2011.09.28 03:31:53.887,1.35559,1.35569,1.88,3.00
2011.09.28 03:31:54.013,1.35559,1.35569,1.88,3.00
2011.09.28 03:31:54.609,1.35556,1.35568,2.85,3.38
2011.09.28 03:31:58.167,1.35556,1.35566,4.35,1.13
2011.09.28 03:31:58.529,1.35558,1.35566,2.48,1.13
2011.09.28 03:31:59.960,1.35556,1.35566,3.60,1.13
2011.09.28 03:32:00.199,1.35558,1.35567,2.48,1.13
2011.09.28 03:32:00.821,1.35563,1.35567,1.50,1.13
2011.09.28 03:32:01.318,1.35563,1.3557,1.50,3.00
2011.09.28 03:32:01.667,1.35563,1.3557,2.25,1.88
2011.09.28 03:32:02.141,1.35563,1.35571,2.25,1.13
2011.09.28 03:32:02.847,1.35563,1.35571,2.25,1.13
2011.09.28 03:32:03.811,1.35563,1.35573,2.63,1.13
2011.09.28 03:32:04.050,1.35565,1.35574,2.25,1.13
2011.09.28 03:32:04.648,1.35565,1.35575,2.63,1.13
2011.09.28 03:32:06.330,1.35565,1.35575,2.63,1.13
2011.09.28 03:32:06.669,1.35568,1.35577,2.25,3.00
2011.09.28 03:32:07.376,1.35572,1.35578,1.13,1.50
2011.09.28 03:32:07.632,1.35573,1.35582,2.25,1.01
2011.09.28 03:32:08.119,1.35572,1.35583,1.88,1.50
2011.09.28 03:32:08.589,1.35573,1.35585,2.25,3.00
2011.09.28 03:32:09.317,1.35572,1.35581,1.50,3.00
2011.09.28 03:32:09.680,1.3557,1.3558,1.50,1.50
2011.09.28 03:32:10.044,1.35573,1.35582,2.25,1.01
2011.09.28 03:32:10.413,1.35576,1.35585,1.88,1.09
2011.09.28 03:32:10.990,1.35575,1.35585,4.50,1.58
2011.09.28 03:32:11.240,1.35577,1.35589,2.25,1.50
2011.09.28 03:32:11.839,1.35579,1.3559,1.50,3.00
2011.09.28 03:32:12.202,1.35581,1.3559,2.25,1.50
2011.09.28 03:32:12.808,1.35581,1.35591,1.88,1.88
2011.09.28 03:32:13.470,1.35581,1.35591,1.50,2.25
2011.09.28 03:32:13.592,1.3558,1.3559,1.50,3.00
2011.09.28 03:32:13.959,1.35578,1.35588,3.38,1.13
2011.09.28 03:32:16.949,1.35577,1.35586,2.25,2.25
2011.09.28 03:32:17.313,1.35574,1.35583,4.65,1.13
2011.09.28 03:32:17.923,1.35573,1.35583,1.88,1.88
2011.09.28 03:32:18.174,1.35573,1.3558,1.50,1.13
2011.09.28 03:32:18.303,1.35571,1.3558,1.13,1.13
2011.09.28 03:32:20.526,1.35575,1.35585,1.88,1.13
2011.09.28 03:32:20.889,1.35578,1.35586,1.13,1.01
2011.09.28 03:32:21.735,1.35578,1.35588,1.13,1.13
2011.09.28 03:32:23.051,1.35579,1.35589,1.88,1.88
2011.09.28 03:32:23.541,1.35579,1.35589,2.82,1.13
2011.09.28 03:32:23.661,1.35582,1.35592,1.88,1.50
2011.09.28 03:32:24.194,1.35582,1.35592,5.63,3.75
2011.09.28 03:32:24.977,1.35583,1.35592,1.50,1.50
2011.09.28 03:32:27.164,1.35584,1.35593,2.25,1.88
2011.09.28 03:32:27.533,1.35588,1.35598,2.63,1.88
2011.09.28 03:32:27.781,1.35586,1.35596,5.25,3.00
2011.09.28 03:32:28.034,1.35585,1.35594,1.50,1.50
2011.09.28 03:32:28.398,1.35586,1.35595,1.50,1.13
2011.09.28 03:32:30.300,1.35586,1.35596,1.88,1.88
2011.09.28 03:32:31.009,1.35586,1.35595,1.35,1.50
2011.09.28 03:32:31.370,1.35586,1.35596,4.35,1.88
2011.09.28 03:32:32.904,1.3559,1.35597,1.13,1.13
2011.09.28 03:32:33.497,1.35589,1.35598,1.88,1.50
2011.09.28 03:32:34.929,1.35589,1.35598,1.88,1.50
2011.09.28 03:32:35.528,1.3559,1.356,1.50,1.88
2011.09.28 03:32:37.386,1.35589,1.35599,2.63,3.00
2011.09.28 03:32:40.980,1.3559,1.356,1.50,1.88
2011.09.28 03:32:41.567,1.3559,1.356,3.34,1.50
2011.09.28 03:32:42.740,1.35591,1.356,2.25,1.50
2011.09.28 03:32:43.091,1.35592,1.35601,1.50,1.50
2011.09.28 03:32:49.629,1.35592,1.35601,1.50,2.63
2011.09.28 03:32:49.990,1.3559,1.35599,1.50,2.63
2011.09.28 03:32:50.648,1.3559,1.35599,1.50,1.13
2011.09.28 03:32:51.478,1.3559,1.35599,1.50,1.50
2011.09.28 03:32:52.081,1.35589,1.35598,2.25,1.13
2011.09.28 03:32:52.678,1.35589,1.35599,1.88,3.38
2011.09.28 03:32:53.162,1.35592,1.356,1.47,1.50
2011.09.28 03:32:53.676,1.35592,1.35601,1.50,3.00
2011.09.28 03:32:53.808,1.35593,1.35602,1.84,1.50
2011.09.28 03:32:54.401,1.35594,1.35601,1.47,1.50
2011.09.28 03:32:54.638,1.35591,1.35601,4.50,1.88
2011.09.28 03:32:55.122,1.35598,1.35605,2.25,3.57
2011.09.28 03:32:55.262,1.35604,1.35608,1.50,4.50
2011.09.28 03:32:55.755,1.35596,1.35603,1.50,2.25
2011.09.28 03:32:56.001,1.35591,1.35601,3.38,2.25
2011.09.28 03:32:56.812,1.35591,1.35602,4.88,1.13
