2014.10.23 01:00:06.000,1.26384,1.26386,1.50,1.00
2014.10.23 01:00:06.306,1.26383,1.26387,2.25,2.25
2014.10.23 01:00:07.007,1.26384,1.26387,1.00,1.50
2014.10.23 01:00:15.061,1.26383,1.26387,5.06,1.00
2014.10.23 01:00:19.177,1.26383,1.26386,1.50,1.50
2014.10.23 01:00:19.683,1.26383,1.26385,1.00,1.00
2014.10.23 01:00:20.513,1.26383,1.26386,1.00,3.00
2014.10.23 01:00:21.468,1.26382,1.26386,1.25,3.75
2014.10.23 01:00:22.716,1.26383,1.26386,1.00,4.50
2014.10.23 01:00:23.330,1.26381,1.26386,4.69,4.50
2014.10.23 01:00:27.191,1.26381,1.26386,1.25,3.75
2014.10.23 01:00:32.634,1.26382,1.26386,1.00,2.25
2014.10.23 01:00:32.736,1.26384,1.26386,1.00,2.25
2014.10.23 01:00:33.251,1.26383,1.26387,3.19,1.00
2014.10.23 01:00:35.378,1.26382,1.26386,5.44,1.00
2014.10.23 01:00:35.953,1.26383,1.26387,1.25,1.00
2014.10.23 01:00:38.047,1.26383,1.26385,1.25,1.00
2014.10.23 01:00:38.554,1.26382,1.26385,1.25,1.00
2014.10.23 01:00:39.059,1.26381,1.26385,1.25,1.00
2014.10.23 01:00:41.913,1.26381,1.26384,1.25,1.00
2014.10.23 01:00:42.217,1.26381,1.26382,1.25,1.50
2014.10.23 01:00:42.268,1.26379,1.26381,4.09,1.00
2014.10.23 01:00:42.673,1.26377,1.2638,1.12,1.00
2014.10.23 01:00:43.199,1.26377,1.26381,1.50,1.50
2014.10.23 01:00:43.351,1.26376,1.26379,5.25,1.00
2014.10.23 01:00:43.877,1.26376,1.2638,2.25,2.25
2014.10.23 01:00:45.198,1.26376,1.2638,1.87,2.25
2014.10.23 01:00:58.631,1.26377,1.26381,1.50,1.50
2014.10.23 01:01:06.182,1.26377,1.2638,1.00,1.11
2014.10.23 01:01:07.137,1.26377,1.26381,1.00,3.71
2014.10.23 01:01:07.658,1.26377,1.2638,1.00,1.11
2014.10.23 01:01:09.647,1.26376,1.2638,1.00,3.36
2014.10.23 01:01:10.153,1.26374,1.26379,7.50,1.00
2014.10.23 01:01:10.493,1.26374,1.26377,5.85,1.00
2014.10.23 01:01:11.135,1.26375,1.26377,1.95,1.00
2014.10.23 01:01:12.660,1.26375,1.26377,1.00,1.00
2014.10.23 01:01:18.447,1.26375,1.26379,1.00,1.86
2014.10.23 01:01:19.352,1.26374,1.26376,3.00,1.00
2014.10.23 01:01:19.454,1.26372,1.26375,2.25,2.25
2014.10.23 01:01:21.036,1.26371,1.26373,1.00,1.00
2014.10.23 01:01:21.138,1.2637,1.26372,1.50,1.00
2014.10.23 01:01:22.474,1.2637,1.26371,1.00,1.50
2014.10.23 01:01:22.626,1.26368,1.26371,2.62,2.25
2014.10.23 01:01:22.828,1.26369,1.26372,5.06,1.00
2014.10.23 01:01:23.132,1.26372,1.26375,1.50,1.86
2014.10.23 01:01:23.638,1.26371,1.26375,2.44,1.86
2014.10.23 01:01:23.942,1.26374,1.26375,1.00,1.00
2014.10.23 01:01:24.457,1.26373,1.26376,2.25,1.00
2014.10.23 01:01:34.298,1.26374,1.26376,1.00,1.00
2014.10.23 01:01:34.652,1.26376,1.26377,1.00,1.00
2014.10.23 01:01:35.173,1.26375,1.26377,2.25,1.00
2014.10.23 01:01:36.129,1.26375,1.26377,1.50,1.00
2014.10.23 01:01:36.180,1.26375,1.26378,2.44,1.00
2014.10.23 01:01:36.282,1.26375,1.26379,3.56,1.00
2014.10.23 01:01:36.787,1.26376,1.26378,1.00,1.00
2014.10.23 01:01:37.091,1.26378,1.26379,1.50,1.00
2014.10.23 01:01:37.393,1.26379,1.26381,2.50,1.50
2014.10.23 01:01:38.293,1.26379,1.26381,1.00,1.50
2014.10.23 01:01:38.813,1.2638,1.26381,1.12,1.50
2014.10.23 01:01:38.864,1.26381,1.26383,1.00,1.87
2014.10.23 01:01:39.371,1.26382,1.26383,1.50,1.00
2014.10.23 01:01:42.860,1.26383,1.26384,1.00,1.00
2014.10.23 01:01:45.589,1.26383,1.26385,1.50,1.00
2014.10.23 01:01:52.554,1.26382,1.26383,1.00,1.00
2014.10.23 01:01:52.656,1.26381,1.26382,1.00,1.00
2014.10.23 01:01:52.808,1.26379,1.26381,1.00,1.00
2014.10.23 01:01:53.163,1.2638,1.26382,1.00,3.00
2014.10.23 01:01:55.071,1.2638,1.26381,1.00,1.00
2014.10.23 01:02:00.197,1.2638,1.26383,1.00,4.31
2014.10.23 01:02:00.502,1.26382,1.26384,2.25,1.00
2014.10.23 01:02:00.553,1.26382,1.26386,2.25,2.25
2014.10.23 01:02:22.420,1.26382,1.26385,1.50,1.00
2014.10.23 01:02:25.982,1.26382,1.26386,1.50,3.75
2014.10.23 01:02:31.668,1.26382,1.26385,1.50,1.00
2014.10.23 01:02:32.204,1.26382,1.26386,2.25,3.00
2014.10.23 01:02:36.776,1.26382,1.26384,1.00,2.25
2014.10.23 01:02:37.130,1.2638,1.26382,1.00,1.00
2014.10.23 01:02:37.385,1.26377,1.2638,1.50,1.00
2014.10.23 01:02:39.807,1.26377,1.26381,1.50,1.00
2014.10.23 01:02:40.060,1.2638,1.26381,1.00,1.00
2014.10.23 01:02:50.495,1.26379,1.26381,1.00,1.00
2014.10.23 01:02:51.473,1.26378,1.26381,1.50,1.00
2014.10.23 01:02:55.467,1.26377,1.26381,2.25,1.50
2014.10.23 01:02:55.821,1.26375,1.2638,2.92,3.00
2014.10.23 01:02:56.327,1.26376,1.26379,1.00,1.25
2014.10.23 01:02:57.933,1.26375,1.26379,1.50,1.69
2014.10.23 01:03:08.084,1.26376,1.2638,1.00,3.75
2014.10.23 01:03:09.145,1.26376,1.26379,1.00,1.00
2014.10.23 01:03:09.763,1.26375,1.26379,1.00,1.00
2014.10.23 01:03:10.462,1.26375,1.26378,1.00,1.00
2014.10.23 01:03:12.901,1.26375,1.26379,1.00,3.00
2014.10.23 01:03:13.444,1.26375,1.26378,1.00,1.50
2014.10.23 01:03:17.099,1.26377,1.26379,1.00,1.00
2014.10.23 01:03:17.252,1.26376,1.26379,1.50,1.00
2014.10.23 01:03:17.303,1.26376,1.26378,1.00,1.00
2014.10.23 01:03:19.822,1.26373,1.26376,2.25,1.00
2014.10.23 01:03:20.330,1.26373,1.26374,1.00,1.00
2014.10.23 01:03:20.532,1.26371,1.26374,2.25,1.00
2014.10.23 01:03:21.648,1.26372,1.26374,1.00,1.00
2014.10.23 01:03:34.053,1.26372,1.26377,3.75,2.44
2014.10.23 01:03:42.826,1.26372,1.26378,4.50,3.94
2014.10.23 01:03:43.081,1.26374,1.26378,1.00,3.19
2014.10.23 01:03:43.586,1.26374,1.26377,1.00,1.00
2014.10.23 01:03:44.101,1.26374,1.26378,2.25,3.19
2014.10.23 01:03:51.657,1.26375,1.26378,1.00,3.19
2014.10.23 01:03:53.620,1.26374,1.26378,2.25,3.19
2014.10.23 01:03:54.862,1.26375,1.26378,1.00,3.00
2014.10.23 01:04:00.686,1.26375,1.26377,1.00,1.00
2014.10.23 01:04:05.621,1.26375,1.26378,1.00,1.50
2014.10.23 01:04:06.154,1.26376,1.26378,1.00,1.50
2014.10.23 01:04:08.031,1.26376,1.26379,1.00,1.50
2014.10.23 01:04:08.638,1.26377,1.26379,1.00,1.00
2014.10.23 01:04:09.156,1.26377,1.2638,1.50,2.25
2014.10.23 01:04:14.084,1.26377,1.26381,2.25,1.00
2014.10.23 01:04:14.387,1.26379,1.26382,1.00,3.94
2014.10.23 01:04:17.155,1.2638,1.26382,1.00,3.19
2014.10.23 01:04:19.346,1.26379,1.26381,1.00,1.00
2014.10.23 01:04:19.877,1.26379,1.26382,1.00,5.25
2014.10.23 01:04:29.620,1.26379,1.26382,1.00,3.00
2014.10.23 01:04:34.298,1.2638,1.26382,1.00,2.25
2014.10.23 01:04:34.349,1.26381,1.26384,1.00,4.50
2014.10.23 01:04:34.451,1.26382,1.26384,1.00,3.00
2014.10.23 01:04:34.654,1.26383,1.26386,3.00,1.00
2014.10.23 01:04:35.110,1.26385,1.26387,1.00,1.12
2014.10.23 01:04:38.269,1.26384,1.26386,1.00,1.00
2014.10.23 01:04:43.115,1.26385,1.26386,1.00,1.00
2014.10.23 01:04:43.166,1.26387,1.26388,1.00,1.50
2014.10.23 01:04:43.804,1.26385,1.26388,4.12,2.25
2014.10.23 01:04:43.905,1.26387,1.26388,1.00,1.50
2014.10.23 01:04:44.007,1.26385,1.26388,2.25,1.50
2014.10.23 01:04:44.512,1.26386,1.26388,1.50,1.50
2014.10.23 01:04:44.715,1.26388,1.26391,1.00,6.19
2014.10.23 01:04:45.474,1.26388,1.2639,3.00,1.00
2014.10.23 01:04:48.625,1.26387,1.26389,3.00,1.00
2014.10.23 01:04:51.929,1.26388,1.26389,1.00,1.00
2014.10.23 01:04:53.600,1.26388,1.2639,2.50,1.12
2014.10.23 01:04:55.992,1.26389,1.2639,1.00,1.12
2014.10.23 01:04:56.195,1.2639,1.26392,1.00,4.12
2014.10.23 01:04:56.700,1.26392,1.26393,1.50,4.12
2014.10.23 01:04:57.472,1.2639,1.26392,3.75,4.12
2014.10.23 01:04:57.978,1.26391,1.26392,1.50,1.00
2014.10.23 01:04:58.030,1.26391,1.26392,2.25,1.00
2014.10.23 01:04:58.182,1.26393,1.26395,1.00,1.50
2014.10.23 01:04:58.234,1.26395,1.26397,1.00,1.00
2014.10.23 01:04:58.286,1.26395,1.26398,1.00,2.25
2014.10.23 01:04:58.792,1.26394,1.26398,2.25,1.50
2014.10.23 01:04:59.349,1.26393,1.26398,1.50,3.00
2014.10.23 01:05:00.618,1.26394,1.26398,1.00,3.75
2014.10.23 01:05:01.140,1.26393,1.26398,1.50,3.00
2014.10.23 01:05:02.001,1.26394,1.26398,1.00,3.75
2014.10.23 01:05:02.513,1.26396,1.26398,1.00,1.50
2014.10.23 01:05:04.394,1.26391,1.26397,3.00,3.00
2014.10.23 01:05:04.445,1.26391,1.26394,2.25,3.75
2014.10.23 01:05:04.547,1.2639,1.26392,2.25,2.62
2014.10.23 01:05:05.470,1.26389,1.26392,1.00,4.12
2014.10.23 01:05:06.079,1.26389,1.2639,1.00,1.00
2014.10.23 01:05:06.589,1.26388,1.2639,1.00,1.00
2014.10.23 01:05:06.995,1.26389,1.26391,1.00,1.00
2014.10.23 01:05:08.563,1.26391,1.26392,1.00,1.00
2014.10.23 01:05:08.614,1.26391,1.26393,1.50,3.30
2014.10.23 01:05:09.121,1.26389,1.26391,1.50,1.50
2014.10.23 01:05:09.431,1.2639,1.26393,1.50,5.81
2014.10.23 01:05:09.684,1.26389,1.26391,1.00,1.50
2014.10.23 01:05:09.887,1.26387,1.2639,2.25,1.00
2014.10.23 01:05:10.392,1.26387,1.26389,1.00,1.00
2014.10.23 01:05:10.897,1.26386,1.26389,1.50,1.00
2014.10.23 01:05:11.403,1.26385,1.26388,1.50,1.00
2014.10.23 01:05:11.926,1.26385,1.26389,3.00,1.00
2014.10.23 01:05:12.431,1.26386,1.26389,1.00,1.00
2014.10.23 01:05:13.082,1.26385,1.26389,3.75,1.00
2014.10.23 01:05:15.576,1.26387,1.26389,1.50,1.00
2014.10.23 01:05:16.496,1.26385,1.26387,2.25,1.00
2014.10.23 01:05:17.003,1.26385,1.26388,1.00,1.12
2014.10.23 01:05:21.292,1.26386,1.26388,1.00,1.00
2014.10.23 01:05:21.825,1.26387,1.26388,1.00,1.00
2014.10.23 01:05:23.410,1.26387,1.2639,1.00,3.94
2014.10.23 01:05:24.170,1.26387,1.26391,1.50,2.44
2014.10.23 01:05:24.677,1.26388,1.26391,1.00,1.12
2014.10.23 01:05:25.236,1.26388,1.26391,1.00,1.37
2014.10.23 01:05:25.337,1.26389,1.26391,1.87,1.00
2014.10.23 01:05:25.540,1.26391,1.26393,1.00,3.37
2014.10.23 01:05:26.048,1.2639,1.26392,1.00,1.12
2014.10.23 01:05:26.099,1.26388,1.26393,5.44,4.12
2014.10.23 01:05:27.268,1.26388,1.26392,5.25,2.25
2014.10.23 01:05:28.147,1.26388,1.26393,4.50,4.12
2014.10.23 01:05:29.277,1.26388,1.26392,5.25,2.25
2014.10.23 01:05:29.782,1.26388,1.26393,4.50,4.12
2014.10.23 01:05:30.579,1.26388,1.26392,5.25,2.25
2014.10.23 01:05:31.290,1.26388,1.26393,3.00,4.12
2014.10.23 01:05:32.706,1.26388,1.26392,3.00,1.00
2014.10.23 01:05:40.275,1.26387,1.26389,2.25,1.12
2014.10.23 01:05:40.529,1.26381,1.26384,1.00,1.00
2014.10.23 01:05:40.580,1.26381,1.26383,1.00,1.00
2014.10.23 01:05:41.070,1.26382,1.26385,1.50,1.50
2014.10.23 01:05:41.273,1.26384,1.26385,1.00,1.00
2014.10.23 01:05:41.341,1.26384,1.26387,1.50,1.50
2014.10.23 01:05:41.863,1.26383,1.26387,1.00,2.25
2014.10.23 01:05:42.929,1.26383,1.26386,1.50,1.00
2014.10.23 01:05:43.938,1.26383,1.26387,1.50,1.50
2014.10.23 01:05:45.564,1.26382,1.26387,3.00,2.25
2014.10.23 01:05:46.114,1.26383,1.26386,1.00,1.00
2014.10.23 01:05:46.635,1.26383,1.26387,1.50,2.25
2014.10.23 01:05:47.184,1.26382,1.26387,5.29,2.25
2014.10.23 01:05:47.656,1.26385,1.26388,1.50,3.00
2014.10.23 01:05:47.960,1.26388,1.2639,1.00,1.00
2014.10.23 01:06:05.114,1.26388,1.26391,3.00,1.00
2014.10.23 01:06:05.830,1.26388,1.26392,3.00,3.75
2014.10.23 01:06:06.135,1.26392,1.26394,1.50,1.50
2014.10.23 01:06:06.236,1.26392,1.26396,1.50,4.87
2014.10.23 01:06:06.748,1.26391,1.26396,1.00,5.25
2014.10.23 01:06:07.292,1.26391,1.26395,1.00,1.00
2014.10.23 01:06:10.639,1.26391,1.26396,2.25,3.00
2014.10.23 01:06:11.214,1.26392,1.26396,1.00,3.00
2014.10.23 01:06:11.724,1.26393,1.26396,1.00,2.62
2014.10.23 01:06:28.260,1.26394,1.26397,1.00,1.87
2014.10.23 01:06:28.463,1.26396,1.26398,1.00,1.50
2014.10.23 01:06:28.666,1.26396,1.264,3.00,1.50
2014.10.23 01:06:29.255,1.26397,1.264,1.00,2.25
2014.10.23 01:06:29.784,1.26396,1.264,3.00,2.62
2014.10.23 01:06:30.579,1.26397,1.264,1.00,2.25
2014.10.23 01:06:31.374,1.26396,1.264,3.00,2.62
2014.10.23 01:06:32.031,1.26397,1.264,1.00,2.62
2014.10.23 01:06:32.551,1.26396,1.264,3.00,2.62
2014.10.23 01:06:33.617,1.26397,1.264,1.00,2.44
2014.10.23 01:06:34.197,1.26396,1.264,3.00,2.44
2014.10.23 01:06:34.844,1.26397,1.264,1.00,7.87
2014.10.23 01:06:35.405,1.26397,1.26398,1.00,1.87
2014.10.23 01:06:35.925,1.26396,1.264,3.00,7.12
2014.10.23 01:06:36.224,1.26395,1.26398,1.50,1.00
2014.10.23 01:06:36.528,1.26389,1.2639,1.50,1.87
2014.10.23 01:06:37.033,1.26388,1.2639,1.00,1.12
2014.10.23 01:06:43.391,1.26387,1.2639,1.50,1.50
2014.10.23 01:06:51.274,1.26387,1.26391,1.50,3.56
2014.10.23 01:06:51.931,1.26387,1.2639,1.50,1.12
2014.10.23 01:06:52.437,1.26387,1.26391,1.50,3.56
2014.10.23 01:06:53.252,1.26387,1.2639,1.50,1.00
2014.10.23 01:06:53.760,1.26387,1.26391,1.50,3.37
2014.10.23 01:06:54.306,1.26387,1.26391,1.50,3.37
2014.10.23 01:06:55.329,1.26387,1.26391,1.50,1.87
2014.10.23 01:06:56.484,1.26387,1.26391,1.50,1.87
2014.10.23 01:06:57.366,1.26387,1.26391,1.50,1.12
2014.10.23 01:07:02.353,1.26387,1.26391,1.50,3.56
2014.10.23 01:07:03.134,1.26387,1.26391,1.50,5.81
2014.10.23 01:07:03.786,1.26387,1.26391,1.50,3.56
2014.10.23 01:07:04.326,1.26387,1.26391,1.50,3.56
2014.10.23 01:07:06.958,1.26387,1.2639,1.50,1.00
2014.10.23 01:07:07.474,1.26388,1.26389,1.00,1.00
2014.10.23 01:07:07.998,1.26387,1.26389,1.00,1.00
2014.10.23 01:07:27.430,1.26387,1.2639,1.00,2.25
2014.10.23 01:07:31.745,1.26387,1.26389,1.00,1.00
2014.10.23 01:07:32.250,1.26388,1.26389,1.00,1.00
2014.10.23 01:07:34.286,1.26388,1.2639,1.50,1.50
2014.10.23 01:07:40.347,1.26388,1.26389,0.50,1.00
2014.10.23 01:07:41.264,1.26388,1.2639,2.50,3.19
2014.10.23 01:07:41.812,1.26389,1.2639,1.00,1.25
2014.10.23 01:07:42.563,1.26388,1.26389,2.50,1.00
2014.10.23 01:07:52.714,1.26388,1.2639,5.30,1.00
2014.10.23 01:07:52.817,1.2639,1.26392,3.25,1.12
2014.10.23 01:07:53.172,1.26392,1.26394,2.25,1.00
2014.10.23 01:07:55.135,1.26392,1.26397,3.00,3.75
2014.10.23 01:07:55.186,1.26394,1.26397,1.00,3.75
2014.10.23 01:07:55.287,1.26395,1.26397,1.00,3.00
2014.10.23 01:07:55.591,1.26394,1.26397,1.50,2.25
2014.10.23 01:08:10.785,1.26395,1.26397,1.00,1.00
2014.10.23 01:08:11.506,1.26394,1.26397,3.00,1.00
2014.10.23 01:08:13.866,1.26395,1.26397,1.00,1.00
2014.10.23 01:08:14.402,1.26394,1.26397,3.94,1.00
2014.10.23 01:08:15.264,1.26394,1.26398,3.94,1.50
2014.10.23 01:08:18.585,1.26395,1.26398,1.00,1.00
2014.10.23 01:08:19.110,1.26394,1.26398,3.00,1.00
2014.10.23 01:08:19.908,1.26396,1.26398,1.00,1.00
2014.10.23 01:08:20.009,1.26396,1.264,1.50,7.12
2014.10.23 01:08:22.201,1.26396,1.26399,1.50,1.00
2014.10.23 01:08:22.706,1.26396,1.264,1.50,5.25
2014.10.23 01:08:22.996,1.26396,1.26398,1.50,1.00
2014.10.23 01:08:23.504,1.26396,1.26399,1.50,1.00
2014.10.23 01:08:24.022,1.26395,1.26399,1.50,2.25
2014.10.23 01:08:24.633,1.26396,1.26399,1.00,3.00
2014.10.23 01:08:25.142,1.26395,1.26399,1.50,1.50
2014.10.23 01:08:25.653,1.26397,1.26399,1.00,2.25
2014.10.23 01:08:26.674,1.26396,1.26399,1.50,1.50
2014.10.23 01:08:27.297,1.26397,1.26399,1.00,2.25
2014.10.23 01:08:28.834,1.26398,1.26399,1.00,2.25
2014.10.23 01:08:29.342,1.26397,1.26399,1.50,2.25
2014.10.23 01:08:32.016,1.26398,1.26399,1.00,2.25
2014.10.23 01:08:32.705,1.26397,1.26399,1.50,2.25
2014.10.23 01:08:33.523,1.26398,1.26399,1.00,2.25
2014.10.23 01:08:34.141,1.26397,1.26399,1.50,2.25
2014.10.23 01:08:35.767,1.26398,1.26399,1.00,2.25
2014.10.23 01:08:36.376,1.26397,1.26399,1.50,2.25
2014.10.23 01:08:36.908,1.26398,1.26399,1.00,1.50
2014.10.23 01:08:37.525,1.26398,1.264,1.00,2.06
2014.10.23 01:08:38.279,1.26398,1.26401,1.00,3.94
2014.10.23 01:08:40.106,1.26399,1.26402,1.00,6.19
2014.10.23 01:08:40.309,1.26402,1.26403,1.50,5.62
2014.10.23 01:08:40.815,1.264,1.26403,2.62,4.12
2014.10.23 01:08:41.329,1.26401,1.26403,1.50,4.12
2014.10.23 01:08:41.975,1.26401,1.26402,1.50,2.25
2014.10.23 01:08:42.683,1.26401,1.26403,1.50,4.12
2014.10.23 01:08:42.936,1.26402,1.26403,1.00,2.25
2014.10.23 01:08:43.189,1.26405,1.26407,1.00,1.50
2014.10.23 01:08:43.696,1.26405,1.26407,1.00,1.00
2014.10.23 01:08:43.747,1.26403,1.26407,4.69,1.00
2014.10.23 01:08:45.253,1.26404,1.26407,1.00,1.00
2014.10.23 01:08:45.754,1.26405,1.26407,1.00,1.00
2014.10.23 01:08:46.373,1.26405,1.26408,1.00,1.00
2014.10.23 01:08:47.163,1.26406,1.26408,1.00,1.00
2014.10.23 01:08:47.365,1.26404,1.26408,3.00,1.00
2014.10.23 01:08:48.276,1.26405,1.26408,1.00,1.00
2014.10.23 01:08:49.129,1.26406,1.26408,1.00,1.00
2014.10.23 01:08:49.791,1.26405,1.26408,1.00,1.00
2014.10.23 01:08:51.009,1.26406,1.26408,1.00,1.00
2014.10.23 01:08:52.117,1.26405,1.26408,1.00,1.50
2014.10.23 01:08:54.392,1.26406,1.26408,1.00,1.00
2014.10.23 01:08:54.908,1.26405,1.26408,1.00,1.00
2014.10.23 01:08:55.516,1.26404,1.26408,1.00,1.00
2014.10.23 01:08:56.277,1.26405,1.26408,1.00,1.00
2014.10.23 01:08:59.032,1.26406,1.26408,1.00,1.00
2014.10.23 01:09:01.673,1.26407,1.26408,1.00,1.00
2014.10.23 01:09:02.349,1.26406,1.26408,1.50,1.00
2014.10.23 01:09:02.944,1.26407,1.26408,1.00,1.00
2014.10.23 01:09:03.560,1.26406,1.26408,1.50,1.00
2014.10.23 01:09:05.139,1.26407,1.26408,1.00,1.00
2014.10.23 01:09:05.721,1.26406,1.26408,1.50,1.00
2014.10.23 01:09:06.561,1.26407,1.26408,1.00,1.00
2014.10.23 01:09:07.067,1.26406,1.26408,1.50,1.00
2014.10.23 01:09:07.628,1.26406,1.26409,1.50,1.69
2014.10.23 01:09:09.211,1.26407,1.26409,1.00,2.44
2014.10.23 01:09:11.018,1.26406,1.26409,1.50,1.69
2014.10.23 01:09:13.182,1.26407,1.26409,1.00,2.44
2014.10.23 01:09:13.696,1.26406,1.26409,1.50,1.69
2014.10.23 01:09:14.357,1.26407,1.26409,1.00,2.44
2014.10.23 01:09:14.982,1.26406,1.26409,1.50,1.69
2014.10.23 01:09:15.995,1.26407,1.26409,1.00,2.44
2014.10.23 01:09:16.667,1.26406,1.26409,1.50,1.69
2014.10.23 01:09:18.078,1.26407,1.26409,1.00,1.50
2014.10.23 01:09:18.534,1.26409,1.26411,1.00,1.50
2014.10.23 01:09:19.112,1.26408,1.26412,1.00,7.31
2014.10.23 01:09:19.606,1.26408,1.2641,1.00,1.50
2014.10.23 01:09:20.111,1.26407,1.26409,1.00,1.00
2014.10.23 01:09:20.313,1.26407,1.26411,1.00,6.75
2014.10.23 01:09:20.861,1.26407,1.2641,1.00,3.37
2014.10.23 01:09:22.715,1.26408,1.2641,1.00,2.25
2014.10.23 01:09:23.270,1.26407,1.2641,1.00,1.50
2014.10.23 01:09:24.756,1.26408,1.2641,1.00,1.50
2014.10.23 01:09:31.832,1.26406,1.2641,1.00,1.50
2014.10.23 01:09:32.563,1.26408,1.2641,1.00,1.00
2014.10.23 01:09:32.919,1.26409,1.26412,2.25,1.00
2014.10.23 01:09:33.237,1.26407,1.2641,1.00,1.00
2014.10.23 01:09:33.744,1.26406,1.26409,1.50,1.00
2014.10.23 01:09:40.272,1.26407,1.26409,1.00,1.00
2014.10.23 01:09:54.446,1.26407,1.2641,1.00,1.50
2014.10.23 01:10:13.090,1.26409,1.2641,1.50,1.50
2014.10.23 01:10:16.297,1.26409,1.26411,2.50,1.00
2014.10.23 01:10:20.390,1.2641,1.26412,1.00,1.00
2014.10.23 01:10:20.946,1.2641,1.26413,1.00,5.25
2014.10.23 01:10:22.099,1.2641,1.26412,1.00,1.00
2014.10.23 01:10:22.636,1.2641,1.26413,1.00,3.00
2014.10.23 01:10:23.254,1.2641,1.26412,1.00,1.00
2014.10.23 01:10:23.959,1.2641,1.26413,1.00,3.00
2014.10.23 01:10:28.420,1.2641,1.26411,1.00,1.00
2014.10.23 01:10:29.803,1.26408,1.2641,1.50,1.00
2014.10.23 01:10:30.316,1.26409,1.26411,1.00,1.50
2014.10.23 01:10:30.889,1.26408,1.2641,1.50,1.00
2014.10.23 01:10:31.393,1.26409,1.26411,1.00,1.50
2014.10.23 01:10:33.651,1.26408,1.2641,1.50,1.00
2014.10.23 01:10:34.180,1.26409,1.26411,1.00,1.50
2014.10.23 01:10:35.647,1.26408,1.26411,2.25,1.50
2014.10.23 01:10:38.012,1.26408,1.2641,3.00,1.00
2014.10.23 01:10:38.570,1.26408,1.26411,2.25,1.50
2014.10.23 01:10:39.233,1.26408,1.2641,2.25,1.00
2014.10.23 01:10:39.782,1.26408,1.26411,2.25,1.50
2014.10.23 01:10:40.633,1.26408,1.2641,2.25,1.00
2014.10.23 01:10:41.214,1.26408,1.26411,3.00,1.50
2014.10.23 01:10:41.746,1.26409,1.2641,1.00,1.00
2014.10.23 01:10:42.303,1.26409,1.26411,1.00,1.50
2014.10.23 01:10:43.789,1.26409,1.2641,1.00,1.00
2014.10.23 01:10:44.514,1.26409,1.26411,1.00,1.00
2014.10.23 01:10:46.551,1.26409,1.2641,1.00,1.00
2014.10.23 01:10:47.161,1.26409,1.26411,1.00,1.00
2014.10.23 01:10:47.695,1.26409,1.2641,1.00,1.00
2014.10.23 01:10:48.781,1.26409,1.26411,2.25,1.00
2014.10.23 01:10:49.444,1.2641,1.26411,3.00,1.00
2014.10.23 01:10:49.495,1.2641,1.26414,3.00,1.50
2014.10.23 01:10:49.597,1.26412,1.26413,1.00,1.50
2014.10.23 01:10:49.860,1.26414,1.26417,1.00,1.00
2014.10.23 01:10:50.368,1.26415,1.26419,1.00,4.69
2014.10.23 01:10:51.172,1.26413,1.26417,5.25,1.00
2014.10.23 01:10:51.627,1.26412,1.26414,1.50,1.00
2014.10.23 01:10:51.831,1.2641,1.26412,4.87,1.00
2014.10.23 01:10:52.286,1.26409,1.2641,1.00,1.00
2014.10.23 01:10:52.857,1.26409,1.26411,1.00,1.00
2014.10.23 01:10:54.107,1.26409,1.2641,1.00,1.00
2014.10.23 01:10:54.752,1.26409,1.26411,1.00,1.00
2014.10.23 01:10:56.451,1.26409,1.2641,1.00,1.00
2014.10.23 01:10:57.053,1.26409,1.26411,1.00,1.00
2014.10.23 01:10:57.762,1.26409,1.2641,1.50,1.00
2014.10.23 01:10:58.382,1.26409,1.26411,1.50,1.00
2014.10.23 01:10:59.022,1.26409,1.2641,1.00,1.00
2014.10.23 01:10:59.960,1.26409,1.26411,1.50,1.00
2014.10.23 01:11:00.475,1.26409,1.2641,1.00,1.00
2014.10.23 01:11:01.017,1.26409,1.26411,1.00,1.00
2014.10.23 01:11:01.606,1.26409,1.2641,1.00,1.00
2014.10.23 01:11:02.135,1.26409,1.26411,1.00,1.00
2014.10.23 01:11:04.030,1.26409,1.2641,1.00,1.00
2014.10.23 01:11:04.636,1.26409,1.26411,1.00,1.50
2014.10.23 01:11:05.548,1.26409,1.2641,1.00,1.00
2014.10.23 01:11:06.077,1.26409,1.26411,1.50,1.50
2014.10.23 01:11:06.836,1.26409,1.26411,1.00,2.25
2014.10.23 01:11:07.384,1.26409,1.26411,1.00,2.44
2014.10.23 01:11:09.365,1.26409,1.2641,1.00,1.00
2014.10.23 01:11:09.871,1.26409,1.26411,1.00,2.44
2014.10.23 01:11:10.845,1.26409,1.2641,1.00,1.00
2014.10.23 01:11:11.658,1.26409,1.26411,1.00,2.44
2014.10.23 01:11:12.194,1.26409,1.2641,1.00,1.00
2014.10.23 01:11:12.728,1.26409,1.26411,1.00,1.50
2014.10.23 01:11:14.327,1.26409,1.2641,1.00,1.00
2014.10.23 01:11:14.964,1.26409,1.26411,1.00,1.50
2014.10.23 01:11:16.177,1.26409,1.2641,1.00,1.00
2014.10.23 01:11:16.686,1.26409,1.26411,1.00,1.50
2014.10.23 01:11:18.099,1.26409,1.2641,1.00,1.00
2014.10.23 01:11:19.401,1.26409,1.26411,1.00,1.50
2014.10.23 01:11:19.980,1.26409,1.2641,1.00,1.00
2014.10.23 01:11:20.528,1.26409,1.26411,1.00,1.50
2014.10.23 01:11:21.159,1.26409,1.2641,1.00,1.00
2014.10.23 01:11:21.707,1.26409,1.26411,1.00,1.50
2014.10.23 01:11:22.250,1.26409,1.2641,1.00,1.00
2014.10.23 01:11:22.809,1.26409,1.26411,1.00,1.50
2014.10.23 01:11:23.770,1.26409,1.2641,1.00,1.00
2014.10.23 01:11:24.483,1.26409,1.26411,1.00,1.50
2014.10.23 01:11:26.514,1.26409,1.2641,1.00,1.00
2014.10.23 01:11:27.021,1.26409,1.26411,1.00,1.50
2014.10.23 01:11:27.573,1.26409,1.2641,1.00,1.00
2014.10.23 01:11:28.081,1.26409,1.26411,1.00,1.00
2014.10.23 01:11:28.762,1.26409,1.2641,1.00,1.00
2014.10.23 01:11:29.351,1.26409,1.26411,1.00,1.00
2014.10.23 01:11:30.211,1.26409,1.2641,1.00,1.00
2014.10.23 01:11:36.997,1.26409,1.26411,1.00,1.50
2014.10.23 01:11:38.065,1.26409,1.2641,1.00,1.00
2014.10.23 01:11:39.633,1.26408,1.2641,1.50,1.00
2014.10.23 01:11:40.936,1.26407,1.2641,5.62,1.50
2014.10.23 01:11:41.565,1.26408,1.2641,1.50,1.00
2014.10.23 01:11:42.156,1.26407,1.2641,5.62,1.00
2014.10.23 01:11:42.733,1.26408,1.2641,1.50,1.50
2014.10.23 01:11:43.276,1.26407,1.2641,5.62,1.00
2014.10.23 01:11:44.670,1.26408,1.2641,1.00,1.50
2014.10.23 01:11:44.721,1.2641,1.26413,1.50,5.81
2014.10.23 01:11:45.025,1.26413,1.26415,3.56,1.00
2014.10.23 01:11:45.076,1.26415,1.26418,1.50,1.37
2014.10.23 01:11:45.583,1.26416,1.26419,1.50,2.00
2014.10.23 01:11:45.988,1.26416,1.26419,1.00,1.25
2014.10.23 01:11:46.509,1.26416,1.26418,1.50,1.50
2014.10.23 01:12:02.079,1.26416,1.2642,4.44,1.50
2014.10.23 01:12:02.180,1.26419,1.26421,1.50,1.87
2014.10.23 01:12:02.686,1.2642,1.26422,1.00,2.25
2014.10.23 01:12:03.040,1.2642,1.26423,1.00,5.06
2014.10.23 01:12:03.800,1.2642,1.26422,2.25,1.50
2014.10.23 01:12:04.052,1.26422,1.26425,1.00,1.87
2014.10.23 01:12:04.356,1.26423,1.26427,2.25,3.94
2014.10.23 01:12:05.209,1.26423,1.26427,2.25,3.00
2014.10.23 01:12:08.380,1.26424,1.26427,1.00,3.00
2014.10.23 01:12:09.067,1.26423,1.26427,3.00,3.00
2014.10.23 01:12:09.827,1.26424,1.26427,1.00,3.00
2014.10.23 01:12:15.002,1.26424,1.26426,1.00,1.00
2014.10.23 01:12:15.457,1.26422,1.26425,2.25,1.00
2014.10.23 01:12:16.674,1.26421,1.26423,2.25,1.00
2014.10.23 01:12:16.928,1.26418,1.26422,4.50,2.44
2014.10.23 01:12:17.434,1.26419,1.26422,1.50,3.56
2014.10.23 01:12:17.788,1.26418,1.26422,1.50,2.74
2014.10.23 01:12:18.308,1.26418,1.26421,1.50,1.15
2014.10.23 01:12:19.403,1.26418,1.26422,1.50,4.99
2014.10.23 01:12:20.510,1.26418,1.26421,2.25,1.15
2014.10.23 01:12:21.128,1.26419,1.26422,1.00,1.00
2014.10.23 01:12:21.431,1.2642,1.26425,2.25,4.51
2014.10.23 01:12:21.583,1.26422,1.26425,1.00,4.31
2014.10.23 01:12:21.685,1.26422,1.26426,2.25,2.81
2014.10.23 01:12:21.873,1.26424,1.26426,1.00,2.25
2014.10.23 01:12:23.111,1.26423,1.26424,1.00,1.00
2014.10.23 01:12:23.213,1.26421,1.26425,1.00,2.81
2014.10.23 01:12:23.718,1.26422,1.26424,1.00,1.50
2014.10.23 01:12:24.072,1.2642,1.26424,3.00,1.50
2014.10.23 01:12:24.429,1.2642,1.26423,1.00,3.19
2014.10.23 01:12:24.733,1.26418,1.2642,1.00,1.50
2014.10.23 01:12:24.834,1.26416,1.2642,1.50,2.25
2014.10.23 01:12:25.341,1.26417,1.2642,1.50,1.00
2014.10.23 01:12:25.392,1.26419,1.26421,1.50,2.55
2014.10.23 01:12:25.494,1.26417,1.26421,1.50,2.44
2014.10.23 01:12:26.000,1.26416,1.26421,1.00,4.31
2014.10.23 01:12:27.452,1.26416,1.26419,1.00,1.00
2014.10.23 01:12:27.705,1.26418,1.26422,1.50,3.94
2014.10.23 01:12:28.211,1.26417,1.2642,1.00,1.50
2014.10.23 01:12:28.962,1.26417,1.2642,1.00,1.69
2014.10.23 01:12:29.670,1.26418,1.26421,1.00,2.89
2014.10.23 01:12:29.872,1.2642,1.26421,1.87,1.50
2014.10.23 01:12:30.125,1.2642,1.26423,1.00,1.69
2014.10.23 01:12:30.530,1.26418,1.26422,1.50,1.50
2014.10.23 01:12:30.955,1.26417,1.2642,2.25,1.00
2014.10.23 01:12:31.460,1.26417,1.26419,1.50,1.69
2014.10.23 01:12:31.511,1.26415,1.26419,3.75,1.69
2014.10.23 01:12:31.966,1.26415,1.26419,1.50,3.19
2014.10.23 01:12:32.067,1.26414,1.26418,1.50,1.25
2014.10.23 01:12:33.891,1.26414,1.26418,1.50,3.19
2014.10.23 01:12:41.912,1.26414,1.26418,1.50,2.25
2014.10.23 01:12:43.287,1.26416,1.26418,1.00,1.25
2014.10.23 01:12:43.490,1.26416,1.2642,2.25,3.00
2014.10.23 01:12:43.642,1.26417,1.2642,2.62,1.50
2014.10.23 01:12:44.501,1.26419,1.2642,1.00,1.00
2014.10.23 01:12:45.842,1.26418,1.2642,1.12,2.25
2014.10.23 01:12:48.450,1.26418,1.26419,1.12,1.00
2014.10.23 01:12:57.181,1.26417,1.26419,1.00,1.00
2014.10.23 01:12:57.384,1.26415,1.26418,3.00,1.00
2014.10.23 01:12:57.586,1.26413,1.26417,3.00,1.00
2014.10.23 01:12:58.109,1.26413,1.26416,2.25,1.00
2014.10.23 01:12:59.039,1.26414,1.26416,1.00,1.00
2014.10.23 01:13:00.635,1.26414,1.26419,2.25,4.46
2014.10.23 01:13:01.154,1.26415,1.26419,1.00,1.69
2014.10.23 01:13:11.841,1.26415,1.26417,1.00,1.00
2014.10.23 01:13:12.347,1.26414,1.26417,1.00,1.00
2014.10.23 01:13:12.858,1.26413,1.26417,2.25,1.00
2014.10.23 01:13:24.118,1.26414,1.26417,1.00,1.00
2014.10.23 01:13:27.488,1.26414,1.26418,2.25,1.69
2014.10.23 01:13:27.791,1.26416,1.26419,1.00,1.25
2014.10.23 01:13:29.404,1.26415,1.26419,2.25,1.00
2014.10.23 01:13:30.708,1.26416,1.26419,1.00,1.00
2014.10.23 01:13:32.247,1.26415,1.26419,1.00,1.25
2014.10.23 01:13:32.622,1.26418,1.26421,1.37,1.00
2014.10.23 01:13:32.775,1.26417,1.2642,1.00,1.69
2014.10.23 01:13:33.041,1.26417,1.26422,1.00,4.69
2014.10.23 01:13:33.896,1.26417,1.26422,1.00,3.56
2014.10.23 01:13:34.149,1.2642,1.26422,1.87,3.56
2014.10.23 01:13:34.654,1.26421,1.26423,1.87,2.62
2014.10.23 01:13:36.197,1.26421,1.26422,1.87,1.50
2014.10.23 01:13:37.016,1.26421,1.26423,1.87,2.62
2014.10.23 01:13:38.089,1.26421,1.26422,1.87,1.50
2014.10.23 01:13:39.217,1.26421,1.26424,3.37,1.00
2014.10.23 01:13:39.319,1.26423,1.26426,1.87,4.87
2014.10.23 01:13:39.623,1.26425,1.26427,1.00,1.00
2014.10.23 01:13:41.627,1.26426,1.26427,1.00,1.00
2014.10.23 01:13:42.475,1.26424,1.26427,1.50,1.00
2014.10.23 01:13:43.038,1.26423,1.26427,1.00,1.00
2014.10.23 01:13:45.745,1.26422,1.26426,6.56,1.00
2014.10.23 01:13:46.408,1.26423,1.26426,1.50,1.00
2014.10.23 01:13:46.913,1.26422,1.26426,6.56,1.00
2014.10.23 01:13:47.739,1.26423,1.26426,1.50,1.50
2014.10.23 01:13:48.756,1.26422,1.26426,7.12,1.50
2014.10.23 01:13:49.516,1.26423,1.26426,1.50,1.50
2014.10.23 01:13:50.130,1.26422,1.26426,7.12,1.50
2014.10.23 01:13:50.781,1.26423,1.26426,1.50,1.50
2014.10.23 01:13:51.289,1.26422,1.26427,5.81,2.25
2014.10.23 01:13:52.586,1.26423,1.26427,1.50,2.25
2014.10.23 01:13:53.186,1.26422,1.26427,5.62,2.25
2014.10.23 01:13:54.717,1.26423,1.26427,1.00,2.25
2014.10.23 01:14:00.750,1.26424,1.26427,1.00,2.25
2014.10.23 01:14:01.204,1.26422,1.26427,3.37,1.50
2014.10.23 01:14:01.751,1.26423,1.26427,1.00,1.50
2014.10.23 01:14:02.767,1.26422,1.26427,3.00,1.50
2014.10.23 01:14:03.850,1.26422,1.26426,2.25,1.00
2014.10.23 01:14:12.403,1.26423,1.26426,1.00,1.50
2014.10.23 01:14:19.807,1.26422,1.26426,2.25,2.25
2014.10.23 01:14:20.394,1.26422,1.26425,2.25,1.50
2014.10.23 01:14:21.488,1.26421,1.26425,4.12,1.50
2014.10.23 01:14:22.635,1.26422,1.26425,1.00,2.17
2014.10.23 01:14:23.543,1.26421,1.26425,4.12,2.17
2014.10.23 01:14:24.064,1.26422,1.26425,1.00,1.50
2014.10.23 01:14:24.598,1.26421,1.26425,4.31,1.50
2014.10.23 01:14:25.529,1.26422,1.26425,1.00,1.50
2014.10.23 01:14:26.746,1.26421,1.26425,4.31,1.50
2014.10.23 01:14:27.306,1.26422,1.26425,1.00,2.17
2014.10.23 01:14:28.418,1.26421,1.26423,1.87,1.87
2014.10.23 01:14:28.924,1.26421,1.26422,1.00,1.00
2014.10.23 01:14:29.227,1.26419,1.26423,3.00,2.62
2014.10.23 01:14:29.799,1.2642,1.26422,1.87,1.00
2014.10.23 01:14:30.304,1.2642,1.26421,1.87,1.00
2014.10.23 01:14:30.408,1.26418,1.2642,1.50,2.50
2014.10.23 01:14:30.460,1.26416,1.26419,3.17,1.00
2014.10.23 01:14:30.966,1.26417,1.2642,1.00,1.00
2014.10.23 01:14:35.939,1.26416,1.2642,1.50,1.00
2014.10.23 01:14:36.445,1.26416,1.26419,1.23,1.00
2014.10.23 01:14:44.800,1.26417,1.26419,2.29,1.00
2014.10.23 01:14:44.852,1.26419,1.26421,1.50,1.87
2014.10.23 01:14:45.359,1.26418,1.26422,1.00,1.50
2014.10.23 01:14:45.867,1.26418,1.26421,1.00,1.00
2014.10.23 01:14:54.529,1.26418,1.26422,1.00,2.25
2014.10.23 01:15:01.183,1.26417,1.26422,5.44,3.00
2014.10.23 01:15:03.430,1.26417,1.26421,1.69,1.00
2014.10.23 01:15:04.021,1.26417,1.2642,2.44,1.50
2014.10.23 01:15:10.247,1.26417,1.2642,4.69,1.50
2014.10.23 01:15:12.252,1.26416,1.2642,5.44,2.17
2014.10.23 01:15:13.092,1.26417,1.2642,2.25,2.17
2014.10.23 01:15:13.653,1.26416,1.2642,5.44,2.17
2014.10.23 01:15:15.324,1.26417,1.2642,2.25,1.50
2014.10.23 01:15:15.839,1.26416,1.2642,5.44,1.50
2014.10.23 01:15:17.001,1.26418,1.2642,1.50,1.42
2014.10.23 01:15:18.769,1.26419,1.2642,1.87,1.00
2014.10.23 01:15:18.821,1.2642,1.26422,1.00,1.00
2014.10.23 01:15:18.973,1.26422,1.26425,1.00,2.25
2014.10.23 01:15:19.075,1.26423,1.26425,1.00,2.25
2014.10.23 01:15:20.512,1.2642,1.26424,6.04,1.50
2014.10.23 01:15:21.019,1.2642,1.26425,5.81,3.67
2014.10.23 01:15:22.531,1.26422,1.26425,1.25,3.00
2014.10.23 01:15:23.495,1.26422,1.26425,2.44,3.00
2014.10.23 01:15:25.526,1.26422,1.26425,1.25,3.00
2014.10.23 01:15:27.580,1.26422,1.26425,3.19,1.50
2014.10.23 01:15:30.580,1.26423,1.26425,2.44,1.50
2014.10.23 01:15:31.955,1.26422,1.26425,2.44,1.00
2014.10.23 01:15:34.590,1.26424,1.26425,1.25,1.00
2014.10.23 01:15:34.995,1.26422,1.26425,1.00,1.50
2014.10.23 01:15:35.047,1.26422,1.26423,1.00,1.00
2014.10.23 01:15:35.561,1.26421,1.26424,1.00,1.50
2014.10.23 01:15:38.557,1.2642,1.26424,3.19,1.50
2014.10.23 01:15:40.718,1.26421,1.26424,1.00,1.50
2014.10.23 01:15:47.139,1.2642,1.26424,1.50,1.50
2014.10.23 01:15:48.210,1.26421,1.26424,1.00,1.00
2014.10.23 01:15:51.120,1.2642,1.26424,5.44,1.00
2014.10.23 01:15:53.997,1.26421,1.26426,1.50,2.25
2014.10.23 01:15:55.160,1.26421,1.26425,1.50,1.00
2014.10.23 01:15:55.666,1.2642,1.26424,1.00,1.50
2014.10.23 01:16:02.641,1.26421,1.26424,1.00,1.00
2014.10.23 01:16:04.278,1.2642,1.26424,2.81,1.00
2014.10.23 01:16:04.784,1.2642,1.26424,3.56,1.00
2014.10.23 01:16:05.384,1.2642,1.26424,3.56,1.00
2014.10.23 01:16:08.803,1.26422,1.26424,1.00,1.00
2014.10.23 01:16:24.425,1.26422,1.26425,1.00,1.50
2014.10.23 01:16:29.430,1.26421,1.26425,1.25,2.89
2014.10.23 01:16:39.368,1.26421,1.26424,1.00,1.00
2014.10.23 01:16:39.673,1.2642,1.26422,1.00,2.44
2014.10.23 01:16:40.185,1.26419,1.26421,1.00,1.50
2014.10.23 01:16:40.986,1.26418,1.26421,1.00,1.60
2014.10.23 01:16:41.518,1.26419,1.26422,1.00,6.04
2014.10.23 01:16:42.224,1.26418,1.26422,1.00,6.04
2014.10.23 01:16:43.423,1.26419,1.26422,1.00,3.04
2014.10.23 01:16:43.982,1.26417,1.26422,1.00,3.04
2014.10.23 01:16:44.857,1.26419,1.26421,1.00,1.35
2014.10.23 01:16:45.458,1.26417,1.26421,1.00,1.60
2014.10.23 01:16:45.991,1.26419,1.26421,1.00,2.10
2014.10.23 01:16:47.520,1.26418,1.26421,1.00,2.10
2014.10.23 01:16:48.028,1.26418,1.26421,1.00,2.10
2014.10.23 01:16:48.787,1.26418,1.26421,1.00,2.10
2014.10.23 01:16:49.471,1.26419,1.26421,1.00,2.10
2014.10.23 01:16:49.977,1.26419,1.26421,1.00,2.10
2014.10.23 01:16:50.496,1.26419,1.26421,1.00,2.10
2014.10.23 01:16:51.012,1.26419,1.26421,1.00,2.10
2014.10.23 01:16:53.875,1.26418,1.26421,1.00,2.29
2014.10.23 01:16:54.625,1.26419,1.26421,1.00,2.10
2014.10.23 01:16:55.261,1.26419,1.26421,1.00,2.10
2014.10.23 01:16:56.074,1.26418,1.26421,1.00,2.10
2014.10.23 01:16:56.580,1.26418,1.26421,1.00,2.10
2014.10.23 01:16:57.213,1.26418,1.26422,1.00,2.85
2014.10.23 01:16:57.764,1.26419,1.26422,1.00,2.10
2014.10.23 01:16:58.311,1.26419,1.26422,1.00,2.10
2014.10.23 01:17:00.391,1.26419,1.26421,1.00,2.10
2014.10.23 01:17:00.898,1.26419,1.26421,1.00,2.10
2014.10.23 01:17:02.588,1.26419,1.26421,1.00,2.10
2014.10.23 01:17:03.095,1.26419,1.26421,1.00,2.10
2014.10.23 01:17:03.147,1.26417,1.26419,1.50,1.00
2014.10.23 01:17:03.299,1.26415,1.26419,3.56,2.25
2014.10.23 01:17:03.451,1.26415,1.26417,2.62,1.00
2014.10.23 01:17:03.552,1.26415,1.26419,3.37,1.00
2014.10.23 01:17:05.801,1.26415,1.26418,4.69,1.00
2014.10.23 01:17:06.306,1.26415,1.26419,3.00,2.25
2014.10.23 01:17:06.809,1.26415,1.26418,3.75,1.00
2014.10.23 01:17:07.327,1.26415,1.26419,3.00,2.25
2014.10.23 01:17:13.466,1.26415,1.26418,2.62,1.00
2014.10.23 01:17:13.979,1.26415,1.26417,2.25,1.50
2014.10.23 01:17:15.271,1.26415,1.26419,2.62,3.00
2014.10.23 01:17:15.816,1.26415,1.26418,1.00,2.25
2014.10.23 01:17:16.786,1.26414,1.26418,6.60,1.50
2014.10.23 01:17:17.644,1.26415,1.26418,1.00,2.25
2014.10.23 01:17:18.147,1.26415,1.26417,1.00,1.00
2014.10.23 01:17:20.481,1.26414,1.26417,4.69,1.00
2014.10.23 01:17:21.088,1.26415,1.26417,1.12,1.00
2014.10.23 01:17:21.670,1.26414,1.26417,4.69,1.00
2014.10.23 01:17:22.383,1.26415,1.26417,1.50,1.00
2014.10.23 01:17:23.023,1.26414,1.26417,5.25,1.00
2014.10.23 01:17:23.540,1.26415,1.26417,1.50,1.00
2014.10.23 01:17:24.278,1.26414,1.26417,5.25,1.00
2014.10.23 01:17:24.809,1.26415,1.26417,1.00,1.00
2014.10.23 01:17:25.620,1.26414,1.26417,4.50,1.00
2014.10.23 01:17:26.137,1.26415,1.26417,1.12,1.00
2014.10.23 01:17:26.887,1.26414,1.26417,4.50,1.00
2014.10.23 01:17:27.961,1.26415,1.26417,1.12,1.00
2014.10.23 01:17:28.785,1.26414,1.26417,3.37,1.50
2014.10.23 01:17:29.439,1.26415,1.26417,1.00,1.50
2014.10.23 01:17:30.200,1.26414,1.26417,3.37,1.50
2014.10.23 01:17:30.757,1.26415,1.26417,2.25,1.50
2014.10.23 01:17:31.394,1.26414,1.26417,4.12,1.50
2014.10.23 01:17:31.932,1.26415,1.26417,1.00,1.50
2014.10.23 01:17:32.485,1.26414,1.26417,4.12,1.50
2014.10.23 01:17:32.997,1.26415,1.26417,1.00,1.50
2014.10.23 01:17:34.468,1.26414,1.26417,4.12,1.50
2014.10.23 01:17:34.672,1.26417,1.2642,4.35,5.32
2014.10.23 01:17:34.824,1.26418,1.26421,1.87,2.25
2014.10.23 01:17:35.128,1.2642,1.26423,1.00,1.00
2014.10.23 01:17:35.381,1.2642,1.26425,5.25,1.50
2014.10.23 01:17:35.907,1.26421,1.26425,1.00,1.00
2014.10.23 01:17:36.417,1.2642,1.26425,6.19,1.50
2014.10.23 01:17:38.560,1.26421,1.26425,1.00,1.50
2014.10.23 01:17:39.211,1.26422,1.26425,1.00,2.25
2014.10.23 01:17:39.917,1.26421,1.26425,1.00,1.50
2014.10.23 01:17:40.628,1.26422,1.26425,1.00,1.50
2014.10.23 01:17:41.239,1.26421,1.26425,1.50,1.50
2014.10.23 01:17:41.750,1.2642,1.26425,2.62,1.50
2014.10.23 01:17:42.087,1.2642,1.26423,3.37,1.00
2014.10.23 01:17:42.391,1.26419,1.26421,1.00,1.00
2014.10.23 01:17:42.442,1.26417,1.2642,1.00,1.50
2014.10.23 01:17:42.947,1.26416,1.2642,1.00,3.00
2014.10.23 01:17:43.480,1.26416,1.26419,1.00,1.50
2014.10.23 01:17:56.764,1.26416,1.2642,1.50,3.75
2014.10.23 01:18:04.789,1.26416,1.26419,1.50,1.00
2014.10.23 01:18:11.486,1.26415,1.26419,1.00,3.00
2014.10.23 01:18:17.189,1.26415,1.26418,1.00,1.00
2014.10.23 01:18:17.710,1.26415,1.26419,1.00,1.50
2014.10.23 01:18:21.336,1.26415,1.26418,1.00,1.50
2014.10.23 01:18:21.841,1.26415,1.26419,1.12,2.25
2014.10.23 01:18:22.352,1.26416,1.26419,1.00,3.00
2014.10.23 01:18:23.241,1.26417,1.26419,1.87,2.25
2014.10.23 01:18:23.869,1.26418,1.26419,1.00,3.00
2014.10.23 01:18:24.404,1.26417,1.26419,2.62,2.25
2014.10.23 01:18:25.547,1.26417,1.2642,2.62,3.19
2014.10.23 01:18:26.278,1.26418,1.2642,1.00,1.50
2014.10.23 01:18:26.980,1.26417,1.2642,3.37,1.50
2014.10.23 01:18:27.490,1.26418,1.2642,1.00,1.00
2014.10.23 01:18:28.300,1.26417,1.2642,3.37,1.00
2014.10.23 01:18:29.676,1.26417,1.26419,3.37,1.00
2014.10.23 01:18:30.281,1.26418,1.26419,1.00,1.00
2014.10.23 01:18:30.792,1.26418,1.2642,1.00,3.00
2014.10.23 01:18:31.372,1.26417,1.2642,3.37,1.50
2014.10.23 01:18:33.303,1.26418,1.2642,1.00,3.00
2014.10.23 01:18:33.912,1.26417,1.2642,3.37,1.50
2014.10.23 01:18:34.477,1.26417,1.26419,3.37,1.00
2014.10.23 01:18:35.521,1.26418,1.26419,1.00,1.00
2014.10.23 01:18:36.247,1.26417,1.26419,1.12,1.50
2014.10.23 01:18:37.915,1.26417,1.26419,1.00,2.62
2014.10.23 01:18:38.424,1.26416,1.26419,1.00,1.00
2014.10.23 01:18:42.697,1.26416,1.26418,1.00,1.50
2014.10.23 01:18:46.397,1.26415,1.26418,1.00,1.50
2014.10.23 01:18:46.898,1.26414,1.26418,4.50,1.50
2014.10.23 01:18:47.446,1.26415,1.26418,1.00,2.25
2014.10.23 01:18:48.217,1.26414,1.26418,4.50,1.50
2014.10.23 01:18:48.734,1.26415,1.26418,1.00,2.25
2014.10.23 01:18:49.846,1.26414,1.26418,4.50,1.50
2014.10.23 01:18:50.538,1.26415,1.26418,1.00,2.25
2014.10.23 01:18:51.798,1.26414,1.26418,4.50,1.50
2014.10.23 01:18:52.397,1.26415,1.26418,1.00,2.25
2014.10.23 01:18:53.194,1.26415,1.26417,1.00,1.00
2014.10.23 01:18:53.737,1.26414,1.26418,4.50,4.12
2014.10.23 01:18:54.747,1.26414,1.26417,4.50,1.00
2014.10.23 01:18:55.416,1.26414,1.26418,3.75,4.12
2014.10.23 01:18:56.049,1.26415,1.26417,1.00,1.00
2014.10.23 01:18:56.588,1.26414,1.26418,4.50,4.12
2014.10.23 01:18:58.172,1.26414,1.26417,4.50,1.00
2014.10.23 01:18:58.999,1.26414,1.26418,3.00,4.12
2014.10.23 01:19:00.890,1.26414,1.26417,4.50,1.00
2014.10.23 01:19:01.399,1.26414,1.26418,3.00,2.25
2014.10.23 01:19:01.943,1.26414,1.26417,4.50,1.00
2014.10.23 01:19:02.563,1.26414,1.26418,3.00,2.25
2014.10.23 01:19:03.203,1.26414,1.26417,4.50,1.00
2014.10.23 01:19:03.707,1.26414,1.26418,3.00,2.25
2014.10.23 01:19:04.221,1.26414,1.26417,4.50,1.00
2014.10.23 01:19:04.722,1.26414,1.26418,3.00,2.25
2014.10.23 01:19:05.730,1.26414,1.26417,4.50,1.00
2014.10.23 01:19:06.261,1.26414,1.26418,3.00,2.25
2014.10.23 01:19:07.083,1.26414,1.26417,5.06,1.00
2014.10.23 01:19:07.625,1.26414,1.26418,3.56,2.25
2014.10.23 01:19:14.672,1.26415,1.26419,3.00,3.00
2014.10.23 01:19:14.925,1.2642,1.26422,2.10,1.00
2014.10.23 01:19:14.976,1.26419,1.26422,2.47,1.00
2014.10.23 01:19:15.354,1.26418,1.26419,1.00,1.00
2014.10.23 01:19:15.557,1.26415,1.26419,4.31,1.00
2014.10.23 01:19:19.515,1.26416,1.26419,1.00,1.00
2014.10.23 01:19:20.352,1.26415,1.26419,3.75,1.00
2014.10.23 01:19:21.571,1.26416,1.26419,1.00,1.00
2014.10.23 01:19:22.349,1.26415,1.26419,3.75,1.00
2014.10.23 01:19:22.922,1.26416,1.26419,1.00,1.00
2014.10.23 01:19:22.973,1.26418,1.2642,1.00,1.12
2014.10.23 01:19:23.176,1.26419,1.26422,4.72,3.75
2014.10.23 01:19:23.299,1.2642,1.26422,2.10,3.75
2014.10.23 01:19:23.503,1.26419,1.26422,3.97,1.00
2014.10.23 01:19:24.137,1.26419,1.26422,3.97,1.00
2014.10.23 01:19:26.834,1.2642,1.26422,3.97,4.50
2014.10.23 01:19:28.257,1.26421,1.26423,1.00,5.25
2014.10.23 01:19:28.763,1.26421,1.26422,1.12,1.87
2014.10.23 01:19:29.424,1.26421,1.26423,1.00,5.25
2014.10.23 01:19:29.984,1.2642,1.26422,3.37,2.62
2014.10.23 01:19:30.551,1.26419,1.26422,9.22,4.87
2014.10.23 01:19:33.743,1.26421,1.26422,1.00,4.12
2014.10.23 01:19:34.555,1.2642,1.26422,1.12,1.87
2014.10.23 01:19:35.369,1.26421,1.26422,1.00,4.12
2014.10.23 01:19:35.927,1.2642,1.26422,1.12,1.87
2014.10.23 01:19:36.692,1.2642,1.26425,6.97,6.37
2014.10.23 01:19:36.793,1.26424,1.26427,3.97,1.50
2014.10.23 01:19:36.895,1.26424,1.26427,1.87,1.50
2014.10.23 01:19:36.946,1.26424,1.26429,1.87,3.22
2014.10.23 01:19:37.452,1.26424,1.26428,4.72,1.30
2014.10.23 01:19:38.472,1.26424,1.26428,1.00,1.30
2014.10.23 01:19:38.522,1.26424,1.26426,1.00,1.00
2014.10.23 01:19:38.826,1.26423,1.26426,1.69,1.00
2014.10.23 01:19:40.774,1.26422,1.26424,1.50,3.37
2014.10.23 01:19:40.927,1.2642,1.26422,1.00,3.25
2014.10.23 01:19:42.410,1.26419,1.26421,3.37,1.00
2014.10.23 01:19:42.916,1.2642,1.26421,1.00,1.00
2014.10.23 01:19:43.422,1.2642,1.26422,1.00,1.50
2014.10.23 01:19:43.763,1.26421,1.26425,3.97,2.25
2014.10.23 01:19:43.814,1.26423,1.26425,1.00,1.50
2014.10.23 01:19:44.359,1.26424,1.26427,1.00,1.50
2014.10.23 01:19:45.895,1.26421,1.26424,1.12,4.05
2014.10.23 01:19:46.048,1.26422,1.26424,1.00,4.05
2014.10.23 01:19:46.564,1.26421,1.26423,1.50,1.00
2014.10.23 01:19:47.001,1.26421,1.26425,5.47,1.69
2014.10.23 01:19:47.052,1.26424,1.26425,1.00,1.50
2014.10.23 01:19:47.305,1.26424,1.26427,1.00,2.25
2014.10.23 01:19:53.427,1.26424,1.26426,1.00,1.00
2014.10.23 01:19:55.779,1.26425,1.26427,1.00,2.25
2014.10.23 01:20:02.674,1.26425,1.26427,1.00,1.50
2014.10.23 01:20:03.181,1.26426,1.26428,1.00,1.00
2014.10.23 01:20:07.159,1.26426,1.26428,1.00,2.25
2014.10.23 01:20:07.674,1.26426,1.26427,1.00,1.50
2014.10.23 01:20:30.103,1.26422,1.26426,1.00,2.50
2014.10.23 01:20:30.154,1.26421,1.26424,2.25,1.50
2014.10.23 01:20:30.357,1.26419,1.26422,1.87,4.37
2014.10.23 01:20:30.458,1.26418,1.2642,1.50,1.50
2014.10.23 01:20:30.611,1.26418,1.2642,1.00,1.50
2014.10.23 01:20:34.610,1.26417,1.2642,1.00,1.50
2014.10.23 01:20:36.757,1.26418,1.2642,1.00,1.50
2014.10.23 01:20:39.039,1.26419,1.2642,1.00,1.50
2014.10.23 01:20:41.046,1.26418,1.2642,1.00,1.50
2014.10.23 01:20:41.562,1.26419,1.2642,1.00,1.50
2014.10.23 01:20:56.988,1.26419,1.26421,1.00,3.00
2014.10.23 01:20:59.019,1.26419,1.2642,1.00,1.00
2014.10.23 01:21:08.906,1.26417,1.2642,3.00,1.00
2014.10.23 01:21:09.412,1.26418,1.2642,1.50,1.00
2014.10.23 01:21:10.023,1.26419,1.2642,1.00,1.00
2014.10.23 01:21:10.838,1.26418,1.2642,1.50,1.00
2014.10.23 01:21:11.450,1.26419,1.2642,1.00,1.00
2014.10.23 01:21:12.015,1.26418,1.2642,1.50,1.00
2014.10.23 01:21:12.518,1.26419,1.2642,1.00,1.00
2014.10.23 01:21:13.031,1.26418,1.2642,1.50,1.00
2014.10.23 01:21:13.724,1.26419,1.2642,1.00,1.00
2014.10.23 01:21:14.240,1.26418,1.2642,1.50,1.00
2014.10.23 01:21:14.763,1.26419,1.2642,1.00,1.00
2014.10.23 01:21:15.309,1.26418,1.2642,1.50,1.00
2014.10.23 01:21:16.368,1.26419,1.2642,1.00,1.00
2014.10.23 01:21:17.014,1.26418,1.2642,1.50,1.00
2014.10.23 01:21:18.420,1.26419,1.2642,1.00,1.00
2014.10.23 01:21:18.929,1.26418,1.2642,1.50,1.00
2014.10.23 01:21:19.901,1.26419,1.2642,1.00,1.00
2014.10.23 01:21:20.205,1.2642,1.26422,1.12,2.25
2014.10.23 01:21:20.710,1.2642,1.26423,1.87,6.56
2014.10.23 01:21:21.369,1.2642,1.26422,3.22,1.50
2014.10.23 01:21:22.080,1.2642,1.26423,1.35,6.37
2014.10.23 01:21:22.590,1.2642,1.26422,2.10,1.50
2014.10.23 01:21:23.296,1.2642,1.26423,1.35,6.56
2014.10.23 01:21:23.949,1.2642,1.26422,2.10,1.50
2014.10.23 01:21:24.455,1.2642,1.26423,1.35,6.56
2014.10.23 01:21:25.120,1.2642,1.26422,2.10,1.50
2014.10.23 01:21:25.666,1.2642,1.26423,1.35,6.37
2014.10.23 01:21:26.180,1.2642,1.26422,2.10,1.50
2014.10.23 01:21:26.733,1.2642,1.26423,1.35,6.37
2014.10.23 01:21:28.239,1.26421,1.26423,1.00,6.56
2014.10.23 01:21:29.105,1.26421,1.26422,1.00,1.50
2014.10.23 01:21:29.723,1.26421,1.26423,1.00,6.56
2014.10.23 01:21:31.383,1.26421,1.26422,1.00,1.50
2014.10.23 01:21:31.928,1.26421,1.26423,1.00,6.37
2014.10.23 01:21:33.508,1.26421,1.26422,1.50,1.50
2014.10.23 01:21:34.016,1.26421,1.26423,1.00,6.56
2014.10.23 01:21:34.925,1.26421,1.26422,1.50,1.50
2014.10.23 01:21:35.941,1.26421,1.26423,1.00,6.37
2014.10.23 01:21:36.500,1.26421,1.26422,1.50,1.50
2014.10.23 01:21:37.262,1.26421,1.26423,1.00,6.37
2014.10.23 01:21:39.675,1.26421,1.26422,1.50,1.50
2014.10.23 01:21:41.200,1.26422,1.26424,1.00,1.00
2014.10.23 01:21:41.251,1.26422,1.26425,2.25,1.50
2014.10.23 01:21:41.352,1.26424,1.26425,1.00,1.50
2014.10.23 01:21:41.656,1.26424,1.26426,1.00,2.25
2014.10.23 01:21:42.973,1.26427,1.26429,1.00,2.25
2014.10.23 01:21:44.701,1.26427,1.26428,1.00,1.00
2014.10.23 01:21:44.752,1.26425,1.26428,1.00,1.00
2014.10.23 01:21:48.549,1.26422,1.26426,1.12,1.00
2014.10.23 01:21:49.054,1.26423,1.26424,1.00,1.00
2014.10.23 01:21:49.156,1.26423,1.26426,1.50,1.00
2014.10.23 01:21:49.692,1.26424,1.26426,1.00,1.00
2014.10.23 01:21:51.751,1.26424,1.26428,4.12,1.25
2014.10.23 01:21:52.261,1.26426,1.26429,1.00,1.00
2014.10.23 01:21:53.207,1.26425,1.26429,3.75,1.50
2014.10.23 01:21:53.711,1.26426,1.26429,1.50,1.50
2014.10.23 01:21:54.422,1.26425,1.26429,1.87,1.50
2014.10.23 01:21:54.766,1.26428,1.26431,1.00,3.94
2014.10.23 01:21:54.817,1.26429,1.26431,1.12,1.50
2014.10.23 01:21:54.919,1.2643,1.26432,1.87,2.62
2014.10.23 01:21:56.682,1.2643,1.26431,1.87,1.00
2014.10.23 01:21:58.968,1.2643,1.26432,1.87,3.37
2014.10.23 01:22:13.057,1.2643,1.26432,1.12,1.50
2014.10.23 01:22:13.699,1.26431,1.26432,1.00,3.00
2014.10.23 01:22:14.939,1.2643,1.26432,1.12,1.50
2014.10.23 01:22:15.550,1.26431,1.26432,1.00,3.00
2014.10.23 01:22:16.114,1.2643,1.26432,1.12,1.50
2014.10.23 01:22:16.676,1.26431,1.26432,1.00,3.00
2014.10.23 01:22:17.220,1.2643,1.26432,1.12,1.50
2014.10.23 01:22:18.669,1.26431,1.26432,1.00,3.00
2014.10.23 01:22:19.219,1.2643,1.26432,2.25,1.50
2014.10.23 01:22:23.455,1.26431,1.26432,1.00,3.00
2014.10.23 01:22:23.982,1.2643,1.26432,1.12,1.50
2014.10.23 01:22:24.661,1.26431,1.26432,1.00,3.00
2014.10.23 01:22:25.230,1.2643,1.26432,1.12,1.50
2014.10.23 01:22:26.648,1.26431,1.26432,1.00,3.00
2014.10.23 01:22:27.962,1.2643,1.26432,1.12,1.50
2014.10.23 01:22:30.288,1.26431,1.26432,1.00,3.00
2014.10.23 01:22:30.952,1.2643,1.26432,1.12,1.50
2014.10.23 01:22:31.618,1.26431,1.26432,1.00,3.00
2014.10.23 01:22:32.949,1.2643,1.26432,1.12,1.50
2014.10.23 01:22:34.260,1.26431,1.26432,1.00,3.00
2014.10.23 01:22:35.077,1.2643,1.26432,1.12,1.50
2014.10.23 01:22:35.887,1.26431,1.26432,1.00,3.00
2014.10.23 01:22:36.397,1.2643,1.26432,1.12,1.50
2014.10.23 01:22:36.920,1.26431,1.26432,1.00,3.00
2014.10.23 01:22:37.460,1.2643,1.26432,2.25,1.50
2014.10.23 01:22:41.202,1.26431,1.26432,1.00,3.00
2014.10.23 01:22:42.216,1.2643,1.26432,1.12,1.50
2014.10.23 01:22:44.467,1.26431,1.26432,1.00,4.12
2014.10.23 01:22:44.986,1.2643,1.26432,1.12,3.37
2014.10.23 01:22:46.068,1.2643,1.26432,1.00,4.87
2014.10.23 01:22:46.676,1.2643,1.26432,1.12,3.37
2014.10.23 01:22:48.026,1.26431,1.26432,1.00,2.62
2014.10.23 01:22:48.582,1.2643,1.26432,1.87,2.62
2014.10.23 01:22:50.109,1.26431,1.26432,1.00,3.00
2014.10.23 01:22:52.012,1.2643,1.26432,1.12,1.50
2014.10.23 01:22:52.929,1.26431,1.26432,1.00,3.00
2014.10.23 01:22:53.832,1.2643,1.26432,1.12,1.50
2014.10.23 01:22:54.843,1.2643,1.26433,1.12,4.12
2014.10.23 01:22:55.438,1.26431,1.26432,1.00,1.50
2014.10.23 01:22:57.572,1.2643,1.26433,2.62,4.12
2014.10.23 01:22:58.927,1.26431,1.26432,1.00,1.50
2014.10.23 01:22:59.493,1.2643,1.26433,1.12,4.12
2014.10.23 01:23:00.120,1.26432,1.26433,1.50,2.62
2014.10.23 01:23:00.322,1.26433,1.26435,1.00,1.50
2014.10.23 01:23:00.641,1.26435,1.26436,1.00,1.50
2014.10.23 01:23:01.150,1.26434,1.26436,1.50,1.00
2014.10.23 01:23:04.535,1.26434,1.26436,1.00,1.00
2014.10.23 01:23:04.586,1.26436,1.2644,3.25,2.25
2014.10.23 01:23:04.637,1.26437,1.2644,1.00,2.25
2014.10.23 01:23:04.740,1.26439,1.26441,1.00,2.25
2014.10.23 01:23:05.246,1.2644,1.26441,1.00,1.00
2014.10.23 01:23:05.500,1.26438,1.26441,1.00,1.50
2014.10.23 01:23:05.753,1.2644,1.26442,2.25,1.50
2014.10.23 01:23:06.361,1.2644,1.26442,1.00,1.50
2014.10.23 01:23:07.482,1.26438,1.26442,3.75,2.25
2014.10.23 01:23:07.988,1.26438,1.26441,3.37,1.00
2014.10.23 01:23:08.530,1.26439,1.26442,1.87,2.25
2014.10.23 01:23:09.063,1.2644,1.26442,1.00,1.00
2014.10.23 01:23:12.459,1.26438,1.26441,7.16,1.00
2014.10.23 01:23:13.173,1.2644,1.26442,1.00,2.62
2014.10.23 01:23:13.274,1.2644,1.26442,1.00,3.37
2014.10.23 01:23:13.640,1.2644,1.26442,1.00,2.62
2014.10.23 01:23:14.289,1.26438,1.26441,4.87,1.00
2014.10.23 01:23:15.612,1.2644,1.26441,1.00,1.00
2014.10.23 01:23:16.174,1.2644,1.26442,1.00,3.37
2014.10.23 01:23:17.692,1.26439,1.26442,1.00,3.37
2014.10.23 01:23:18.247,1.2644,1.26442,2.10,2.62
2014.10.23 01:23:18.451,1.26443,1.26447,2.44,2.44
2014.10.23 01:23:18.956,1.26444,1.26447,1.00,1.00
2014.10.23 01:23:19.259,1.26444,1.26446,1.50,1.00
2014.10.23 01:23:20.346,1.26444,1.26447,1.50,1.00
2014.10.23 01:23:21.286,1.26444,1.26446,1.00,1.00
2014.10.23 01:23:21.826,1.26444,1.26447,1.00,1.50
2014.10.23 01:23:22.766,1.26444,1.26445,1.00,1.00
2014.10.23 01:23:22.978,1.26444,1.26447,1.00,2.25
2014.10.23 01:23:24.754,1.26444,1.26446,1.00,1.00
2014.10.23 01:23:25.871,1.26444,1.26445,1.00,1.50
2014.10.23 01:23:25.972,1.26441,1.26444,1.50,1.00
2014.10.23 01:23:26.277,1.26439,1.26441,3.75,1.00
2014.10.23 01:23:26.682,1.26439,1.26443,1.50,3.37
2014.10.23 01:23:27.207,1.26439,1.26442,3.00,2.25
2014.10.23 01:23:27.814,1.26441,1.26442,1.00,1.00
2014.10.23 01:23:28.782,1.26439,1.26442,4.50,1.00
2014.10.23 01:23:29.085,1.26441,1.26443,1.00,1.00
2014.10.23 01:23:29.615,1.26439,1.26442,3.00,1.50
2014.10.23 01:23:30.020,1.26441,1.26442,1.00,1.50
2014.10.23 01:23:31.789,1.26441,1.26443,1.00,2.25
2014.10.23 01:23:32.111,1.26439,1.26441,1.00,1.00
2014.10.23 01:23:32.313,1.26439,1.26441,1.50,1.50
2014.10.23 01:23:34.115,1.26439,1.26442,1.50,1.50
2014.10.23 01:23:35.414,1.2644,1.26443,1.00,3.75
2014.10.23 01:23:36.771,1.2644,1.26441,1.00,1.00
2014.10.23 01:23:37.074,1.26436,1.26438,1.50,1.50
2014.10.23 01:23:37.739,1.26435,1.26438,1.00,2.25
2014.10.23 01:23:38.244,1.26434,1.26437,1.50,1.50
2014.10.23 01:23:38.835,1.26434,1.26438,1.50,3.19
2014.10.23 01:23:38.941,1.26434,1.26436,1.50,1.00
2014.10.23 01:23:40.336,1.26434,1.26437,1.50,1.00
2014.10.23 01:23:40.860,1.26435,1.26437,1.00,1.50
2014.10.23 01:23:41.378,1.26435,1.26436,1.00,1.00
2014.10.23 01:23:41.906,1.26434,1.26437,1.00,1.00
2014.10.23 01:23:45.195,1.26436,1.26438,1.00,1.50
2014.10.23 01:23:47.075,1.26435,1.26438,1.50,1.50
2014.10.23 01:23:47.279,1.26434,1.26436,1.50,1.00
2014.10.23 01:23:47.784,1.26433,1.26436,1.50,1.50
2014.10.23 01:23:54.748,1.26435,1.26436,1.00,1.00
2014.10.23 01:23:58.934,1.26433,1.26435,1.50,2.50
2014.10.23 01:23:59.188,1.2643,1.26432,1.00,2.25
2014.10.23 01:23:59.441,1.26429,1.2643,1.00,1.00
2014.10.23 01:23:59.947,1.26429,1.26431,1.00,2.25
2014.10.23 01:24:00.599,1.26428,1.26431,1.00,2.25
2014.10.23 01:24:14.275,1.26428,1.26429,1.00,1.00
2014.10.23 01:24:14.680,1.26426,1.26428,1.00,1.00
2014.10.23 01:24:24.911,1.26425,1.26428,2.25,1.00
2014.10.23 01:24:30.629,1.26424,1.26428,3.00,1.50
2014.10.23 01:24:41.439,1.26426,1.26429,1.00,1.50
2014.10.23 01:24:45.538,1.26429,1.26431,1.87,4.50
2014.10.23 01:24:45.589,1.26429,1.26431,4.12,2.25
2014.10.23 01:24:45.691,1.2643,1.26433,3.62,1.00
2014.10.23 01:24:45.793,1.26432,1.26434,1.00,1.00
2014.10.23 01:24:45.945,1.26434,1.26435,1.00,3.00
2014.10.23 01:24:47.918,1.26433,1.26437,1.00,1.00
2014.10.23 01:24:57.476,1.26433,1.26435,1.00,3.00
2014.10.23 01:24:59.911,1.26434,1.26435,1.00,3.00
2014.10.23 01:25:02.678,1.26432,1.26435,1.00,3.00
2014.10.23 01:25:04.206,1.26433,1.26435,1.00,3.00
2014.10.23 01:25:08.680,1.26434,1.26435,1.00,2.25
2014.10.23 01:25:12.659,1.26432,1.26435,1.00,1.50
2014.10.23 01:25:12.811,1.26433,1.26437,1.00,1.00
2014.10.23 01:25:13.317,1.26436,1.26439,1.00,1.00
2014.10.23 01:25:14.107,1.26438,1.26441,1.37,3.00
2014.10.23 01:25:14.209,1.26438,1.2644,1.00,1.00
2014.10.23 01:25:14.310,1.26438,1.26441,1.00,3.75
2014.10.23 01:25:14.463,1.26438,1.26439,1.00,1.00
2014.10.23 01:25:14.766,1.26438,1.26441,1.00,2.25
2014.10.23 01:25:14.817,1.26439,1.26443,2.32,3.00
2014.10.23 01:25:14.970,1.26441,1.26442,1.00,1.00
2014.10.23 01:25:15.072,1.26441,1.26445,1.25,1.50
2014.10.23 01:25:16.620,1.26441,1.26446,3.00,1.50
2014.10.23 01:25:17.129,1.26442,1.26446,1.00,1.50
2014.10.23 01:25:17.969,1.26444,1.26446,1.00,1.50
2014.10.23 01:25:24.545,1.26444,1.26445,1.00,1.00
2014.10.23 01:25:26.082,1.26444,1.26446,1.00,2.25
2014.10.23 01:25:27.518,1.26442,1.26446,1.50,3.00
2014.10.23 01:25:29.245,1.26443,1.26446,1.00,1.50
2014.10.23 01:25:29.751,1.26442,1.26446,1.50,2.25
2014.10.23 01:25:30.780,1.26443,1.26446,1.00,3.00
2014.10.23 01:25:30.831,1.26443,1.26446,1.00,2.25
2014.10.23 01:25:31.336,1.26442,1.26444,1.50,1.00
2014.10.23 01:25:31.644,1.26442,1.26446,1.50,4.50
2014.10.23 01:25:32.222,1.26443,1.26446,1.00,3.00
2014.10.23 01:25:32.923,1.26442,1.26446,1.50,3.00
2014.10.23 01:25:33.439,1.26442,1.26444,1.50,1.00
2014.10.23 01:25:36.074,1.26442,1.26445,2.25,1.00
2014.10.23 01:25:36.606,1.26442,1.26446,1.00,2.25
2014.10.23 01:25:38.726,1.26442,1.26445,1.00,2.10
2014.10.23 01:25:39.032,1.2644,1.26442,1.00,4.31
2014.10.23 01:25:39.133,1.26438,1.26441,1.50,1.87
2014.10.23 01:25:39.718,1.26438,1.26442,1.00,5.44
2014.10.23 01:25:39.977,1.26438,1.26441,1.00,1.19
2014.10.23 01:25:40.359,1.26438,1.26442,1.00,5.25
2014.10.23 01:25:41.295,1.26438,1.26441,1.50,1.00
2014.10.23 01:25:41.991,1.26438,1.26442,1.50,1.69
2014.10.23 01:25:44.089,1.26438,1.2644,1.50,1.00
2014.10.23 01:25:45.657,1.26437,1.2644,1.00,1.00
2014.10.23 01:25:46.649,1.26438,1.2644,1.00,1.00
2014.10.23 01:26:24.618,1.26437,1.2644,1.00,1.00
2014.10.23 01:26:31.559,1.26438,1.2644,1.00,1.00
2014.10.23 01:26:39.573,1.26438,1.26441,1.00,2.25
2014.10.23 01:26:39.826,1.2644,1.26444,3.75,1.50
2014.10.23 01:26:39.877,1.26442,1.26444,1.00,1.00
2014.10.23 01:26:40.029,1.26443,1.26446,1.50,1.00
2014.10.23 01:26:40.536,1.26443,1.26447,2.25,3.00
2014.10.23 01:26:44.147,1.26444,1.26447,1.00,2.25
2014.10.23 01:26:46.052,1.26443,1.26447,3.00,2.25
2014.10.23 01:26:46.612,1.26444,1.26447,1.00,2.25
2014.10.23 01:26:47.179,1.26443,1.26447,3.00,2.25
2014.10.23 01:26:48.196,1.26444,1.26447,1.00,2.25
2014.10.23 01:26:48.706,1.26443,1.26446,3.00,1.00
2014.10.23 01:26:50.021,1.26444,1.26446,1.00,1.00
2014.10.23 01:26:50.569,1.26443,1.26446,3.00,1.00
2014.10.23 01:26:51.632,1.26444,1.26446,1.00,1.00
2014.10.23 01:26:52.147,1.26443,1.26446,3.00,1.00
2014.10.23 01:26:52.969,1.26441,1.26445,2.44,1.00
2014.10.23 01:26:53.122,1.2644,1.26441,1.00,1.00
2014.10.23 01:26:53.224,1.26437,1.26441,4.50,2.25
2014.10.23 01:26:53.325,1.26439,1.2644,1.00,1.00
2014.10.23 01:26:53.831,1.26438,1.26441,1.00,1.00
2014.10.23 01:26:54.335,1.26439,1.26441,1.00,1.00
2014.10.23 01:26:54.837,1.26438,1.26442,1.00,2.25
2014.10.23 01:26:55.151,1.26437,1.2644,1.00,1.50
2014.10.23 01:27:04.966,1.26438,1.2644,1.00,1.50
2014.10.23 01:27:23.602,1.26438,1.26441,1.00,2.62
2014.10.23 01:27:24.656,1.26437,1.26441,1.50,2.25
2014.10.23 01:27:33.127,1.26437,1.26441,1.00,2.62
2014.10.23 01:27:33.666,1.26436,1.26441,3.00,2.62
2014.10.23 01:27:34.343,1.26436,1.26441,3.00,1.87
2014.10.23 01:27:35.318,1.26436,1.2644,3.00,1.00
2014.10.23 01:27:36.117,1.26436,1.26439,1.50,1.00
2014.10.23 01:27:36.420,1.26435,1.26437,1.50,1.00
2014.10.23 01:27:36.925,1.26435,1.26437,1.50,1.00
2014.10.23 01:27:37.108,1.26435,1.26439,1.50,5.25
2014.10.23 01:27:37.209,1.26435,1.26437,1.50,1.00
2014.10.23 01:27:38.332,1.26435,1.26436,1.00,1.00
2014.10.23 01:27:38.433,1.26433,1.26436,2.44,1.50
2014.10.23 01:27:38.950,1.26434,1.26436,1.00,1.50
2014.10.23 01:27:39.466,1.26433,1.26436,3.00,1.50
2014.10.23 01:27:39.973,1.26434,1.26437,1.00,2.25
2014.10.23 01:27:41.495,1.26433,1.26436,3.75,3.75
2014.10.23 01:27:41.799,1.2643,1.26432,2.06,1.50
2014.10.23 01:27:42.305,1.26431,1.26434,1.00,3.75
2014.10.23 01:27:42.507,1.26432,1.26433,1.00,1.12
2014.10.23 01:27:42.610,1.26431,1.26432,1.50,1.87
2014.10.23 01:27:43.117,1.26432,1.26433,1.00,2.25
2014.10.23 01:27:43.370,1.26431,1.26433,1.00,1.12
2014.10.23 01:27:43.471,1.2643,1.26433,2.62,1.12
2014.10.23 01:27:43.673,1.2643,1.26432,3.37,1.12
2014.10.23 01:27:43.825,1.26429,1.26431,5.25,1.00
2014.10.23 01:27:44.357,1.2643,1.26432,1.87,2.62
2014.10.23 01:27:45.138,1.26429,1.26431,4.69,1.00
2014.10.23 01:27:45.656,1.2643,1.26431,1.12,1.50
2014.10.23 01:27:46.185,1.26429,1.26431,2.25,1.00
2014.10.23 01:27:47.075,1.2643,1.26431,1.12,1.50
2014.10.23 01:27:47.686,1.26429,1.26431,5.25,1.00
2014.10.23 01:27:48.624,1.2643,1.26431,1.12,1.50
2014.10.23 01:27:49.164,1.26429,1.26431,3.75,1.00
2014.10.23 01:27:49.821,1.2643,1.26431,1.12,1.50
2014.10.23 01:27:50.920,1.26429,1.26431,3.75,1.00
2014.10.23 01:27:51.421,1.2643,1.26431,1.12,1.50
2014.10.23 01:27:51.928,1.26429,1.26431,2.62,1.00
2014.10.23 01:27:53.487,1.2643,1.26431,1.50,1.50
2014.10.23 01:27:54.409,1.2643,1.26431,2.25,1.00
2014.10.23 01:27:55.422,1.2643,1.26431,1.50,1.50
2014.10.23 01:27:56.381,1.2643,1.26431,2.25,1.00
2014.10.23 01:27:57.498,1.2643,1.26431,1.50,1.50
2014.10.23 01:27:58.143,1.26429,1.26432,7.87,2.50
2014.10.23 01:27:58.649,1.26429,1.26432,6.22,1.00
2014.10.23 01:27:59.179,1.26432,1.26434,1.00,1.50
2014.10.23 01:27:59.229,1.26432,1.26433,1.00,1.00
2014.10.23 01:27:59.780,1.26432,1.26433,1.00,1.00
2014.10.23 01:28:00.192,1.26432,1.26433,1.00,1.50
2014.10.23 01:28:01.762,1.26431,1.26433,1.00,1.00
2014.10.23 01:28:02.273,1.26432,1.26433,1.00,1.00
2014.10.23 01:28:02.878,1.26431,1.26433,1.50,1.00
2014.10.23 01:28:03.433,1.26432,1.26433,1.00,1.00
2014.10.23 01:28:05.707,1.26431,1.26433,1.00,1.00
2014.10.23 01:28:06.213,1.26432,1.26433,1.00,1.00
2014.10.23 01:28:06.727,1.26433,1.26436,1.00,6.37
2014.10.23 01:28:07.243,1.26432,1.26434,3.00,1.00
2014.10.23 01:28:07.751,1.26432,1.26434,2.25,1.00
2014.10.23 01:28:07.959,1.26432,1.26436,1.50,3.75
2014.10.23 01:28:08.264,1.26432,1.26434,2.25,1.00
2014.10.23 01:28:08.806,1.26432,1.26434,1.50,1.00
2014.10.23 01:28:09.476,1.26432,1.26434,2.25,1.00
2014.10.23 01:28:10.018,1.26432,1.26434,1.50,1.00
2014.10.23 01:28:10.535,1.26432,1.26434,1.50,1.00
2014.10.23 01:28:11.085,1.26431,1.26434,1.50,1.00
2014.10.23 01:28:11.616,1.26432,1.26433,1.00,1.00
2014.10.23 01:28:11.818,1.26432,1.26435,1.50,2.25
2014.10.23 01:28:13.636,1.26432,1.26434,1.50,1.00
2014.10.23 01:28:14.323,1.26432,1.26435,1.50,1.50
2014.10.23 01:28:14.935,1.26431,1.26434,2.25,1.00
2014.10.23 01:28:15.440,1.26431,1.26433,1.50,1.00
2014.10.23 01:28:15.643,1.26431,1.26435,1.50,6.75
2014.10.23 01:28:16.249,1.26432,1.26435,1.50,1.69
2014.10.23 01:28:16.755,1.26433,1.26435,1.00,1.00
2014.10.23 01:28:17.289,1.26433,1.26435,1.00,2.25
2014.10.23 01:28:17.844,1.26431,1.26434,2.02,1.00
2014.10.23 01:28:18.357,1.26431,1.26435,2.02,2.25
2014.10.23 01:28:18.946,1.26432,1.26435,1.00,3.00
2014.10.23 01:28:20.029,1.26432,1.26434,1.00,1.00
2014.10.23 01:28:20.732,1.26432,1.26435,1.00,2.25
2014.10.23 01:28:22.774,1.26432,1.26434,1.00,1.00
2014.10.23 01:28:23.434,1.26432,1.26435,1.00,3.00
2014.10.23 01:28:24.945,1.26432,1.26434,1.00,1.00
2014.10.23 01:28:25.460,1.26432,1.26435,1.00,2.25
2014.10.23 01:28:25.965,1.26432,1.26434,1.00,1.00
2014.10.23 01:28:26.510,1.26433,1.26435,1.50,3.19
2014.10.23 01:28:26.562,1.26433,1.26435,4.50,2.50
2014.10.23 01:28:26.663,1.26432,1.26433,1.87,2.25
2014.10.23 01:28:26.866,1.2643,1.26433,1.50,4.12
2014.10.23 01:28:27.373,1.2643,1.26432,1.00,1.12
2014.10.23 01:28:30.251,1.26429,1.26432,3.37,1.12
2014.10.23 01:28:30.860,1.2643,1.26432,1.00,2.62
2014.10.23 01:28:31.864,1.26429,1.26432,3.37,1.12
2014.10.23 01:28:32.972,1.2643,1.26432,1.00,2.62
2014.10.23 01:28:34.142,1.26429,1.26432,3.37,3.56
2014.10.23 01:28:34.644,1.2643,1.26432,1.00,3.56
2014.10.23 01:28:35.838,1.26429,1.26432,1.87,1.12
2014.10.23 01:28:35.990,1.26429,1.26431,1.87,1.00
2014.10.23 01:28:36.547,1.26428,1.26429,2.25,1.00
2014.10.23 01:28:36.851,1.26424,1.26427,1.50,1.50
2014.10.23 01:28:37.003,1.26421,1.26426,3.75,2.44
2014.10.23 01:28:37.509,1.26421,1.26425,2.25,1.00
2014.10.23 01:28:38.514,1.26422,1.26425,1.00,1.00
2014.10.23 01:28:42.827,1.26424,1.26425,1.00,1.00
2014.10.23 01:28:43.332,1.26423,1.26426,1.00,2.44
2014.10.23 01:28:44.040,1.26423,1.26425,1.00,1.00
2014.10.23 01:28:47.523,1.26424,1.26428,1.00,2.92
2014.10.23 01:28:47.828,1.26424,1.26427,1.50,1.80
2014.10.23 01:28:48.080,1.26422,1.26427,4.50,1.00
2014.10.23 01:28:48.586,1.26422,1.26426,1.50,1.69
2014.10.23 01:28:49.524,1.26423,1.26426,2.10,1.50
2014.10.23 01:28:49.576,1.26424,1.26426,1.00,1.00
2014.10.23 01:28:49.628,1.26427,1.2643,2.62,3.00
2014.10.23 01:28:49.831,1.26428,1.2643,4.12,1.00
2014.10.23 01:28:50.336,1.26428,1.2643,2.25,2.50
2014.10.23 01:28:50.661,1.26428,1.26431,2.62,3.94
2014.10.23 01:28:50.714,1.26428,1.2643,2.25,1.00
2014.10.23 01:28:51.553,1.26428,1.2643,2.62,1.00
2014.10.23 01:28:51.967,1.26427,1.26429,2.10,1.00
2014.10.23 01:28:52.120,1.26425,1.26428,1.50,1.50
2014.10.23 01:28:52.475,1.26423,1.26427,2.25,1.00
2014.10.23 01:28:53.020,1.26424,1.26427,1.00,1.00
2014.10.23 01:28:53.374,1.26426,1.26427,1.00,1.00
2014.10.23 01:28:53.779,1.26424,1.26427,1.00,1.00
2014.10.23 01:28:54.285,1.26425,1.26429,1.50,4.69
2014.10.23 01:28:54.831,1.26425,1.26429,1.00,1.31
2014.10.23 01:29:01.589,1.26425,1.26429,1.00,3.19
2014.10.23 01:29:03.784,1.26424,1.26428,1.50,3.75
2014.10.23 01:29:05.618,1.26424,1.26428,1.50,6.94
2014.10.23 01:29:06.274,1.26426,1.2643,3.85,3.49
2014.10.23 01:29:06.477,1.26426,1.26428,1.50,1.00
2014.10.23 01:29:06.579,1.26424,1.26429,1.00,5.25
2014.10.23 01:29:07.091,1.26423,1.26428,3.75,1.50
2014.10.23 01:29:07.294,1.26423,1.26426,2.25,1.50
2014.10.23 01:29:07.598,1.26419,1.26421,1.00,2.25
2014.10.23 01:29:07.649,1.26416,1.2642,2.25,2.44
2014.10.23 01:29:08.154,1.26414,1.26419,7.72,2.44
2014.10.23 01:29:08.667,1.26414,1.26418,8.47,1.00
2014.10.23 01:29:09.202,1.26414,1.26419,4.87,3.19
2014.10.23 01:29:09.708,1.26414,1.26419,4.87,3.19
2014.10.23 01:29:10.218,1.26414,1.26419,3.75,1.25
2014.10.23 01:29:12.859,1.26414,1.26418,4.50,1.00
2014.10.23 01:29:14.382,1.26414,1.26419,3.75,1.69
2014.10.23 01:29:15.145,1.26415,1.26418,1.00,2.44
2014.10.23 01:29:15.767,1.26415,1.26418,1.00,2.44
2014.10.23 01:29:16.274,1.26415,1.26419,1.00,2.25
2014.10.23 01:29:16.820,1.26414,1.26419,3.00,2.25
2014.10.23 01:29:18.138,1.26414,1.26418,3.00,1.00
2014.10.23 01:29:18.644,1.26414,1.26419,3.00,2.25
2014.10.23 01:29:19.150,1.26415,1.26419,1.00,1.50
2014.10.23 01:29:20.177,1.26415,1.26417,1.00,1.00
2014.10.23 01:29:20.682,1.26414,1.26417,3.00,1.00
2014.10.23 01:29:21.183,1.26415,1.26417,1.00,1.00
2014.10.23 01:29:29.043,1.26414,1.26416,2.25,1.00
2014.10.23 01:29:29.552,1.26413,1.26416,3.00,1.00
2014.10.23 01:29:30.254,1.26413,1.26417,3.00,3.00
2014.10.23 01:29:31.275,1.26413,1.26416,3.00,1.00
2014.10.23 01:29:32.281,1.26413,1.26417,3.00,3.00
2014.10.23 01:29:33.548,1.26413,1.26416,3.00,1.00
2014.10.23 01:29:33.880,1.26414,1.2642,2.62,4.50
2014.10.23 01:29:34.084,1.26417,1.26418,1.50,1.00
2014.10.23 01:29:34.338,1.26415,1.26417,1.00,1.00
2014.10.23 01:29:34.844,1.26414,1.26417,1.69,1.00
2014.10.23 01:29:35.451,1.26414,1.26416,1.00,1.00
2014.10.23 01:29:36.293,1.26414,1.26417,1.00,1.00
2014.10.23 01:29:41.694,1.26414,1.26416,1.50,1.00
2014.10.23 01:29:42.200,1.26414,1.26417,1.00,1.00
2014.10.23 01:29:42.818,1.26414,1.26416,1.00,1.00
2014.10.23 01:29:43.350,1.26414,1.26417,1.00,1.00
2014.10.23 01:29:46.717,1.26414,1.26416,1.00,1.00
2014.10.23 01:29:47.252,1.26414,1.26417,1.00,1.00
2014.10.23 01:29:47.878,1.26414,1.26416,1.00,1.00
2014.10.23 01:29:48.513,1.26414,1.26417,1.00,1.00
2014.10.23 01:29:49.072,1.26415,1.26417,2.10,1.00
2014.10.23 01:29:49.839,1.26415,1.26417,1.35,1.00
2014.10.23 01:29:50.547,1.26415,1.26417,1.00,1.00
2014.10.23 01:29:51.762,1.26415,1.26417,1.50,1.00
2014.10.23 01:29:52.288,1.26415,1.26417,1.00,1.00
2014.10.23 01:29:52.692,1.26415,1.26419,1.00,1.50
2014.10.23 01:29:52.793,1.26415,1.26417,1.00,1.00
2014.10.23 01:29:54.176,1.26415,1.26417,1.00,1.00
2014.10.23 01:29:55.211,1.26415,1.26417,2.62,1.00
2014.10.23 01:29:55.716,1.26416,1.26417,1.00,1.00
2014.10.23 01:29:56.317,1.26415,1.26417,7.50,1.00
2014.10.23 01:29:56.874,1.26416,1.26418,3.75,1.00
2014.10.23 01:29:57.076,1.26418,1.2642,1.00,3.67
2014.10.23 01:29:58.084,1.26416,1.26419,1.00,1.50
2014.10.23 01:29:58.589,1.26416,1.2642,1.00,3.30
2014.10.23 01:29:59.109,1.26417,1.26419,1.00,1.05
2014.10.23 01:29:59.585,1.26419,1.2642,1.00,4.05
2014.10.23 01:29:59.889,1.26416,1.26419,1.75,3.30
2014.10.23 01:29:59.940,1.26417,1.26419,1.50,2.55
2014.10.23 01:29:59.991,1.26417,1.26419,1.50,1.00
2014.10.23 01:30:00.092,1.26416,1.26419,1.00,1.80
2014.10.23 01:30:00.598,1.26415,1.26418,1.50,1.00
2014.10.23 01:30:01.144,1.26414,1.26417,2.25,1.00
2014.10.23 01:30:02.515,1.26414,1.26416,1.50,1.00
2014.10.23 01:30:02.769,1.26412,1.26416,1.00,1.50
2014.10.23 01:30:03.275,1.26412,1.26415,1.00,1.00
2014.10.23 01:30:07.477,1.26412,1.26414,1.00,1.00
2014.10.23 01:30:08.263,1.26412,1.26413,1.00,1.00
2014.10.23 01:30:09.303,1.26412,1.26415,1.00,1.00
2014.10.23 01:30:10.737,1.26412,1.26415,1.50,1.87
2014.10.23 01:30:12.531,1.26412,1.26413,1.00,1.00
2014.10.23 01:30:13.743,1.26412,1.26414,2.25,1.12
2014.10.23 01:30:15.470,1.26412,1.26414,3.00,1.00
2014.10.23 01:30:15.991,1.26412,1.26414,3.00,1.12
2014.10.23 01:30:16.495,1.26412,1.26414,2.25,1.00
2014.10.23 01:30:17.044,1.26413,1.26414,1.50,1.12
2014.10.23 01:30:17.703,1.26413,1.26415,2.25,2.62
2014.10.23 01:30:18.283,1.26413,1.26414,1.50,1.12
2014.10.23 01:30:18.536,1.26414,1.26416,1.00,1.00
2014.10.23 01:30:23.315,1.26414,1.26417,1.00,7.80
2014.10.23 01:30:24.049,1.26414,1.26416,1.00,1.80
2014.10.23 01:30:24.560,1.26414,1.26417,1.00,7.05
2014.10.23 01:30:25.213,1.26413,1.26417,1.00,7.05
2014.10.23 01:30:25.873,1.26413,1.26416,1.00,2.55
2014.10.23 01:30:32.904,1.26412,1.26413,1.50,1.00
2014.10.23 01:30:33.208,1.26407,1.26411,2.25,2.62
2014.10.23 01:30:33.259,1.26407,1.26408,2.25,1.87
2014.10.23 01:30:33.411,1.26404,1.26408,4.50,1.87
2014.10.23 01:30:33.920,1.26405,1.26407,1.00,1.00
2014.10.23 01:30:35.837,1.26406,1.26407,1.00,1.00
2014.10.23 01:30:48.536,1.26406,1.26408,1.00,2.06
2014.10.23 01:30:48.587,1.26404,1.26408,1.50,2.06
2014.10.23 01:30:49.628,1.26404,1.26407,1.50,1.50
2014.10.23 01:30:50.524,1.26404,1.26408,1.50,2.06
2014.10.23 01:30:51.536,1.26404,1.26407,1.50,1.50
2014.10.23 01:30:51.834,1.26403,1.26407,1.50,3.45
2014.10.23 01:30:52.530,1.26403,1.26406,1.50,1.20
2014.10.23 01:30:53.153,1.26403,1.26407,1.50,3.90
2014.10.23 01:30:53.851,1.26403,1.26406,1.50,1.20
2014.10.23 01:30:54.152,1.26398,1.264,1.50,1.20
2014.10.23 01:30:54.457,1.26395,1.26397,1.50,1.25
2014.10.23 01:30:55.215,1.26395,1.26399,1.50,4.69
2014.10.23 01:30:55.468,1.26393,1.26398,1.00,4.12
2014.10.23 01:30:55.973,1.26393,1.26397,1.50,3.00
2014.10.23 01:30:58.107,1.26395,1.26398,1.00,5.81
2014.10.23 01:30:58.613,1.26394,1.26397,1.50,3.00
2014.10.23 01:30:59.127,1.26394,1.26398,1.50,5.81
2014.10.23 01:30:59.934,1.26394,1.26398,1.50,5.81
2014.10.23 01:31:00.446,1.26395,1.26398,1.00,6.56
2014.10.23 01:31:00.954,1.26396,1.26398,1.00,2.25
2014.10.23 01:31:01.713,1.26396,1.26397,1.00,1.00
2014.10.23 01:31:02.236,1.26395,1.26398,1.00,2.25
2014.10.23 01:31:02.576,1.26397,1.26398,1.00,1.00
2014.10.23 01:31:03.080,1.26397,1.26398,1.00,1.00
2014.10.23 01:31:03.587,1.26397,1.26398,1.00,1.00
2014.10.23 01:31:04.096,1.26394,1.26397,5.10,1.00
2014.10.23 01:31:04.707,1.26397,1.26398,1.00,1.00
2014.10.23 01:31:05.317,1.26394,1.26397,5.25,1.00
2014.10.23 01:31:05.874,1.26396,1.26398,1.00,1.00
2014.10.23 01:31:07.034,1.26394,1.26397,4.50,1.00
2014.10.23 01:31:07.607,1.26396,1.26398,1.00,1.00
2014.10.23 01:31:09.966,1.26396,1.26398,1.00,1.00
2014.10.23 01:31:10.692,1.26397,1.26398,1.00,1.00
2014.10.23 01:31:11.237,1.26396,1.26398,1.00,1.00
2014.10.23 01:31:12.114,1.26394,1.26397,4.50,1.95
2014.10.23 01:31:12.725,1.26396,1.26398,2.25,1.45
2014.10.23 01:31:13.515,1.26395,1.26398,1.00,1.22
2014.10.23 01:31:14.132,1.26396,1.26398,2.25,1.22
2014.10.23 01:31:14.640,1.26397,1.26399,1.00,1.00
2014.10.23 01:31:15.464,1.26396,1.26398,1.00,1.00
2014.10.23 01:31:16.152,1.26397,1.26399,1.00,1.00
2014.10.23 01:31:16.675,1.26396,1.26399,1.50,1.00
2014.10.23 01:31:17.181,1.26396,1.26399,1.00,1.00
2014.10.23 01:31:17.864,1.26396,1.26399,1.50,1.00
2014.10.23 01:31:18.497,1.26396,1.26399,1.00,1.00
2014.10.23 01:31:19.177,1.26396,1.26399,1.50,1.00
2014.10.23 01:31:19.731,1.26396,1.26399,2.25,1.00
2014.10.23 01:31:20.341,1.26396,1.26399,3.00,1.00
2014.10.23 01:31:20.849,1.26396,1.26399,2.25,1.00
2014.10.23 01:31:20.901,1.26398,1.264,2.25,1.00
2014.10.23 01:31:21.002,1.26398,1.264,1.50,1.00
2014.10.23 01:31:21.504,1.26397,1.26399,1.00,1.00
2014.10.23 01:31:22.127,1.26398,1.264,2.25,1.00
2014.10.23 01:31:22.281,1.26398,1.264,2.25,1.00
2014.10.23 01:31:22.382,1.26397,1.264,1.50,1.00
2014.10.23 01:31:22.536,1.26399,1.26401,1.50,1.87
2014.10.23 01:31:22.588,1.264,1.26406,3.62,2.62
2014.10.23 01:31:22.639,1.26404,1.26405,1.50,5.47
2014.10.23 01:31:22.690,1.26404,1.26405,3.00,1.00
2014.10.23 01:31:22.742,1.26405,1.26407,1.00,1.00
2014.10.23 01:31:22.844,1.26406,1.2641,2.25,2.25
2014.10.23 01:31:23.301,1.26408,1.26411,1.00,1.25
2014.10.23 01:31:30.288,1.26407,1.26411,1.00,2.25
2014.10.23 01:31:34.922,1.26407,1.26412,1.00,8.81
2014.10.23 01:31:35.276,1.26406,1.2641,3.75,1.00
2014.10.23 01:32:03.533,1.26406,1.26409,1.00,1.00
2014.10.23 01:32:04.148,1.26405,1.26409,1.50,2.25
2014.10.23 01:32:13.941,1.26407,1.26409,1.00,2.44
2014.10.23 01:32:14.245,1.26408,1.26411,1.00,3.75
2014.10.23 01:32:14.346,1.26408,1.26409,1.00,1.00
2014.10.23 01:32:14.549,1.26406,1.26408,1.00,1.00
2014.10.23 01:32:14.752,1.26404,1.26408,2.25,2.25
2014.10.23 01:32:23.583,1.26404,1.26406,1.50,1.00
2014.10.23 01:32:23.787,1.26402,1.26406,1.69,1.00
2014.10.23 01:32:24.371,1.26402,1.26405,1.00,1.00
2014.10.23 01:32:25.371,1.26401,1.26403,1.50,1.12
2014.10.23 01:32:25.474,1.26398,1.264,1.50,1.00
2014.10.23 01:32:25.525,1.26396,1.26399,1.00,1.50
2014.10.23 01:32:25.576,1.26393,1.26397,3.75,1.00
2014.10.23 01:32:25.729,1.26393,1.26397,1.87,1.00
2014.10.23 01:32:26.251,1.26394,1.26396,1.00,1.50
2014.10.23 01:32:27.636,1.26393,1.26395,1.50,1.50
2014.10.23 01:32:28.414,1.26394,1.26395,1.00,1.50
2014.10.23 01:32:28.517,1.26391,1.26394,3.19,1.00
2014.10.23 01:32:29.025,1.26391,1.26393,1.69,1.00
2014.10.23 01:32:29.415,1.2639,1.26393,1.25,1.00
2014.10.23 01:32:29.719,1.26389,1.26392,3.75,1.00
2014.10.23 01:32:29.821,1.26387,1.2639,1.25,2.50
2014.10.23 01:32:29.872,1.26386,1.26388,1.00,1.00
2014.10.23 01:32:30.378,1.26385,1.26387,1.50,1.50
2014.10.23 01:32:30.884,1.26384,1.26387,1.00,1.50
2014.10.23 01:32:35.916,1.26383,1.26387,2.85,2.25
2014.10.23 01:32:37.023,1.26383,1.26386,2.25,1.00
2014.10.23 01:32:37.294,1.26385,1.26386,1.00,1.00
2014.10.23 01:32:37.801,1.26385,1.26387,1.00,2.25
2014.10.23 01:32:39.077,1.26384,1.26387,1.35,1.50
2014.10.23 01:32:39.918,1.26382,1.26386,3.75,7.50
2014.10.23 01:32:40.171,1.26379,1.26381,1.00,1.00
2014.10.23 01:32:40.324,1.26377,1.2638,1.00,2.25
2014.10.23 01:32:40.527,1.26377,1.26381,1.00,3.37
2014.10.23 01:32:40.781,1.26378,1.2638,1.50,2.05
2014.10.23 01:32:41.287,1.26379,1.26382,1.00,2.05
2014.10.23 01:32:41.389,1.26379,1.26382,1.25,1.28
2014.10.23 01:32:41.896,1.26379,1.26384,7.69,1.86
2014.10.23 01:32:42.402,1.2638,1.26384,3.60,1.86
2014.10.23 01:32:42.908,1.2638,1.26383,2.06,1.55
2014.10.23 01:32:43.163,1.26382,1.26385,1.00,1.00
2014.10.23 01:32:43.366,1.26384,1.26387,1.00,1.50
2014.10.23 01:32:46.014,1.26385,1.26389,1.00,2.89
2014.10.23 01:32:46.698,1.26385,1.26387,1.00,1.00
2014.10.23 01:32:47.232,1.26385,1.26388,1.00,1.00
2014.10.23 01:32:49.207,1.26384,1.26388,1.50,1.00
2014.10.23 01:32:49.257,1.26384,1.26386,1.00,1.00
2014.10.23 01:32:50.002,1.26384,1.26388,1.00,2.77
2014.10.23 01:32:50.563,1.26384,1.26386,1.00,1.00
2014.10.23 01:32:51.276,1.26384,1.26388,1.00,1.52
2014.10.23 01:32:52.901,1.26384,1.26387,1.00,1.52
2014.10.23 01:32:53.431,1.26384,1.26387,1.00,1.27
2014.10.23 01:32:54.116,1.26383,1.26386,2.25,1.00
2014.10.23 01:32:54.904,1.26384,1.26386,1.00,1.27
2014.10.23 01:32:55.436,1.26385,1.26388,1.00,2.02
2014.10.23 01:32:56.554,1.26385,1.26387,1.00,1.52
2014.10.23 01:32:57.365,1.26385,1.26388,1.00,2.02
2014.10.23 01:32:57.923,1.26385,1.26387,1.00,1.52
2014.10.23 01:32:58.424,1.26385,1.26388,1.00,2.02
2014.10.23 01:33:00.213,1.26385,1.26387,1.00,1.52
2014.10.23 01:33:02.388,1.26382,1.26385,1.69,1.00
2014.10.23 01:33:02.938,1.26381,1.26384,1.69,1.00
2014.10.23 01:33:03.191,1.26378,1.26384,5.40,1.00
2014.10.23 01:33:03.293,1.26377,1.2638,1.50,3.25
2014.10.23 01:33:03.395,1.26376,1.26379,1.50,1.00
2014.10.23 01:33:03.901,1.26376,1.26378,1.00,1.50
2014.10.23 01:33:08.027,1.26375,1.26378,1.00,1.00
2014.10.23 01:33:09.145,1.26375,1.26376,1.00,1.00
2014.10.23 01:33:09.347,1.26373,1.26376,1.30,1.35
2014.10.23 01:33:09.854,1.26372,1.26376,2.66,1.00
2014.10.23 01:33:10.429,1.26373,1.26376,1.00,1.00
2014.10.23 01:33:10.963,1.26374,1.26376,1.00,1.35
2014.10.23 01:33:11.419,1.26375,1.26377,1.00,1.35
2014.10.23 01:33:12.071,1.26375,1.26377,1.00,1.35
2014.10.23 01:33:13.271,1.26373,1.26379,3.41,6.04
2014.10.23 01:33:13.799,1.26376,1.26378,1.00,1.60
2014.10.23 01:33:14.306,1.26376,1.26379,1.00,3.75
2014.10.23 01:33:14.509,1.26378,1.2638,1.00,2.40
2014.10.23 01:33:14.611,1.26379,1.26381,1.00,3.30
2014.10.23 01:33:14.814,1.2638,1.26382,1.00,2.62
2014.10.23 01:33:14.966,1.26381,1.26384,1.50,4.12
2014.10.23 01:33:15.068,1.26383,1.26384,1.00,3.37
2014.10.23 01:33:15.372,1.26382,1.26385,1.50,1.00
2014.10.23 01:33:15.473,1.26382,1.26385,2.25,1.00
2014.10.23 01:33:16.030,1.26382,1.26386,3.94,3.00
2014.10.23 01:33:16.132,1.26384,1.26386,1.00,1.50
2014.10.23 01:33:16.653,1.26383,1.26386,2.25,1.00
2014.10.23 01:33:17.515,1.26382,1.26386,3.94,1.00
2014.10.23 01:33:18.022,1.26383,1.26385,1.50,1.87
2014.10.23 01:33:19.160,1.26382,1.26385,1.00,2.62
2014.10.23 01:33:21.252,1.26382,1.26386,1.00,4.87
2014.10.23 01:33:21.797,1.26382,1.26385,1.00,1.00
2014.10.23 01:33:22.325,1.26382,1.26386,1.00,4.87
2014.10.23 01:33:22.659,1.26382,1.26384,1.00,1.87
2014.10.23 01:33:23.178,1.26381,1.26385,3.75,2.62
2014.10.23 01:33:24.007,1.26382,1.26385,1.00,2.62
2014.10.23 01:33:24.564,1.26382,1.26384,1.00,1.12
2014.10.23 01:33:25.070,1.26382,1.26385,1.50,1.50
2014.10.23 01:33:25.684,1.26382,1.26384,1.00,2.62
2014.10.23 01:33:26.089,1.2638,1.26382,1.00,1.50
2014.10.23 01:33:26.191,1.26377,1.2638,1.25,2.62
2014.10.23 01:33:26.444,1.26377,1.26378,1.50,1.00
2014.10.23 01:33:26.968,1.26377,1.26379,2.25,1.87
2014.10.23 01:33:27.794,1.26376,1.26379,1.50,2.62
2014.10.23 01:33:28.138,1.26376,1.26379,1.00,2.62
2014.10.23 01:33:28.658,1.26374,1.26376,2.25,1.00
2014.10.23 01:33:28.860,1.26375,1.26377,1.50,1.00
2014.10.23 01:33:30.023,1.26373,1.26375,2.25,1.00
2014.10.23 01:33:30.581,1.26373,1.26376,1.50,1.50
2014.10.23 01:33:31.791,1.26373,1.26375,2.25,1.00
2014.10.23 01:33:32.685,1.26373,1.26376,2.25,1.50
2014.10.23 01:33:33.526,1.26373,1.26377,2.44,2.25
2014.10.23 01:33:34.568,1.26374,1.26377,2.10,1.50
2014.10.23 01:33:35.175,1.26374,1.26378,1.00,3.75
2014.10.23 01:33:35.788,1.26374,1.26377,1.00,1.00
2014.10.23 01:33:36.397,1.26374,1.26378,1.00,3.75
2014.10.23 01:33:37.058,1.26374,1.26377,1.00,1.00
2014.10.23 01:33:37.585,1.26374,1.26378,1.00,3.75
2014.10.23 01:33:37.898,1.26372,1.26375,4.50,1.00
2014.10.23 01:33:38.560,1.26373,1.26375,1.50,1.00
2014.10.23 01:33:38.662,1.26373,1.26377,2.25,1.50
2014.10.23 01:33:40.540,1.26374,1.26377,1.00,1.50
2014.10.23 01:33:41.058,1.26375,1.26377,1.50,1.00
2014.10.23 01:33:41.564,1.26374,1.26377,1.69,1.00
2014.10.23 01:33:43.242,1.26375,1.26377,1.00,1.00
2014.10.23 01:33:43.989,1.26376,1.26377,1.00,1.00
2014.10.23 01:33:44.242,1.26376,1.2638,1.00,3.94
2014.10.23 01:33:44.495,1.26378,1.2638,1.00,1.00
2014.10.23 01:33:45.001,1.26377,1.2638,1.50,1.50
2014.10.23 01:33:45.564,1.26374,1.2638,7.54,3.00
2014.10.23 01:33:46.069,1.26375,1.26378,1.35,1.00
2014.10.23 01:33:46.373,1.26377,1.2638,1.00,4.31
2014.10.23 01:33:57.970,1.26378,1.2638,1.00,2.25
2014.10.23 01:33:59.091,1.26377,1.2638,1.00,2.25
2014.10.23 01:34:12.234,1.26377,1.26379,1.00,1.00
2014.10.23 01:34:12.756,1.26377,1.2638,1.00,4.12
2014.10.23 01:34:13.303,1.26377,1.26379,1.00,1.00
2014.10.23 01:34:14.336,1.26377,1.2638,1.00,3.37
2014.10.23 01:34:14.958,1.26378,1.26379,1.00,1.00
2014.10.23 01:34:15.682,1.26378,1.2638,1.00,3.37
2014.10.23 01:34:17.212,1.26378,1.26379,1.50,1.00
2014.10.23 01:34:17.737,1.26378,1.2638,1.00,3.37
2014.10.23 01:34:18.244,1.26379,1.2638,1.00,2.25
2014.10.23 01:34:18.559,1.26377,1.2638,2.25,3.00
2014.10.23 01:34:18.812,1.26377,1.2638,2.25,1.50
2014.10.23 01:34:23.651,1.26376,1.2638,3.00,2.62
2014.10.23 01:34:23.802,1.26376,1.26378,2.25,1.00
2014.10.23 01:34:24.310,1.26375,1.26378,1.05,1.00
2014.10.23 01:34:24.670,1.26377,1.26378,1.00,1.00
2014.10.23 01:34:24.721,1.26377,1.2638,1.00,1.50
2014.10.23 01:34:24.999,1.26375,1.2638,3.19,3.75
2014.10.23 01:34:25.858,1.26375,1.26378,1.25,1.00
2014.10.23 01:34:26.464,1.26374,1.26378,5.44,1.00
2014.10.23 01:34:26.973,1.26374,1.26378,5.06,1.00
2014.10.23 01:34:27.492,1.26374,1.26378,5.06,1.00
2014.10.23 01:34:28.025,1.26375,1.2638,4.50,3.75
2014.10.23 01:34:28.544,1.26375,1.26379,1.00,1.50
2014.10.23 01:34:29.068,1.26375,1.2638,1.50,6.00
2014.10.23 01:34:29.119,1.26374,1.26376,3.75,1.00
2014.10.23 01:34:29.373,1.26371,1.26375,3.19,4.87
2014.10.23 01:34:29.677,1.2637,1.26372,1.50,1.50
2014.10.23 01:34:29.829,1.2637,1.26373,3.97,1.00
2014.10.23 01:34:29.981,1.2637,1.26371,1.50,1.12
2014.10.23 01:34:30.487,1.2637,1.26372,1.00,3.37
2014.10.23 01:34:30.538,1.26368,1.26372,2.25,2.62
2014.10.23 01:34:31.044,1.26368,1.26371,1.00,1.50
2014.10.23 01:34:31.549,1.26369,1.26371,1.50,3.00
2014.10.23 01:34:33.307,1.26367,1.26371,7.72,1.00
2014.10.23 01:34:34.749,1.26367,1.2637,4.31,1.00
2014.10.23 01:34:35.104,1.26367,1.26369,1.00,2.62
2014.10.23 01:34:35.407,1.26365,1.26369,1.00,1.87
2014.10.23 01:34:35.919,1.26364,1.2637,3.75,4.87
2014.10.23 01:34:36.427,1.26365,1.2637,1.00,4.87
2014.10.23 01:34:37.193,1.26364,1.2637,4.50,4.87
2014.10.23 01:34:37.495,1.26366,1.2637,1.00,4.87
2014.10.23 01:34:38.713,1.26366,1.26367,1.00,1.00
2014.10.23 01:34:39.230,1.26366,1.26368,1.00,1.00
2014.10.23 01:34:40.642,1.26366,1.26367,1.00,1.00
2014.10.23 01:34:41.153,1.26366,1.26368,1.00,1.00
2014.10.23 01:34:41.679,1.26367,1.26368,1.00,1.00
2014.10.23 01:34:41.830,1.26367,1.2637,1.00,4.50
2014.10.23 01:34:42.981,1.26367,1.26369,1.50,1.00
2014.10.23 01:34:43.286,1.26365,1.26368,1.50,1.12
2014.10.23 01:34:43.810,1.26366,1.26367,1.00,1.00
2014.10.23 01:34:44.433,1.26365,1.26368,2.25,1.12
2014.10.23 01:34:46.044,1.26366,1.26368,1.50,1.00
2014.10.23 01:34:46.146,1.26366,1.2637,2.55,2.25
2014.10.23 01:34:46.450,1.26369,1.2637,1.00,1.00
2014.10.23 01:34:46.804,1.26371,1.26375,1.00,3.30
2014.10.23 01:34:46.856,1.26371,1.26375,1.50,3.00
2014.10.23 01:34:47.371,1.26372,1.26376,1.00,1.00
2014.10.23 01:34:47.879,1.26372,1.26375,1.00,1.50
2014.10.23 01:34:49.784,1.26372,1.26375,1.00,1.00
2014.10.23 01:34:50.390,1.26372,1.26376,1.00,1.50
2014.10.23 01:34:51.191,1.26372,1.26375,2.25,1.00
2014.10.23 01:34:51.714,1.26372,1.26376,2.25,1.50
2014.10.23 01:34:52.336,1.26372,1.26375,2.44,1.00
2014.10.23 01:34:53.010,1.26372,1.26376,2.44,1.50
2014.10.23 01:34:53.595,1.26372,1.26375,2.44,1.00
2014.10.23 01:34:54.264,1.26372,1.26375,3.19,1.00
2014.10.23 01:34:54.786,1.26372,1.26376,2.44,1.50
2014.10.23 01:34:55.092,1.26374,1.26377,1.00,1.87
2014.10.23 01:35:04.991,1.26372,1.26376,3.75,1.87
2014.10.23 01:35:05.993,1.26372,1.26375,3.00,1.00
2014.10.23 01:35:06.094,1.26372,1.26375,3.00,1.00
2014.10.23 01:35:06.145,1.26374,1.26375,1.00,1.00
2014.10.23 01:35:06.692,1.26373,1.26375,1.00,1.00
2014.10.23 01:35:07.248,1.26373,1.26376,1.00,3.00
2014.10.23 01:35:07.883,1.26373,1.26375,1.00,1.00
2014.10.23 01:35:08.397,1.26373,1.26376,1.00,1.50
2014.10.23 01:35:08.908,1.26374,1.26376,1.00,1.00
2014.10.23 01:35:09.213,1.26373,1.26376,1.50,1.00
2014.10.23 01:35:14.343,1.26374,1.26379,1.00,5.44
2014.10.23 01:35:14.891,1.26376,1.26379,1.00,3.75
2014.10.23 01:35:15.346,1.26376,1.26378,1.00,1.25
2014.10.23 01:35:25.444,1.26376,1.26379,1.00,2.25
2014.10.23 01:35:30.180,1.26378,1.26379,1.00,1.50
2014.10.23 01:36:15.623,1.26379,1.26381,1.50,1.12
2014.10.23 01:36:15.674,1.2638,1.26381,1.50,1.12
2014.10.23 01:36:15.877,1.26378,1.26381,1.50,1.12
2014.10.23 01:36:16.417,1.26379,1.26381,1.00,1.00
2014.10.23 01:36:32.252,1.26378,1.2638,1.00,1.00
2014.10.23 01:36:40.547,1.26378,1.26381,1.00,3.75
2014.10.23 01:36:42.365,1.26378,1.26382,1.50,1.25
2014.10.23 01:36:42.467,1.2638,1.26383,1.00,2.25
2014.10.23 01:36:42.975,1.26381,1.26384,2.25,1.50
2014.10.23 01:37:00.917,1.26383,1.26384,1.00,1.50
2014.10.23 01:37:03.199,1.26382,1.26384,1.00,1.50
2014.10.23 01:37:03.402,1.26382,1.26386,1.00,1.50
2014.10.23 01:37:05.347,1.26381,1.26386,3.19,1.50
2014.10.23 01:37:07.719,1.26381,1.26384,1.50,3.00
2014.10.23 01:37:08.027,1.26378,1.26381,1.50,1.50
2014.10.23 01:37:08.533,1.26377,1.26381,3.00,1.00
2014.10.23 01:37:10.599,1.26379,1.26381,1.00,1.00
2014.10.23 01:37:25.872,1.26379,1.2638,1.00,1.00
2014.10.23 01:37:26.024,1.26377,1.2638,1.50,1.00
2014.10.23 01:37:26.870,1.26377,1.26381,1.50,1.25
2014.10.23 01:37:29.644,1.26378,1.26381,1.00,2.25
2014.10.23 01:37:29.746,1.26381,1.26383,1.50,1.00
2014.10.23 01:37:30.252,1.26381,1.26384,2.25,1.00
2014.10.23 01:37:30.758,1.26382,1.26385,1.00,2.25
2014.10.23 01:37:32.523,1.26381,1.26385,2.25,1.50
2014.10.23 01:37:35.597,1.26382,1.26385,1.00,1.50
2014.10.23 01:37:35.749,1.26383,1.26387,1.50,1.25
2014.10.23 01:37:41.677,1.26382,1.26387,2.44,2.25
2014.10.23 01:37:45.557,1.26382,1.26388,4.50,3.94
2014.10.23 01:37:46.146,1.26382,1.26387,5.25,1.00
2014.10.23 01:37:46.651,1.26382,1.26388,4.50,3.75
2014.10.23 01:37:50.299,1.26382,1.26387,5.25,1.00
2014.10.23 01:37:50.909,1.26382,1.26386,3.75,1.50
2014.10.23 01:37:56.243,1.26382,1.26388,3.75,4.69
2014.10.23 01:37:56.754,1.26382,1.26387,2.25,1.50
2014.10.23 01:38:01.225,1.26383,1.26387,1.00,3.00
2014.10.23 01:38:21.574,1.26382,1.26387,2.25,1.50
2014.10.23 01:38:39.595,1.26383,1.26387,1.50,2.25
2014.10.23 01:38:46.199,1.26382,1.26387,3.00,1.50
2014.10.23 01:38:56.358,1.26385,1.26387,1.00,1.50
2014.10.23 01:38:56.662,1.26382,1.26387,3.00,1.50
2014.10.23 01:38:57.523,1.26383,1.26387,1.00,1.00
2014.10.23 01:38:58.394,1.26385,1.26387,1.00,1.00
2014.10.23 01:38:59.496,1.26384,1.26387,1.00,1.00
2014.10.23 01:39:00.145,1.26385,1.26387,1.00,1.00
2014.10.23 01:39:00.681,1.26384,1.26387,1.00,1.00
2014.10.23 01:39:02.572,1.26385,1.26387,1.00,1.00
2014.10.23 01:39:03.129,1.26384,1.26387,1.00,1.00
2014.10.23 01:39:03.632,1.26385,1.26387,1.00,1.00
2014.10.23 01:39:04.146,1.26384,1.26387,1.00,1.00
2014.10.23 01:39:06.218,1.26385,1.26387,1.00,1.00
2014.10.23 01:39:06.735,1.26384,1.26387,1.00,1.50
2014.10.23 01:39:08.104,1.26385,1.26387,1.00,1.50
2014.10.23 01:39:08.610,1.26384,1.26387,1.00,1.50
2014.10.23 01:39:09.230,1.26385,1.26387,1.00,1.50
2014.10.23 01:39:10.322,1.26384,1.26387,1.00,1.50
2014.10.23 01:39:12.025,1.26381,1.26386,3.19,2.10
2014.10.23 01:39:12.279,1.26382,1.26384,1.00,1.50
2014.10.23 01:39:12.330,1.26381,1.26383,1.00,1.00
2014.10.23 01:39:12.702,1.26382,1.26384,1.00,1.00
2014.10.23 01:39:12.805,1.26383,1.26385,1.00,2.62
2014.10.23 01:39:13.122,1.26385,1.26387,1.00,2.25
2014.10.23 01:39:13.275,1.26384,1.26387,1.50,1.00
2014.10.23 01:39:13.780,1.26384,1.26388,3.75,1.50
2014.10.23 01:39:14.279,1.26386,1.26388,1.00,2.25
2014.10.23 01:39:14.622,1.26384,1.26388,3.75,2.25
2014.10.23 01:39:19.990,1.26385,1.26388,1.00,2.25
2014.10.23 01:39:20.573,1.26387,1.26389,1.00,2.44
2014.10.23 01:39:21.255,1.26386,1.26388,1.00,2.25
2014.10.23 01:39:22.295,1.26387,1.26389,1.00,2.44
2014.10.23 01:39:22.807,1.26386,1.26388,1.00,2.25
2014.10.23 01:39:23.712,1.26387,1.26389,1.00,2.25
2014.10.23 01:39:24.218,1.26387,1.26388,1.00,2.25
2014.10.23 01:39:24.588,1.26385,1.26388,1.00,2.25
2014.10.23 01:39:34.552,1.26387,1.26388,1.00,1.50
2014.10.23 01:39:34.862,1.26385,1.26388,1.50,1.50
2014.10.23 01:39:43.312,1.26387,1.26389,1.00,2.25
2014.10.23 01:39:43.847,1.26387,1.26388,1.00,1.50
2014.10.23 01:39:44.392,1.26386,1.26388,1.00,1.50
2014.10.23 01:39:45.409,1.26387,1.26388,1.00,1.50
2014.10.23 01:39:45.952,1.26387,1.26389,1.00,2.25
2014.10.23 01:39:46.623,1.26387,1.26388,1.00,1.50
2014.10.23 01:39:47.545,1.26387,1.26389,1.00,2.25
2014.10.23 01:39:48.325,1.26387,1.26388,1.00,1.50
2014.10.23 01:39:48.912,1.26387,1.26389,1.00,2.25
2014.10.23 01:39:49.459,1.26387,1.26388,1.00,1.50
2014.10.23 01:39:49.988,1.26385,1.26388,1.50,1.50
2014.10.23 01:39:53.477,1.26385,1.26389,2.25,1.50
2014.10.23 01:39:58.676,1.26385,1.26388,1.50,1.00
2014.10.23 01:39:59.226,1.26385,1.26389,1.50,1.50
2014.10.23 01:39:59.783,1.26385,1.26388,1.50,1.00
2014.10.23 01:40:00.497,1.26385,1.26389,1.50,1.50
2014.10.23 01:40:01.006,1.26385,1.26388,1.50,1.00
2014.10.23 01:40:02.229,1.26385,1.26389,1.50,1.50
2014.10.23 01:40:03.042,1.26386,1.26389,1.00,1.50
2014.10.23 01:40:03.899,1.26385,1.26389,1.50,1.50
2014.10.23 01:40:05.020,1.26386,1.26389,1.00,1.00
2014.10.23 01:40:07.505,1.26385,1.26389,1.50,1.00
2014.10.23 01:40:10.145,1.26386,1.26389,1.00,1.00
2014.10.23 01:40:11.599,1.26385,1.26389,1.50,1.00
2014.10.23 01:40:15.546,1.26387,1.26389,1.00,1.00
2014.10.23 01:40:16.059,1.26387,1.2639,1.00,1.00
2014.10.23 01:40:17.440,1.26386,1.2639,1.50,2.25
2014.10.23 01:40:17.744,1.26386,1.26388,1.50,1.00
2014.10.23 01:40:17.919,1.26386,1.2639,1.50,5.06
2014.10.23 01:40:18.450,1.26386,1.26389,1.50,1.00
2014.10.23 01:40:18.986,1.26386,1.2639,1.50,6.94
2014.10.23 01:40:19.562,1.26386,1.26389,1.50,1.00
2014.10.23 01:40:20.081,1.26386,1.2639,1.50,4.31
2014.10.23 01:40:21.685,1.26386,1.26389,1.50,1.00
2014.10.23 01:40:22.289,1.26386,1.2639,1.50,4.31
2014.10.23 01:40:22.949,1.26386,1.26389,1.50,1.00
2014.10.23 01:40:23.519,1.26386,1.2639,1.50,4.31
2014.10.23 01:40:24.619,1.26386,1.26389,1.50,1.00
2014.10.23 01:40:29.551,1.26386,1.2639,1.50,6.56
2014.10.23 01:40:31.697,1.26386,1.26389,1.50,1.00
2014.10.23 01:40:32.514,1.26386,1.2639,1.50,5.06
2014.10.23 01:40:33.116,1.26386,1.26389,1.50,1.00
2014.10.23 01:40:33.666,1.26386,1.2639,1.50,7.31
2014.10.23 01:40:34.549,1.26386,1.2639,1.50,6.94
2014.10.23 01:40:39.078,1.26387,1.26389,1.00,1.25
2014.10.23 01:40:39.627,1.26386,1.2639,2.25,4.31
2014.10.23 01:40:40.586,1.26386,1.2639,1.50,5.06
2014.10.23 01:40:41.599,1.26386,1.26389,1.50,1.00
2014.10.23 01:40:42.753,1.26386,1.2639,1.50,5.81
2014.10.23 01:40:45.945,1.26386,1.26389,1.50,1.00
2014.10.23 01:40:46.450,1.26386,1.2639,1.50,5.81
2014.10.23 01:40:47.041,1.26386,1.26389,1.50,1.00
2014.10.23 01:40:47.613,1.26386,1.2639,1.50,5.81
2014.10.23 01:40:48.727,1.26386,1.26389,1.50,1.00
2014.10.23 01:40:49.351,1.26386,1.2639,1.50,5.81
2014.10.23 01:40:49.991,1.26386,1.26389,1.50,1.00
2014.10.23 01:40:50.505,1.26386,1.2639,1.50,5.81
2014.10.23 01:40:51.012,1.26385,1.26389,2.25,4.69
2014.10.23 01:41:00.549,1.26387,1.26389,1.00,3.19
2014.10.23 01:41:05.929,1.26385,1.26389,2.25,2.44
2014.10.23 01:41:14.554,1.26385,1.26389,3.00,1.50
2014.10.23 01:41:14.605,1.26388,1.26389,1.00,1.00
2014.10.23 01:41:14.909,1.26389,1.26391,4.12,2.62
2014.10.23 01:41:15.010,1.26389,1.26392,1.50,6.56
2014.10.23 01:41:15.061,1.26387,1.26392,1.50,5.81
2014.10.23 01:41:15.163,1.2639,1.26391,1.00,1.12
2014.10.23 01:41:15.621,1.26388,1.2639,1.00,1.87
2014.10.23 01:41:17.735,1.26388,1.2639,1.00,2.06
2014.10.23 01:41:18.275,1.26388,1.2639,1.00,2.06
2014.10.23 01:41:21.159,1.26388,1.2639,1.00,1.69
2014.10.23 01:41:21.708,1.26388,1.2639,1.00,1.69
2014.10.23 01:41:23.121,1.26388,1.2639,1.00,1.69
2014.10.23 01:41:23.637,1.26388,1.2639,1.00,2.06
2014.10.23 01:41:24.412,1.26388,1.2639,1.00,2.06
2014.10.23 01:41:25.006,1.26388,1.2639,1.00,1.69
2014.10.23 01:41:25.616,1.26388,1.2639,1.00,1.69
2014.10.23 01:41:26.544,1.26388,1.2639,1.00,2.06
2014.10.23 01:41:28.400,1.26388,1.2639,1.00,1.69
2014.10.23 01:41:28.981,1.26388,1.2639,1.00,1.69
2014.10.23 01:41:29.533,1.26388,1.2639,1.00,1.69
2014.10.23 01:41:30.234,1.26388,1.2639,1.00,1.69
2014.10.23 01:41:32.673,1.26388,1.2639,1.00,2.44
2014.10.23 01:41:33.304,1.26388,1.2639,1.00,2.06
2014.10.23 01:41:33.963,1.26389,1.2639,1.00,1.50
2014.10.23 01:41:34.501,1.26388,1.2639,1.00,1.50
2014.10.23 01:41:40.142,1.26389,1.2639,1.00,1.69
2014.10.23 01:41:40.896,1.26388,1.2639,1.00,1.69
2014.10.23 01:41:41.645,1.26389,1.2639,1.00,1.69
2014.10.23 01:41:42.163,1.26388,1.2639,1.00,2.06
2014.10.23 01:41:42.958,1.26388,1.2639,1.00,2.06
2014.10.23 01:41:43.703,1.26388,1.2639,1.00,1.69
2014.10.23 01:41:45.618,1.26389,1.2639,1.00,1.69
2014.10.23 01:41:46.126,1.26388,1.2639,1.00,2.06
2014.10.23 01:41:50.568,1.26389,1.2639,1.00,1.50
2014.10.23 01:41:51.073,1.26388,1.2639,1.00,1.50
2014.10.23 01:41:51.608,1.26389,1.2639,1.00,1.50
2014.10.23 01:41:51.811,1.26388,1.2639,1.00,1.87
2014.10.23 01:41:55.880,1.26389,1.26392,1.00,3.19
2014.10.23 01:41:57.856,1.26389,1.26391,1.50,1.12
2014.10.23 01:41:58.058,1.2639,1.26391,1.00,2.62
2014.10.23 01:41:58.618,1.2639,1.26392,1.00,4.12
2014.10.23 01:41:59.715,1.2639,1.26391,1.50,1.50
2014.10.23 01:42:00.320,1.2639,1.26392,1.00,4.12
2014.10.23 01:42:00.852,1.2639,1.26391,1.50,1.50
2014.10.23 01:42:01.255,1.26391,1.26395,1.00,5.62
2014.10.23 01:42:02.335,1.26392,1.26395,1.00,1.12
2014.10.23 01:42:02.589,1.26393,1.26397,2.25,2.25
2014.10.23 01:42:02.742,1.26397,1.26399,1.00,1.25
2014.10.23 01:42:03.258,1.26397,1.264,1.00,2.62
2014.10.23 01:42:03.788,1.26396,1.264,1.00,4.50
2014.10.23 01:42:04.335,1.26397,1.264,1.00,3.19
2014.10.23 01:42:04.845,1.26398,1.264,1.00,3.94
2014.10.23 01:42:06.927,1.26398,1.264,1.00,3.94
2014.10.23 01:42:07.538,1.26398,1.264,1.00,3.19
2014.10.23 01:42:08.045,1.26398,1.264,1.00,5.06
2014.10.23 01:42:08.746,1.26398,1.264,1.00,3.19
2014.10.23 01:42:10.183,1.26398,1.264,1.00,4.31
2014.10.23 01:42:10.675,1.26397,1.264,1.00,4.31
2014.10.23 01:42:11.285,1.26398,1.264,1.00,3.56
2014.10.23 01:42:12.010,1.26398,1.264,1.00,3.94
2014.10.23 01:42:12.685,1.26397,1.264,1.00,3.19
2014.10.23 01:42:13.801,1.26398,1.264,1.00,3.94
2014.10.23 01:42:14.730,1.26398,1.264,1.00,3.19
2014.10.23 01:42:15.424,1.26398,1.264,1.00,4.31
2014.10.23 01:42:15.934,1.26398,1.264,1.00,3.19
2014.10.23 01:42:18.861,1.26398,1.264,1.00,3.94
2014.10.23 01:42:19.606,1.26398,1.264,1.00,4.31
2014.10.23 01:42:20.808,1.26398,1.264,1.00,5.06
2014.10.23 01:42:21.331,1.26398,1.264,1.00,3.94
2014.10.23 01:42:21.871,1.26398,1.264,1.00,4.69
2014.10.23 01:42:22.402,1.26398,1.264,1.00,3.56
2014.10.23 01:42:23.980,1.26398,1.264,1.00,4.69
2014.10.23 01:42:24.605,1.26398,1.264,1.50,3.19
2014.10.23 01:42:25.396,1.26398,1.264,1.00,3.94
2014.10.23 01:42:25.897,1.26398,1.264,1.50,3.56
2014.10.23 01:42:26.490,1.26398,1.264,1.00,5.06
2014.10.23 01:42:27.740,1.26398,1.264,1.50,3.19
2014.10.23 01:42:28.474,1.26398,1.264,1.00,5.06
2014.10.23 01:42:29.010,1.26398,1.264,1.50,3.19
2014.10.23 01:42:30.277,1.26399,1.264,1.00,2.81
2014.10.23 01:42:30.784,1.26398,1.264,1.50,1.69
2014.10.23 01:42:31.299,1.26397,1.264,2.25,2.44
2014.10.23 01:42:31.903,1.26398,1.264,1.00,2.44
2014.10.23 01:42:32.414,1.26397,1.264,2.25,1.50
2014.10.23 01:42:40.721,1.26399,1.264,1.00,1.12
2014.10.23 01:42:40.824,1.26399,1.26402,2.25,1.00
2014.10.23 01:42:40.978,1.26401,1.26404,1.50,1.00
2014.10.23 01:42:41.181,1.26402,1.26406,1.00,3.00
2014.10.23 01:42:41.686,1.26403,1.26406,1.00,1.50
2014.10.23 01:42:42.596,1.26404,1.26406,1.00,1.50
2014.10.23 01:42:43.118,1.26405,1.26407,1.00,1.00
2014.10.23 01:42:43.674,1.26404,1.26407,1.50,1.00
2014.10.23 01:42:44.179,1.26405,1.26407,1.00,1.00
2014.10.23 01:42:44.709,1.26404,1.26407,1.50,1.00
2014.10.23 01:42:45.248,1.26405,1.26408,1.00,1.95
2014.10.23 01:42:45.299,1.26402,1.26408,3.19,1.50
2014.10.23 01:42:46.128,1.26402,1.26407,1.50,1.00
2014.10.23 01:42:53.476,1.26403,1.26407,1.00,1.50
2014.10.23 01:42:57.921,1.26402,1.26407,2.25,1.50
2014.10.23 01:42:59.653,1.26403,1.26407,1.00,1.50
2014.10.23 01:43:00.566,1.26404,1.26407,1.00,1.50
2014.10.23 01:43:01.072,1.26403,1.26407,1.00,1.50
2014.10.23 01:43:01.580,1.26404,1.26407,1.00,1.50
2014.10.23 01:43:02.208,1.26403,1.26407,1.00,1.50
2014.10.23 01:43:03.930,1.26404,1.26407,1.00,1.50
2014.10.23 01:43:05.048,1.26403,1.26407,2.44,2.25
2014.10.23 01:43:05.961,1.26404,1.26407,1.00,2.25
2014.10.23 01:43:06.481,1.26403,1.26407,2.44,2.25
2014.10.23 01:43:07.003,1.26404,1.26407,1.00,2.25
2014.10.23 01:43:07.608,1.26403,1.26407,2.44,2.25
2014.10.23 01:43:08.588,1.26404,1.26407,1.00,2.25
2014.10.23 01:43:10.973,1.26403,1.26407,3.19,1.50
2014.10.23 01:43:11.685,1.26403,1.26405,1.50,1.00
2014.10.23 01:43:12.193,1.26402,1.26405,1.50,1.00
2014.10.23 01:43:13.666,1.26402,1.26406,1.50,1.00
2014.10.23 01:43:14.018,1.26404,1.26406,1.00,1.00
2014.10.23 01:43:14.602,1.26403,1.26406,1.00,1.00
2014.10.23 01:43:15.185,1.26404,1.26406,1.00,1.00
2014.10.23 01:43:15.695,1.26403,1.26406,1.00,1.00
2014.10.23 01:43:16.274,1.26404,1.26406,1.00,1.00
2014.10.23 01:43:17.192,1.26403,1.26406,1.00,1.00
2014.10.23 01:43:18.730,1.26402,1.26406,3.75,1.00
2014.10.23 01:43:19.154,1.26404,1.26407,1.00,1.00
2014.10.23 01:43:19.667,1.26403,1.26407,1.50,1.00
2014.10.23 01:43:20.342,1.26403,1.26406,1.50,1.00
2014.10.23 01:43:21.072,1.26404,1.26406,1.00,1.00
2014.10.23 01:43:21.611,1.26403,1.26406,1.50,1.00
2014.10.23 01:43:22.805,1.26404,1.26406,1.00,1.00
2014.10.23 01:43:23.314,1.26403,1.26406,1.00,1.00
2014.10.23 01:43:25.783,1.26403,1.26407,1.00,1.00
2014.10.23 01:43:26.037,1.26401,1.26406,1.00,2.25
2014.10.23 01:43:26.240,1.264,1.26404,1.00,1.00
2014.10.23 01:43:27.092,1.26399,1.26403,1.50,1.00
2014.10.23 01:43:27.396,1.26397,1.26401,1.50,1.00
2014.10.23 01:43:30.326,1.26397,1.26401,1.00,2.44
2014.10.23 01:43:31.324,1.26397,1.26401,2.25,1.00
2014.10.23 01:43:34.871,1.26397,1.26401,2.25,3.56
2014.10.23 01:43:35.402,1.26397,1.26401,2.25,1.12
2014.10.23 01:43:37.022,1.26396,1.26401,2.29,2.44
2014.10.23 01:43:37.325,1.26396,1.26399,2.29,1.00
2014.10.23 01:43:41.413,1.26396,1.26399,2.29,1.00
2014.10.23 01:43:42.584,1.26398,1.26399,1.00,1.00
2014.10.23 01:43:46.214,1.26396,1.26399,2.29,1.00
2014.10.23 01:43:46.749,1.26395,1.26399,2.47,1.00
2014.10.23 01:43:47.843,1.26395,1.26398,1.91,1.50
2014.10.23 01:43:50.053,1.26395,1.26399,1.04,1.50
2014.10.23 01:43:51.160,1.26394,1.26397,3.00,1.50
2014.10.23 01:43:51.364,1.26388,1.26391,2.25,2.62
2014.10.23 01:43:51.466,1.26386,1.2639,1.50,1.12
2014.10.23 01:43:51.972,1.26386,1.26389,1.69,1.00
2014.10.23 01:43:53.676,1.26387,1.26389,1.00,1.00
2014.10.23 01:43:53.828,1.26388,1.26392,1.00,2.25
2014.10.23 01:43:54.334,1.2639,1.26392,1.00,1.50
2014.10.23 01:43:54.740,1.2639,1.26395,1.00,11.62
2014.10.23 01:43:54.841,1.26392,1.26395,1.00,5.25
2014.10.23 01:43:55.044,1.26394,1.26398,1.50,2.81
2014.10.23 01:43:55.652,1.26396,1.26398,1.00,1.00
2014.10.23 01:43:55.982,1.26395,1.26398,1.50,1.00
2014.10.23 01:43:56.185,1.26395,1.26396,1.00,1.00
2014.10.23 01:43:56.337,1.26396,1.26398,1.00,1.00
2014.10.23 01:43:57.894,1.26393,1.26397,1.20,5.50
2014.10.23 01:43:57.995,1.26393,1.26394,1.08,3.00
2014.10.23 01:43:58.097,1.26394,1.26395,1.20,2.25
2014.10.23 01:43:58.148,1.26395,1.26397,1.00,2.25
2014.10.23 01:43:58.199,1.26396,1.26397,1.00,1.50
2014.10.23 01:43:58.746,1.26396,1.26398,1.00,1.00
2014.10.23 01:43:59.501,1.26397,1.26398,1.00,1.00
2014.10.23 01:44:04.826,1.26397,1.26399,1.00,1.50
2014.10.23 01:44:05.111,1.26399,1.26401,1.50,1.87
2014.10.23 01:44:05.162,1.26399,1.26401,1.50,1.12
2014.10.23 01:44:05.213,1.26399,1.26403,2.44,3.75
2014.10.23 01:44:05.264,1.26401,1.26403,1.00,1.50
2014.10.23 01:44:05.467,1.26404,1.26408,1.69,1.50
2014.10.23 01:44:05.975,1.26404,1.26407,1.00,1.00
2014.10.23 01:44:06.025,1.26404,1.26405,1.00,1.00
2014.10.23 01:44:06.228,1.26405,1.26407,1.00,2.25
2014.10.23 01:44:07.229,1.26405,1.26408,1.00,1.00
2014.10.23 01:44:07.764,1.26405,1.26407,1.00,3.00
2014.10.23 01:44:08.777,1.26405,1.26407,1.00,3.00
2014.10.23 01:44:14.372,1.26405,1.26407,1.00,2.25
2014.10.23 01:44:17.334,1.26404,1.26407,1.00,1.00
2014.10.23 01:44:26.367,1.26404,1.26406,1.00,1.00
2014.10.23 01:44:26.519,1.26402,1.26405,1.50,1.00
2014.10.23 01:44:28.845,1.26402,1.26406,1.50,2.44
2014.10.23 01:44:29.961,1.26403,1.26406,1.00,2.44
2014.10.23 01:44:30.468,1.26402,1.26405,1.00,1.00
2014.10.23 01:44:30.976,1.26402,1.26406,1.00,2.06
2014.10.23 01:44:31.027,1.26399,1.26402,2.25,2.62
2014.10.23 01:44:31.129,1.26398,1.26401,1.87,1.87
2014.10.23 01:44:31.281,1.26399,1.26403,1.00,2.25
2014.10.23 01:44:31.840,1.26399,1.26402,1.50,1.00
2014.10.23 01:44:32.347,1.264,1.26403,1.00,2.25
2014.10.23 01:44:33.950,1.26402,1.26403,1.50,1.00
2014.10.23 01:44:34.255,1.26403,1.26405,2.25,1.25
2014.10.23 01:44:34.559,1.26406,1.26409,4.75,1.50
2014.10.23 01:44:34.983,1.26407,1.2641,1.00,1.31
2014.10.23 01:44:36.803,1.26407,1.26411,1.00,1.69
2014.10.23 01:44:37.470,1.26406,1.2641,3.00,1.50
2014.10.23 01:44:37.572,1.26406,1.26408,2.25,1.00
2014.10.23 01:44:38.489,1.26406,1.2641,2.25,2.62
2014.10.23 01:44:41.681,1.26406,1.26407,1.00,1.50
2014.10.23 01:44:42.033,1.26404,1.26407,1.50,1.50
2014.10.23 01:44:42.393,1.26404,1.26405,1.50,1.50
2014.10.23 01:44:42.546,1.26402,1.26405,1.00,1.50
2014.10.23 01:44:42.871,1.264,1.26404,1.50,1.50
2014.10.23 01:44:43.377,1.26401,1.26405,1.50,2.25
2014.10.23 01:44:45.062,1.26402,1.26405,1.00,2.25
2014.10.23 01:44:45.266,1.26399,1.26405,3.75,3.00
2014.10.23 01:44:45.371,1.26401,1.26405,1.00,3.00
2014.10.23 01:44:47.359,1.26403,1.26405,1.00,2.25
2014.10.23 01:44:47.722,1.264,1.26405,1.50,3.75
2014.10.23 01:44:47.824,1.26402,1.26405,1.00,2.25
2014.10.23 01:44:49.918,1.26403,1.26405,1.00,1.00
2014.10.23 01:44:50.439,1.26403,1.26406,1.00,1.50
2014.10.23 01:44:50.942,1.26404,1.26406,1.00,1.50
2014.10.23 01:44:51.758,1.26403,1.26406,1.50,2.25
2014.10.23 01:44:53.988,1.26404,1.26407,1.00,2.25
2014.10.23 01:44:56.591,1.26403,1.26407,1.00,2.25
2014.10.23 01:44:58.701,1.26403,1.26406,1.00,1.00
2014.10.23 01:44:59.208,1.26403,1.26407,1.00,2.25
2014.10.23 01:45:00.130,1.26401,1.26407,2.25,3.00
2014.10.23 01:45:00.232,1.26403,1.26407,1.00,3.00
2014.10.23 01:45:00.537,1.26405,1.26407,1.00,1.50
2014.10.23 01:45:01.060,1.26404,1.26407,1.00,2.25
2014.10.23 01:45:01.575,1.26404,1.26407,1.00,1.50
2014.10.23 01:45:01.881,1.26405,1.26408,1.00,1.50
2014.10.23 01:45:02.673,1.26405,1.26407,1.00,1.50
2014.10.23 01:45:03.193,1.26405,1.26407,1.00,1.50
2014.10.23 01:45:04.837,1.26405,1.26407,1.00,1.50
2014.10.23 01:45:05.352,1.26405,1.26407,1.00,1.50
2014.10.23 01:45:05.403,1.26404,1.26407,1.00,1.50
2014.10.23 01:45:05.906,1.26403,1.26406,1.00,1.50
2014.10.23 01:45:07.042,1.26402,1.26405,1.00,1.50
2014.10.23 01:45:07.093,1.26402,1.26403,1.00,1.87
2014.10.23 01:45:07.145,1.26399,1.26403,3.37,4.87
2014.10.23 01:45:07.247,1.26399,1.26401,1.00,1.00
2014.10.23 01:45:07.349,1.26397,1.26401,1.12,1.50
2014.10.23 01:45:08.280,1.26396,1.26401,1.00,1.50
2014.10.23 01:45:08.331,1.26396,1.26399,1.00,1.00
2014.10.23 01:45:08.664,1.26398,1.264,1.00,1.00
2014.10.23 01:45:10.165,1.26397,1.26399,1.00,1.00
2014.10.23 01:45:10.801,1.26398,1.26399,1.00,1.00
2014.10.23 01:45:11.031,1.26398,1.26401,1.00,1.50
2014.10.23 01:45:11.638,1.26399,1.26401,1.00,1.50
2014.10.23 01:45:12.500,1.26399,1.264,2.25,1.00
2014.10.23 01:45:13.067,1.26398,1.26399,1.00,1.50
