2018.09.14 02:00:00.458,1.16892,1.16895,1.00,4.39
2018.09.14 02:00:01.531,1.16893,1.16895,10.87,1.39
2018.09.14 02:00:02.064,1.16894,1.16897,2.62,4.95
2018.09.14 02:00:03.075,1.16894,1.16897,1.31,2.70
2018.09.14 02:00:08.994,1.16896,1.16898,2.44,2.70
2018.09.14 02:00:09.518,1.16896,1.16899,3.90,1.31
2018.09.14 02:00:12.125,1.16897,1.16899,1.00,1.31
2018.09.14 02:00:12.677,1.16896,1.16899,4.65,2.06
2018.09.14 02:00:13.764,1.16896,1.16899,5.06,1.00
2018.09.14 02:00:14.394,1.16898,1.16899,1.25,1.00
2018.09.14 02:00:14.498,1.16898,1.16901,4.50,1.00
2018.09.14 02:00:14.758,1.169,1.16902,1.19,1.00
2018.09.14 02:00:15.374,1.16899,1.16902,2.44,1.00
2018.09.14 02:00:16.122,1.169,1.16902,3.56,1.00
2018.09.14 02:00:16.670,1.169,1.16902,1.31,1.10
2018.09.14 02:00:17.210,1.16901,1.16902,1.00,1.10
2018.09.14 02:00:17.788,1.169,1.16902,2.89,1.00
2018.09.14 02:00:18.298,1.169,1.16904,3.64,4.76
2018.09.14 02:00:18.838,1.169,1.16904,5.14,2.51
2018.09.14 02:00:19.378,1.16903,1.16905,1.00,4.76
2018.09.14 02:00:19.911,1.16904,1.16905,1.00,1.12
2018.09.14 02:00:20.212,1.16902,1.16905,2.62,2.06
2018.09.14 02:00:20.731,1.16902,1.16904,1.00,1.31
2018.09.14 02:00:21.180,1.16903,1.16906,6.75,3.82
2018.09.14 02:00:21.713,1.16903,1.16906,6.37,1.29
2018.09.14 02:00:22.231,1.16902,1.16904,1.25,1.31
2018.09.14 02:00:23.241,1.16903,1.16906,5.44,1.20
2018.09.14 02:00:23.347,1.16904,1.16908,1.19,3.26
2018.09.14 02:00:23.400,1.16904,1.16908,4.31,1.95
2018.09.14 02:00:23.906,1.16904,1.16908,2.81,1.76
2018.09.14 02:00:24.014,1.16904,1.16908,4.87,1.57
2018.09.14 02:00:24.531,1.16904,1.16908,2.06,1.10
2018.09.14 02:00:26.342,1.16904,1.16908,2.51,1.12
2018.09.14 02:00:32.378,1.16906,1.16909,1.25,5.70
2018.09.14 02:00:33.061,1.16906,1.16909,1.25,3.94
2018.09.14 02:00:33.440,1.16908,1.16911,4.69,3.45
2018.09.14 02:00:33.498,1.16908,1.16911,7.57,4.01
2018.09.14 02:00:33.729,1.16907,1.16909,1.39,1.25
2018.09.14 02:00:35.079,1.16907,1.16909,1.00,1.19
2018.09.14 02:00:35.806,1.16907,1.1691,1.00,3.94
2018.09.14 02:00:37.788,1.16907,1.1691,1.95,2.89
2018.09.14 02:00:38.121,1.16909,1.16912,4.20,3.07
2018.09.14 02:00:38.745,1.1691,1.16912,1.00,2.32
2018.09.14 02:00:39.876,1.16909,1.16912,2.25,2.25
2018.09.14 02:00:40.189,1.16907,1.16911,1.39,1.07
2018.09.14 02:00:40.984,1.16907,1.16911,3.26,2.14
2018.09.14 02:00:41.626,1.16907,1.16911,1.76,1.39
2018.09.14 02:00:45.147,1.16907,1.1691,1.76,1.76
2018.09.14 02:00:47.558,1.16907,1.1691,1.01,1.57
2018.09.14 02:00:48.716,1.16908,1.1691,4.12,1.50
2018.09.14 02:00:49.731,1.16908,1.16912,12.64,1.00
2018.09.14 02:00:50.986,1.16909,1.16912,3.19,1.69
2018.09.14 02:00:51.705,1.16909,1.16912,3.19,1.00
2018.09.14 02:00:52.696,1.16912,1.16914,1.00,11.25
2018.09.14 02:00:52.752,1.16913,1.16915,1.00,4.87
2018.09.14 02:00:53.270,1.16912,1.16914,1.01,1.12
2018.09.14 02:00:56.509,1.16912,1.16914,1.00,1.76
2018.09.14 02:00:56.561,1.1691,1.16914,1.50,2.51
2018.09.14 02:00:57.095,1.1691,1.16914,1.76,4.01
2018.09.14 02:00:57.762,1.16909,1.16914,4.20,1.39
2018.09.14 02:00:58.470,1.1691,1.16914,1.20,2.32
2018.09.14 02:00:59.078,1.16909,1.16914,7.20,1.57
2018.09.14 02:01:01.724,1.16909,1.16914,7.39,2.32
2018.09.14 02:01:03.291,1.1691,1.16914,1.07,1.20
2018.09.14 02:01:04.115,1.16911,1.16913,1.10,1.00
2018.09.14 02:01:13.923,1.16913,1.16916,9.00,1.95
2018.09.14 02:01:13.980,1.16914,1.16917,1.95,2.14
2018.09.14 02:01:18.604,1.16914,1.16918,7.20,3.00
2018.09.14 02:01:19.210,1.16915,1.16918,1.50,2.44
2018.09.14 02:01:19.726,1.16915,1.16919,1.00,3.26
2018.09.14 02:01:20.356,1.16915,1.16918,2.25,1.31
2018.09.14 02:01:20.899,1.16915,1.16919,1.50,2.89
2018.09.14 02:01:34.562,1.16914,1.16919,3.75,2.32
2018.09.14 02:01:35.091,1.16915,1.16919,2.14,2.70
2018.09.14 02:01:38.976,1.16915,1.16919,1.50,2.32
2018.09.14 02:01:39.580,1.16915,1.16919,3.07,2.51
2018.09.14 02:01:45.097,1.16915,1.16918,5.32,1.25
2018.09.14 02:01:47.970,1.16915,1.16919,3.26,1.76
2018.09.14 02:01:59.399,1.16915,1.16919,3.64,2.32
2018.09.14 02:01:59.916,1.16915,1.16918,4.39,1.00
2018.09.14 02:02:00.461,1.16915,1.16919,3.64,2.32
2018.09.14 02:02:02.345,1.16915,1.16919,3.82,2.51
2018.09.14 02:02:06.279,1.16916,1.16919,1.19,1.01
2018.09.14 02:02:07.822,1.16916,1.1692,1.25,4.57
2018.09.14 02:02:08.328,1.16915,1.1692,5.51,6.64
2018.09.14 02:02:08.848,1.16915,1.16919,1.69,1.20
2018.09.14 02:02:13.253,1.16915,1.16917,1.87,1.20
2018.09.14 02:02:13.306,1.16913,1.16916,5.32,1.57
2018.09.14 02:02:13.862,1.16912,1.16915,1.87,1.25
2018.09.14 02:02:15.096,1.16912,1.16916,1.87,2.89
2018.09.14 02:02:16.381,1.16912,1.16915,1.12,1.25
2018.09.14 02:02:17.446,1.16911,1.16914,2.25,1.25
2018.09.14 02:02:19.350,1.16913,1.16917,4.87,2.32
2018.09.14 02:02:19.641,1.16914,1.16918,1.00,3.64
2018.09.14 02:02:21.177,1.16914,1.16916,1.00,2.62
2018.09.14 02:02:21.703,1.16913,1.16915,1.00,1.10
2018.09.14 02:02:25.372,1.16913,1.16915,1.00,2.14
2018.09.14 02:02:25.428,1.1691,1.16913,2.51,1.00
2018.09.14 02:02:25.820,1.16907,1.16908,1.12,1.00
2018.09.14 02:02:25.926,1.16905,1.16909,3.00,2.14
2018.09.14 02:02:26.444,1.16905,1.16909,2.62,2.14
2018.09.14 02:02:26.935,1.16904,1.16908,4.39,3.45
2018.09.14 02:02:27.464,1.16904,1.16906,1.00,1.50
2018.09.14 02:02:38.222,1.16904,1.16906,1.25,3.64
2018.09.14 02:02:40.771,1.16904,1.16906,1.19,1.00
2018.09.14 02:02:41.332,1.16904,1.16908,3.45,3.26
2018.09.14 02:02:41.900,1.16903,1.16907,7.20,1.39
2018.09.14 02:02:42.703,1.16904,1.16907,2.70,1.39
2018.09.14 02:02:44.425,1.16904,1.16908,2.70,3.26
2018.09.14 02:02:44.753,1.16904,1.16907,1.95,1.39
2018.09.14 02:02:45.261,1.16905,1.16908,1.87,2.14
2018.09.14 02:02:50.404,1.16905,1.16908,1.25,1.39
2018.09.14 02:02:50.948,1.16904,1.16908,1.31,1.76
2018.09.14 02:02:51.493,1.16904,1.16908,2.81,1.10
2018.09.14 02:02:54.007,1.16905,1.16908,1.19,1.10
2018.09.14 02:02:59.309,1.16909,1.1691,2.81,1.20
2018.09.14 02:02:59.536,1.16909,1.16913,1.50,5.14
2018.09.14 02:02:59.593,1.16909,1.16913,6.56,3.26
2018.09.14 02:03:00.096,1.1691,1.16913,1.19,2.32
2018.09.14 02:03:00.694,1.16909,1.16913,2.81,3.26
2018.09.14 02:03:01.223,1.16909,1.16913,2.06,2.32
2018.09.14 02:03:03.308,1.16913,1.16914,3.00,1.95
2018.09.14 02:03:03.578,1.16911,1.16915,2.14,2.25
2018.09.14 02:03:03.736,1.16911,1.16915,1.00,7.20
2018.09.14 02:03:04.067,1.1691,1.16915,6.64,4.39
2018.09.14 02:03:04.586,1.16911,1.16914,1.19,1.20
2018.09.14 02:03:05.858,1.1691,1.16914,2.32,1.10
2018.09.14 02:03:06.384,1.1691,1.16913,2.32,1.25
2018.09.14 02:03:06.643,1.1691,1.16912,1.12,1.25
2018.09.14 02:03:06.914,1.16906,1.16909,1.95,1.50
2018.09.14 02:03:07.022,1.16905,1.16908,1.10,1.00
2018.09.14 02:03:07.182,1.16903,1.16907,1.66,2.06
2018.09.14 02:03:07.341,1.16902,1.16906,1.39,1.50
2018.09.14 02:03:07.692,1.16902,1.16904,1.25,1.00
2018.09.14 02:03:07.802,1.169,1.16904,3.19,1.10
2018.09.14 02:03:07.855,1.169,1.16905,1.44,5.92
2018.09.14 02:03:08.432,1.169,1.16905,1.95,5.70
2018.09.14 02:03:08.766,1.169,1.16905,1.10,6.45
2018.09.14 02:03:09.330,1.16899,1.16904,3.37,1.95
2018.09.14 02:03:09.824,1.16899,1.16904,7.12,1.95
2018.09.14 02:03:11.370,1.16902,1.16904,1.19,1.20
2018.09.14 02:03:11.473,1.16902,1.16905,1.31,3.45
2018.09.14 02:03:12.132,1.169,1.16905,8.89,3.45
2018.09.14 02:03:12.672,1.169,1.16905,1.39,3.82
2018.09.14 02:03:14.404,1.169,1.16905,1.39,4.76
2018.09.14 02:03:16.093,1.169,1.16905,1.39,3.82
2018.09.14 02:03:16.629,1.16899,1.16904,4.50,2.89
2018.09.14 02:03:17.133,1.169,1.16904,3.45,2.89
2018.09.14 02:03:17.676,1.169,1.16904,4.95,1.95
2018.09.14 02:03:18.224,1.16901,1.16904,2.14,1.20
2018.09.14 02:03:18.751,1.16901,1.16904,1.29,1.20
2018.09.14 02:03:19.293,1.16901,1.16904,1.01,1.20
2018.09.14 02:03:19.894,1.16901,1.16904,1.29,1.57
2018.09.14 02:03:22.062,1.16901,1.16903,1.25,1.12
2018.09.14 02:03:22.601,1.169,1.16902,1.31,1.00
2018.09.14 02:03:23.171,1.169,1.16903,4.99,2.81
2018.09.14 02:03:23.721,1.16901,1.16902,1.54,1.00
2018.09.14 02:03:24.393,1.169,1.16903,3.07,2.81
2018.09.14 02:03:25.054,1.169,1.16902,1.39,1.00
2018.09.14 02:03:26.189,1.169,1.16903,2.14,2.81
2018.09.14 02:03:27.564,1.169,1.16902,1.39,1.00
2018.09.14 02:03:30.200,1.169,1.16903,2.32,1.95
2018.09.14 02:03:31.019,1.169,1.16902,1.66,1.00
2018.09.14 02:03:31.532,1.169,1.16903,1.95,1.95
2018.09.14 02:03:32.061,1.169,1.16903,1.20,1.20
2018.09.14 02:03:32.965,1.16899,1.16903,10.39,1.12
2018.09.14 02:03:33.544,1.16899,1.16903,9.64,1.12
2018.09.14 02:03:34.087,1.169,1.16903,2.25,1.10
2018.09.14 02:03:34.597,1.16901,1.16905,4.57,1.07
2018.09.14 02:03:34.891,1.16901,1.16905,1.00,1.07
2018.09.14 02:03:35.415,1.16901,1.16904,1.19,1.10
2018.09.14 02:03:36.881,1.16901,1.16904,4.20,1.00
2018.09.14 02:03:37.392,1.16901,1.16905,4.20,2.89
2018.09.14 02:03:38.692,1.16901,1.16905,2.51,1.95
2018.09.14 02:03:39.214,1.16901,1.16905,1.25,1.95
2018.09.14 02:03:40.321,1.16901,1.16905,1.19,3.26
2018.09.14 02:03:41.046,1.16901,1.16905,1.19,2.32
2018.09.14 02:03:41.695,1.16901,1.16905,1.25,2.70
2018.09.14 02:03:43.125,1.16901,1.16905,1.10,3.82
2018.09.14 02:03:45.103,1.16901,1.16905,1.29,4.76
2018.09.14 02:03:45.618,1.16901,1.16905,1.01,2.70
2018.09.14 02:03:45.735,1.16899,1.16904,6.15,4.57
2018.09.14 02:03:46.397,1.16899,1.16903,1.19,2.89
2018.09.14 02:03:46.933,1.16899,1.16903,1.31,1.20
2018.09.14 02:03:49.429,1.16899,1.16903,3.56,2.14
2018.09.14 02:03:50.584,1.16899,1.16903,3.56,2.14
2018.09.14 02:03:51.846,1.16899,1.16903,5.06,1.20
2018.09.14 02:03:53.266,1.16899,1.16903,3.56,2.14
2018.09.14 02:03:53.543,1.16899,1.16903,2.81,1.20
2018.09.14 02:03:54.046,1.16899,1.16903,1.56,1.20
2018.09.14 02:03:54.664,1.16899,1.16903,6.56,2.14
2018.09.14 02:03:55.316,1.16899,1.16903,1.56,1.20
2018.09.14 02:04:00.609,1.16898,1.16899,4.12,1.00
2018.09.14 02:04:00.663,1.16897,1.169,1.39,1.25
2018.09.14 02:04:01.035,1.16896,1.16898,1.00,1.50
2018.09.14 02:04:05.450,1.16895,1.16898,1.09,1.00
2018.09.14 02:04:05.997,1.16894,1.16898,7.27,1.50
2018.09.14 02:04:06.510,1.16894,1.16898,4.01,1.00
2018.09.14 02:04:08.465,1.16894,1.16898,3.64,1.00
2018.09.14 02:04:10.776,1.16894,1.16898,5.32,1.00
2018.09.14 02:04:11.281,1.16894,1.16898,6.90,2.25
2018.09.14 02:04:12.331,1.16894,1.16898,7.65,2.25
2018.09.14 02:04:13.919,1.16895,1.16898,1.29,1.00
2018.09.14 02:04:24.109,1.16899,1.169,2.44,1.10
2018.09.14 02:04:24.422,1.16899,1.16902,4.20,1.69
2018.09.14 02:04:24.993,1.16899,1.16903,1.45,3.26
2018.09.14 02:04:25.735,1.16899,1.16902,3.45,1.00
2018.09.14 02:04:26.394,1.16899,1.16903,1.45,4.01
2018.09.14 02:04:26.945,1.16899,1.16902,3.45,1.00
2018.09.14 02:04:27.578,1.16899,1.16903,1.20,4.01
2018.09.14 02:04:40.373,1.16899,1.16901,1.95,2.06
2018.09.14 02:04:40.532,1.16895,1.16899,2.51,1.50
2018.09.14 02:04:41.269,1.16895,1.16899,1.95,3.94
2018.09.14 02:04:41.784,1.16895,1.16899,1.10,4.87
2018.09.14 02:04:42.339,1.16895,1.16898,1.10,1.00
2018.09.14 02:04:42.865,1.16895,1.16899,1.10,4.12
2018.09.14 02:04:47.192,1.16895,1.16898,1.10,1.12
2018.09.14 02:04:48.053,1.16895,1.16899,2.32,3.75
2018.09.14 02:04:49.204,1.16895,1.16899,1.29,4.31
2018.09.14 02:04:49.931,1.16895,1.16899,1.29,4.31
2018.09.14 02:04:51.522,1.16895,1.16899,1.29,4.69
2018.09.14 02:04:52.137,1.16895,1.16898,1.39,1.00
2018.09.14 02:04:52.845,1.16895,1.16898,1.29,1.00
2018.09.14 02:04:53.402,1.16895,1.16899,1.29,5.44
2018.09.14 02:04:56.471,1.16894,1.16899,4.01,2.81
2018.09.14 02:04:57.017,1.16895,1.16899,1.01,2.89
2018.09.14 02:04:58.269,1.16895,1.16898,1.32,1.00
2018.09.14 02:05:00.446,1.16895,1.16899,1.32,5.14
2018.09.14 02:05:05.498,1.16894,1.16899,8.51,5.25
2018.09.14 02:05:06.138,1.16894,1.16899,7.39,7.12
2018.09.14 02:05:08.090,1.16894,1.16899,3.26,6.75
2018.09.14 02:05:10.006,1.16893,1.16896,4.95,2.44
2018.09.14 02:05:10.320,1.16891,1.16895,1.45,2.06
2018.09.14 02:05:10.827,1.16891,1.16894,1.57,1.25
2018.09.14 02:05:11.256,1.16893,1.16896,1.57,5.81
2018.09.14 02:05:11.785,1.16892,1.16896,1.39,2.81
2018.09.14 02:05:12.345,1.16893,1.16897,1.57,3.26
2018.09.14 02:05:12.878,1.16893,1.16897,1.95,4.50
2018.09.14 02:05:14.605,1.16893,1.16896,1.10,1.69
2018.09.14 02:05:15.109,1.16891,1.16895,2.51,1.50
2018.09.14 02:05:17.630,1.16891,1.16894,1.10,1.31
2018.09.14 02:05:18.189,1.1689,1.16894,1.57,4.76
2018.09.14 02:05:20.600,1.1689,1.16894,2.06,4.39
2018.09.14 02:05:21.147,1.1689,1.16894,2.06,3.64
2018.09.14 02:05:21.721,1.1689,1.16894,2.81,4.57
2018.09.14 02:05:22.413,1.1689,1.16894,2.51,3.64
2018.09.14 02:05:22.737,1.16891,1.16894,2.62,1.69
2018.09.14 02:05:22.897,1.16893,1.16896,1.00,1.20
2018.09.14 02:05:22.948,1.16892,1.16894,1.00,1.00
2018.09.14 02:05:23.512,1.16891,1.16894,3.26,1.00
2018.09.14 02:05:24.050,1.16891,1.16894,2.44,1.00
2018.09.14 02:05:24.563,1.16892,1.16895,1.39,1.31
2018.09.14 02:05:25.329,1.16893,1.16897,1.76,7.16
2018.09.14 02:05:25.381,1.16893,1.16897,2.14,1.50
2018.09.14 02:05:25.668,1.16894,1.16897,3.26,1.12
2018.09.14 02:05:26.171,1.16894,1.16897,1.01,1.39
2018.09.14 02:05:27.219,1.16894,1.16897,1.00,4.87
2018.09.14 02:05:28.788,1.16893,1.16896,1.10,2.81
2018.09.14 02:05:29.447,1.16893,1.16896,1.20,2.81
2018.09.14 02:05:29.962,1.16893,1.16896,1.10,2.44
2018.09.14 02:05:31.342,1.16893,1.16896,1.29,3.37
2018.09.14 02:05:32.052,1.16893,1.16896,1.10,2.44
2018.09.14 02:05:34.903,1.16894,1.16897,3.19,3.19
2018.09.14 02:05:42.759,1.16894,1.16898,4.39,1.12
2018.09.14 02:05:44.828,1.16893,1.16897,4.39,1.31
2018.09.14 02:05:44.986,1.16893,1.16897,3.26,2.06
2018.09.14 02:05:46.137,1.16894,1.16897,2.51,1.31
2018.09.14 02:05:46.345,1.16895,1.16898,1.69,3.56
2018.09.14 02:05:47.147,1.16895,1.16898,1.10,1.12
2018.09.14 02:05:48.148,1.16895,1.16898,1.76,2.06
2018.09.14 02:05:49.159,1.16895,1.16898,1.01,1.50
2018.09.14 02:05:52.165,1.16895,1.16898,2.14,2.06
2018.09.14 02:05:52.523,1.16897,1.16899,4.39,1.00
2018.09.14 02:05:56.476,1.16897,1.16899,3.00,1.00
2018.09.14 02:06:00.010,1.16895,1.16898,2.32,1.00
2018.09.14 02:06:00.522,1.16895,1.16899,1.57,2.44
2018.09.14 02:06:01.098,1.16895,1.16898,2.32,1.00
2018.09.14 02:06:01.894,1.16895,1.16897,2.44,1.00
2018.09.14 02:06:02.693,1.16894,1.16897,7.57,1.00
2018.09.14 02:06:03.244,1.16894,1.16897,3.00,3.60
2018.09.14 02:06:03.348,1.16892,1.16896,3.64,2.06
2018.09.14 02:06:03.868,1.16892,1.16896,4.01,1.39
2018.09.14 02:06:05.235,1.16892,1.16896,1.31,2.14
2018.09.14 02:06:05.794,1.16892,1.16896,1.01,4.76
2018.09.14 02:06:06.119,1.1689,1.16894,10.39,1.25
2018.09.14 02:06:06.644,1.16891,1.16894,1.50,1.69
2018.09.14 02:06:07.173,1.1689,1.16894,6.45,1.25
2018.09.14 02:06:09.118,1.16891,1.16894,1.00,1.69
2018.09.14 02:06:09.719,1.1689,1.16894,8.14,1.25
2018.09.14 02:06:10.534,1.16891,1.16894,1.00,1.25
2018.09.14 02:06:15.822,1.1689,1.16894,5.32,1.25
2018.09.14 02:06:20.162,1.16891,1.16894,1.00,1.25
2018.09.14 02:06:20.735,1.1689,1.16894,5.89,1.25
2018.09.14 02:06:23.541,1.1689,1.16893,5.51,1.00
2018.09.14 02:06:24.175,1.1689,1.16893,6.26,1.00
2018.09.14 02:06:24.732,1.16891,1.16893,1.00,1.00
2018.09.14 02:06:25.247,1.1689,1.16893,6.26,1.00
2018.09.14 02:06:25.792,1.16891,1.16893,1.00,1.00
2018.09.14 02:06:31.150,1.16891,1.16894,2.06,1.00
2018.09.14 02:06:31.711,1.16891,1.16894,1.39,1.00
2018.09.14 02:06:33.649,1.16891,1.16894,1.69,1.69
2018.09.14 02:06:34.180,1.16891,1.16894,1.00,1.00
2018.09.14 02:06:37.604,1.1689,1.16894,5.32,2.66
2018.09.14 02:06:38.141,1.1689,1.16893,2.62,1.16
2018.09.14 02:06:41.228,1.1689,1.16893,2.81,1.35
2018.09.14 02:06:41.733,1.1689,1.16894,2.06,9.11
2018.09.14 02:06:42.908,1.1689,1.16894,2.06,6.49
2018.09.14 02:06:43.287,1.16893,1.16894,3.75,1.10
2018.09.14 02:06:43.393,1.16894,1.16897,2.25,1.57
2018.09.14 02:06:43.551,1.16895,1.16898,1.25,1.57
2018.09.14 02:06:44.848,1.16896,1.16899,1.00,3.26
2018.09.14 02:06:45.373,1.16896,1.169,4.12,2.32
2018.09.14 02:06:46.968,1.16896,1.169,1.76,1.50
2018.09.14 02:06:49.880,1.16898,1.16902,8.32,1.95
2018.09.14 02:06:49.933,1.16899,1.16902,1.29,1.39
2018.09.14 02:06:50.530,1.16899,1.16903,1.76,5.32
2018.09.14 02:06:51.236,1.16899,1.16903,1.26,2.51
2018.09.14 02:06:51.763,1.169,1.16903,1.76,4.20
2018.09.14 02:06:52.270,1.169,1.16903,1.01,2.51
2018.09.14 02:06:57.304,1.169,1.16903,1.95,3.26
2018.09.14 02:06:58.056,1.169,1.16903,1.20,2.32
2018.09.14 02:06:59.384,1.169,1.16903,1.20,1.57
2018.09.14 02:07:00.098,1.16899,1.16903,7.57,1.57
2018.09.14 02:07:04.450,1.169,1.16903,1.57,2.32
2018.09.14 02:07:07.750,1.169,1.16903,1.10,1.10
2018.09.14 02:07:24.061,1.16899,1.16903,6.82,1.76
2018.09.14 02:07:24.562,1.16899,1.16903,4.39,1.20
2018.09.14 02:07:31.797,1.16899,1.16903,5.06,3.45
2018.09.14 02:07:34.144,1.16899,1.16903,6.00,4.39
2018.09.14 02:07:37.898,1.16899,1.16903,3.75,1.20
2018.09.14 02:07:38.845,1.16899,1.16903,6.37,1.10
2018.09.14 02:07:50.030,1.169,1.16904,2.06,4.09
2018.09.14 02:07:53.763,1.16901,1.16904,1.00,3.07
2018.09.14 02:07:54.418,1.169,1.16904,2.70,3.07
2018.09.14 02:07:56.915,1.169,1.16904,2.70,3.07
2018.09.14 02:07:57.418,1.169,1.16904,1.10,4.20
2018.09.14 02:07:58.564,1.169,1.16904,1.95,3.45
2018.09.14 02:08:00.106,1.169,1.16904,1.20,4.39
2018.09.14 02:08:01.643,1.169,1.16903,1.87,1.25
2018.09.14 02:08:02.405,1.169,1.16903,1.25,1.00
2018.09.14 02:08:02.916,1.16899,1.16904,7.95,5.40
2018.09.14 02:08:03.441,1.169,1.16904,1.10,6.64
2018.09.14 02:08:06.421,1.169,1.16904,1.10,3.94
2018.09.14 02:08:07.270,1.16899,1.16904,9.45,3.07
2018.09.14 02:08:10.978,1.169,1.16904,1.10,3.07
2018.09.14 02:08:14.422,1.169,1.16904,1.20,1.65
2018.09.14 02:08:15.077,1.16901,1.16904,1.57,2.51
2018.09.14 02:08:15.393,1.16905,1.16908,2.25,1.20
2018.09.14 02:08:15.549,1.16905,1.16908,3.45,1.20
2018.09.14 02:08:16.739,1.16905,1.16909,2.32,1.57
2018.09.14 02:08:17.354,1.16905,1.1691,3.82,5.89
2018.09.14 02:08:18.411,1.16905,1.1691,2.32,2.70
2018.09.14 02:08:18.725,1.16905,1.1691,3.07,6.26
2018.09.14 02:08:18.777,1.16905,1.16909,3.82,1.25
2018.09.14 02:08:19.280,1.16906,1.1691,3.64,2.70
2018.09.14 02:08:19.715,1.16909,1.16912,1.00,4.39
2018.09.14 02:08:20.279,1.16908,1.16912,4.01,4.39
2018.09.14 02:08:20.626,1.16911,1.16914,1.31,1.25
2018.09.14 02:08:20.680,1.16911,1.16914,1.87,1.00
2018.09.14 02:08:20.941,1.16911,1.16916,2.70,1.57
2018.09.14 02:08:23.668,1.16911,1.16916,3.64,3.07
2018.09.14 02:08:29.409,1.16914,1.16917,3.19,3.45
2018.09.14 02:08:29.516,1.16915,1.16918,1.20,1.10
2018.09.14 02:08:29.710,1.16918,1.1692,2.44,1.10
2018.09.14 02:08:29.816,1.1692,1.16922,1.25,1.10
2018.09.14 02:08:30.390,1.16921,1.16923,1.00,1.10
2018.09.14 02:08:30.910,1.16921,1.16924,1.10,1.10
2018.09.14 02:08:34.638,1.16919,1.16924,8.14,1.76
2018.09.14 02:08:34.958,1.16914,1.16919,1.95,4.20
2018.09.14 02:08:35.079,1.16914,1.16917,1.20,2.10
2018.09.14 02:08:35.133,1.16914,1.16919,1.20,7.42
2018.09.14 02:08:36.720,1.16914,1.16919,1.20,6.64
2018.09.14 02:08:38.587,1.16914,1.16918,1.39,4.61
2018.09.14 02:08:41.137,1.16913,1.16916,1.00,2.62
2018.09.14 02:08:41.663,1.16913,1.16915,1.00,1.10
2018.09.14 02:08:44.254,1.16912,1.16916,1.12,4.95
2018.09.14 02:08:45.554,1.16911,1.16916,3.82,3.07
2018.09.14 02:08:46.545,1.16913,1.16916,1.00,4.57
2018.09.14 02:08:47.031,1.16914,1.16917,3.00,1.31
2018.09.14 02:08:47.557,1.16913,1.16918,8.89,3.45
2018.09.14 02:08:48.102,1.16913,1.16917,2.32,2.14
2018.09.14 02:08:51.012,1.16913,1.16917,2.70,1.39
2018.09.14 02:08:51.964,1.16913,1.16916,1.95,2.51
2018.09.14 02:08:53.555,1.16913,1.16916,1.10,3.26
2018.09.14 02:09:07.119,1.16912,1.16915,1.10,1.95
2018.09.14 02:09:09.332,1.16912,1.16915,1.00,4.69
2018.09.14 02:09:09.845,1.16911,1.16915,1.95,4.69
2018.09.14 02:09:10.158,1.16908,1.16911,2.32,1.00
2018.09.14 02:09:12.771,1.16909,1.16911,1.44,1.00
2018.09.14 02:09:13.317,1.16909,1.16912,1.12,1.00
2018.09.14 02:09:19.514,1.16908,1.16911,2.70,1.00
2018.09.14 02:09:28.454,1.16909,1.16911,1.39,1.00
2018.09.14 02:09:28.560,1.16909,1.16913,2.89,1.10
2018.09.14 02:09:29.114,1.16908,1.16912,1.20,1.25
2018.09.14 02:09:29.642,1.16907,1.16912,9.19,2.32
2018.09.14 02:09:40.904,1.16907,1.16911,1.87,5.96
2018.09.14 02:09:41.417,1.16906,1.1691,2.70,3.30
2018.09.14 02:09:46.746,1.16906,1.1691,2.70,3.49
2018.09.14 02:09:50.194,1.16907,1.1691,1.69,1.31
2018.09.14 02:09:50.247,1.16908,1.16911,2.89,2.44
2018.09.14 02:09:50.575,1.16909,1.16913,4.76,5.51
2018.09.14 02:09:50.680,1.16908,1.16912,1.20,9.41
2018.09.14 02:09:51.221,1.16907,1.16911,2.14,3.56
2018.09.14 02:09:51.931,1.16907,1.1691,2.06,1.25
2018.09.14 02:09:55.095,1.16907,1.1691,1.31,1.00
2018.09.14 02:09:55.649,1.16906,1.1691,6.45,1.00
2018.09.14 02:09:59.443,1.16907,1.1691,1.12,2.25
2018.09.14 02:09:59.981,1.16906,1.1691,2.51,2.81
2018.09.14 02:10:01.231,1.16907,1.1691,1.44,2.81
2018.09.14 02:10:01.917,1.16907,1.1691,1.12,2.62
2018.09.14 02:10:02.241,1.1691,1.16913,3.56,1.50
2018.09.14 02:10:03.020,1.16911,1.16913,1.00,1.50
2018.09.14 02:10:03.575,1.1691,1.16913,4.76,1.50
2018.09.14 02:10:04.231,1.16911,1.16913,1.00,1.50
2018.09.14 02:10:05.932,1.1691,1.16913,4.76,1.50
2018.09.14 02:10:06.512,1.16911,1.16913,1.50,1.50
2018.09.14 02:10:07.787,1.1691,1.16913,4.76,1.00
2018.09.14 02:10:11.396,1.16911,1.16913,1.19,1.00
2018.09.14 02:10:11.944,1.1691,1.16913,5.70,1.00
2018.09.14 02:10:12.488,1.1691,1.16914,5.70,2.62
2018.09.14 02:10:13.196,1.16911,1.16915,1.50,4.01
2018.09.14 02:10:13.250,1.16912,1.16916,4.12,1.10
2018.09.14 02:10:13.676,1.16913,1.16917,1.19,1.01
2018.09.14 02:10:14.221,1.16912,1.16917,5.32,1.00
2018.09.14 02:10:14.707,1.16914,1.16918,5.62,1.10
2018.09.14 02:10:15.241,1.16915,1.16919,2.06,6.07
2018.09.14 02:10:15.790,1.16915,1.16919,1.87,2.89
2018.09.14 02:10:18.315,1.16916,1.16919,1.57,1.76
2018.09.14 02:10:18.825,1.16916,1.1692,2.51,1.95
2018.09.14 02:10:20.219,1.16917,1.1692,1.31,1.12
2018.09.14 02:10:20.871,1.16917,1.1692,3.56,1.00
2018.09.14 02:10:21.618,1.16917,1.16921,3.56,2.51
2018.09.14 02:10:26.694,1.16919,1.16923,1.50,10.76
2018.09.14 02:10:27.246,1.16919,1.16924,2.62,12.30
2018.09.14 02:10:27.802,1.1692,1.16923,1.12,1.12
2018.09.14 02:10:28.142,1.16921,1.16924,2.06,1.00
2018.09.14 02:10:28.704,1.16922,1.16925,1.39,3.26
2018.09.14 02:10:31.244,1.16922,1.16925,4.01,1.10
2018.09.14 02:10:35.504,1.16922,1.16925,2.32,1.10
2018.09.14 02:10:46.944,1.16923,1.16926,1.50,1.50
2018.09.14 02:10:47.517,1.16924,1.16926,1.00,1.12
2018.09.14 02:10:48.877,1.16923,1.16927,2.70,1.57
2018.09.14 02:10:49.489,1.16924,1.16927,1.00,1.57
2018.09.14 02:10:49.994,1.16923,1.16927,4.20,1.95
2018.09.14 02:10:50.537,1.16924,1.16927,1.00,2.70
2018.09.14 02:10:52.894,1.16924,1.16927,1.44,1.25
2018.09.14 02:10:53.426,1.16925,1.16928,3.19,1.12
2018.09.14 02:10:53.772,1.16926,1.16929,2.51,1.01
2018.09.14 02:10:54.242,1.16925,1.16928,2.06,1.50
2018.09.14 02:10:54.783,1.16924,1.16928,1.12,7.01
2018.09.14 02:10:55.337,1.16923,1.16927,4.01,2.25
2018.09.14 02:10:56.052,1.16923,1.16927,3.26,1.37
2018.09.14 02:10:56.850,1.16923,1.16926,4.50,1.12
2018.09.14 02:10:57.375,1.16923,1.16927,1.87,3.82
2018.09.14 02:10:58.632,1.16923,1.16926,1.87,1.00
2018.09.14 02:11:00.085,1.16923,1.16927,4.57,1.00
2018.09.14 02:11:00.605,1.16925,1.16928,1.50,3.19
2018.09.14 02:11:01.124,1.16925,1.16928,1.50,1.69
2018.09.14 02:11:01.731,1.16925,1.16928,1.50,2.85
2018.09.14 02:11:04.480,1.16925,1.16928,1.50,2.29
2018.09.14 02:11:05.017,1.16925,1.16928,1.50,1.00
2018.09.14 02:11:14.503,1.16926,1.16929,1.25,3.37
2018.09.14 02:11:16.026,1.16926,1.16929,1.25,3.82
2018.09.14 02:11:16.806,1.16925,1.16929,1.10,4.76
2018.09.14 02:11:17.314,1.16924,1.16928,5.32,1.01
2018.09.14 02:11:23.445,1.16925,1.16929,1.10,3.26
2018.09.14 02:11:24.045,1.16926,1.16929,1.25,5.04
2018.09.14 02:11:24.618,1.16925,1.16929,1.50,3.07
2018.09.14 02:11:30.975,1.16925,1.16928,2.25,1.25
2018.09.14 02:11:36.915,1.16925,1.16929,4.50,1.39
2018.09.14 02:11:37.485,1.16927,1.1693,1.00,3.41
2018.09.14 02:11:39.096,1.16926,1.1693,1.01,3.41
2018.09.14 02:11:41.215,1.16925,1.16929,6.45,1.12
2018.09.14 02:11:41.953,1.16926,1.16929,1.20,1.25
2018.09.14 02:11:45.147,1.16925,1.16929,6.07,1.12
2018.09.14 02:11:47.484,1.16925,1.1693,4.95,6.07
2018.09.14 02:11:49.183,1.16927,1.16929,1.31,2.62
2018.09.14 02:11:49.350,1.16927,1.16931,3.37,5.32
2018.09.14 02:11:50.001,1.16927,1.16931,2.62,3.45
2018.09.14 02:11:50.549,1.16927,1.16931,2.62,1.57
2018.09.14 02:11:54.908,1.1693,1.16932,1.00,3.07
2018.09.14 02:11:55.668,1.1693,1.16933,1.50,2.70
2018.09.14 02:11:56.362,1.1693,1.16933,1.44,1.95
2018.09.14 02:11:56.465,1.16929,1.16932,2.62,1.50
2018.09.14 02:11:56.569,1.16928,1.16929,1.12,1.00
2018.09.14 02:11:56.775,1.16925,1.16927,3.75,3.00
2018.09.14 02:11:56.962,1.16922,1.16925,4.12,1.12
2018.09.14 02:11:57.066,1.16924,1.16925,3.37,2.25
2018.09.14 02:11:57.170,1.16924,1.16927,1.00,3.45
2018.09.14 02:11:57.669,1.16926,1.16929,1.00,1.57
2018.09.14 02:11:58.774,1.16926,1.1693,3.37,1.57
2018.09.14 02:11:59.602,1.16927,1.16929,1.12,1.00
2018.09.14 02:12:01.219,1.16929,1.16931,1.00,4.57
2018.09.14 02:12:01.552,1.16927,1.16931,7.95,1.00
2018.09.14 02:12:02.203,1.16928,1.16931,3.00,1.50
2018.09.14 02:12:02.884,1.16928,1.16932,3.00,4.95
2018.09.14 02:12:06.249,1.16927,1.16932,5.62,7.57
2018.09.14 02:12:06.794,1.16927,1.16931,1.87,1.95
2018.09.14 02:12:07.295,1.16927,1.1693,1.87,1.12
2018.09.14 02:12:07.836,1.16927,1.16931,10.39,1.50
2018.09.14 02:12:08.483,1.16927,1.16931,8.89,1.12
2018.09.14 02:12:09.113,1.16927,1.16931,9.26,2.32
2018.09.14 02:12:09.719,1.16927,1.16931,6.07,3.07
2018.09.14 02:12:10.454,1.16928,1.16931,1.00,2.32
2018.09.14 02:12:10.978,1.16927,1.1693,4.20,1.10
2018.09.14 02:12:19.205,1.16927,1.16931,5.62,2.70
2018.09.14 02:12:19.835,1.16928,1.16931,1.00,2.70
2018.09.14 02:12:20.494,1.16927,1.16931,6.00,1.10
2018.09.14 02:12:21.097,1.16928,1.16931,1.50,1.57
2018.09.14 02:12:22.598,1.16927,1.16931,2.44,1.10
2018.09.14 02:12:24.109,1.16928,1.16932,3.19,6.82
2018.09.14 02:12:24.264,1.16929,1.16932,4.50,1.57
2018.09.14 02:12:24.645,1.16928,1.16931,2.06,1.00
2018.09.14 02:12:31.664,1.16927,1.1693,4.20,1.25
2018.09.14 02:12:33.273,1.16928,1.16931,1.25,1.87
2018.09.14 02:12:35.406,1.16928,1.1693,1.19,1.25
2018.09.14 02:12:38.923,1.16928,1.1693,1.12,1.25
2018.09.14 02:12:39.470,1.16928,1.16931,2.70,1.26
2018.09.14 02:12:40.195,1.16928,1.16931,4.20,1.26
2018.09.14 02:12:40.585,1.1693,1.16932,1.50,1.76
2018.09.14 02:12:41.122,1.1693,1.16933,1.87,1.45
2018.09.14 02:12:42.470,1.1693,1.16932,1.25,1.20
2018.09.14 02:12:43.393,1.16929,1.16931,1.12,1.57
2018.09.14 02:12:43.919,1.16928,1.16931,2.51,1.57
2018.09.14 02:12:44.476,1.16928,1.16931,6.07,1.01
2018.09.14 02:12:45.011,1.16928,1.16932,2.70,4.57
2018.09.14 02:12:46.200,1.16928,1.16931,3.64,1.01
2018.09.14 02:12:47.022,1.16928,1.1693,1.20,1.50
2018.09.14 02:12:47.076,1.16926,1.16929,4.31,1.31
2018.09.14 02:12:47.967,1.16927,1.16929,1.00,1.39
2018.09.14 02:12:48.541,1.16926,1.16929,2.06,2.14
2018.09.14 02:12:51.081,1.16926,1.16929,2.25,1.31
2018.09.14 02:12:51.608,1.16926,1.16929,1.31,1.39
2018.09.14 02:12:54.011,1.16926,1.16929,2.81,2.89
2018.09.14 02:12:57.057,1.16926,1.1693,1.25,4.99
2018.09.14 02:13:02.012,1.16926,1.16928,1.01,1.00
2018.09.14 02:13:03.043,1.16926,1.1693,1.01,4.61
2018.09.14 02:13:10.086,1.16926,1.16928,1.57,1.00
2018.09.14 02:13:11.049,1.16926,1.16929,3.45,1.20
2018.09.14 02:13:16.130,1.16926,1.1693,2.14,2.06
2018.09.14 02:13:17.346,1.16926,1.16929,2.14,1.00
2018.09.14 02:13:20.965,1.16926,1.16929,2.89,1.00
2018.09.14 02:13:23.191,1.16926,1.1693,1.39,3.75
2018.09.14 02:13:26.885,1.16925,1.16927,3.07,1.00
2018.09.14 02:13:26.989,1.16923,1.16926,2.32,1.00
2018.09.14 02:13:27.490,1.16923,1.16926,2.89,1.12
2018.09.14 02:13:28.035,1.16923,1.16926,1.25,2.44
2018.09.14 02:13:31.949,1.16923,1.16925,1.00,1.00
2018.09.14 02:13:33.244,1.16923,1.16925,1.69,1.00
2018.09.14 02:13:33.790,1.16923,1.16925,1.25,1.00
2018.09.14 02:13:34.515,1.16923,1.16926,1.25,3.56
2018.09.14 02:13:36.357,1.16923,1.16926,2.06,1.50
2018.09.14 02:13:38.358,1.16924,1.16928,2.51,1.50
2018.09.14 02:13:38.621,1.16925,1.16928,3.82,1.69
2018.09.14 02:13:39.242,1.16925,1.16928,2.32,1.00
2018.09.14 02:13:46.592,1.16925,1.16928,4.20,1.00
2018.09.14 02:13:48.167,1.16925,1.16928,4.57,1.00
2018.09.14 02:13:48.721,1.16924,1.16927,2.89,1.50
2018.09.14 02:13:49.357,1.16924,1.16926,1.50,1.00
2018.09.14 02:13:51.191,1.16923,1.16926,1.39,1.00
2018.09.14 02:13:53.615,1.16923,1.16926,2.32,2.44
2018.09.14 02:13:54.161,1.16923,1.16926,1.39,2.62
2018.09.14 02:13:56.604,1.16924,1.16927,1.25,4.69
2018.09.14 02:13:56.864,1.16925,1.16928,1.00,3.00
2018.09.14 02:13:58.481,1.16925,1.16928,5.32,3.19
2018.09.14 02:14:06.023,1.16925,1.16928,5.89,1.00
2018.09.14 02:14:08.415,1.16925,1.16928,4.39,1.12
2018.09.14 02:14:15.110,1.16925,1.16928,3.45,1.00
2018.09.14 02:14:16.765,1.16925,1.16928,3.45,1.00
2018.09.14 02:14:17.488,1.16925,1.16928,3.45,1.12
2018.09.14 02:14:18.095,1.16925,1.16928,3.45,1.00
2018.09.14 02:14:18.649,1.16925,1.16928,2.70,1.00
2018.09.14 02:14:19.246,1.16925,1.16928,3.45,1.00
2018.09.14 02:14:20.664,1.16925,1.16928,4.20,1.00
2018.09.14 02:14:21.330,1.16925,1.16928,3.07,1.00
2018.09.14 02:14:25.872,1.16925,1.16928,3.82,1.00
2018.09.14 02:14:26.627,1.16925,1.16928,3.07,1.00
2018.09.14 02:14:27.331,1.16925,1.16929,2.89,3.75
2018.09.14 02:14:27.384,1.16925,1.16927,1.47,1.00
2018.09.14 02:14:27.491,1.16923,1.16926,4.95,2.25
2018.09.14 02:14:28.007,1.16922,1.16926,4.01,3.19
2018.09.14 02:14:28.583,1.16923,1.16927,1.76,1.50
2018.09.14 02:14:29.313,1.16924,1.16927,1.01,1.12
2018.09.14 02:14:32.777,1.16924,1.16927,2.32,1.50
2018.09.14 02:14:33.113,1.16925,1.16929,3.37,4.57
2018.09.14 02:14:33.642,1.16925,1.16929,2.32,3.64
2018.09.14 02:14:34.164,1.16925,1.16929,4.57,4.95
2018.09.14 02:14:34.679,1.16925,1.16929,2.51,4.01
2018.09.14 02:14:36.193,1.16925,1.16928,1.20,3.64
2018.09.14 02:14:36.814,1.16925,1.16927,1.20,1.00
2018.09.14 02:14:37.365,1.16923,1.16926,3.45,1.87
2018.09.14 02:14:37.621,1.16922,1.16925,1.00,5.51
2018.09.14 02:14:38.158,1.16921,1.16925,1.87,6.26
2018.09.14 02:14:39.547,1.16921,1.16925,1.87,7.76
2018.09.14 02:14:40.074,1.16921,1.16925,1.39,3.64
2018.09.14 02:14:40.613,1.16921,1.16925,6.45,4.20
2018.09.14 02:14:42.557,1.16921,1.16924,10.20,1.00
2018.09.14 02:14:43.535,1.16921,1.16925,1.57,2.14
2018.09.14 02:14:44.040,1.16921,1.16925,1.12,3.64
2018.09.14 02:14:44.578,1.16921,1.16924,1.12,1.87
2018.09.14 02:14:45.673,1.1692,1.16925,7.20,3.75
2018.09.14 02:14:46.199,1.16921,1.16924,2.14,1.12
2018.09.14 02:14:46.802,1.16921,1.16925,1.10,2.62
2018.09.14 02:14:47.506,1.16921,1.16924,1.01,1.00
2018.09.14 02:15:09.626,1.16921,1.16923,2.14,1.00
2018.09.14 02:15:10.628,1.16921,1.16924,2.14,2.89
2018.09.14 02:15:16.648,1.16921,1.16924,2.89,4.01
2018.09.14 02:15:17.663,1.16921,1.16924,2.89,2.14
2018.09.14 02:15:19.916,1.16921,1.16924,3.82,1.69
2018.09.14 02:15:20.724,1.16921,1.16924,3.07,1.69
2018.09.14 02:15:21.663,1.16921,1.16924,2.89,2.25
2018.09.14 02:15:22.702,1.16921,1.16924,2.89,1.12
2018.09.14 02:15:23.731,1.16921,1.16924,2.81,1.50
2018.09.14 02:15:28.974,1.16921,1.16924,3.56,3.00
2018.09.14 02:15:29.510,1.16921,1.16924,3.37,3.00
2018.09.14 02:15:30.046,1.16921,1.16924,3.37,1.12
2018.09.14 02:15:30.734,1.16921,1.16924,2.62,1.50
2018.09.14 02:15:31.743,1.16921,1.16924,2.62,1.12
2018.09.14 02:15:34.945,1.16921,1.16924,2.44,1.12
2018.09.14 02:15:35.530,1.16921,1.16924,2.44,1.12
2018.09.14 02:15:36.299,1.16921,1.16924,1.87,1.00
2018.09.14 02:15:37.263,1.16921,1.16924,1.95,1.00
2018.09.14 02:15:39.619,1.16921,1.16924,1.01,2.51
2018.09.14 02:15:41.331,1.16921,1.16924,2.14,2.44
2018.09.14 02:15:42.651,1.16921,1.16924,2.14,2.06
2018.09.14 02:15:43.523,1.16921,1.16924,1.69,1.31
2018.09.14 02:15:43.627,1.16921,1.16924,1.57,4.39
2018.09.14 02:15:43.680,1.16922,1.16924,1.00,3.49
2018.09.14 02:15:44.352,1.16921,1.16924,1.76,1.50
2018.09.14 02:15:44.959,1.16921,1.16924,3.26,1.31
2018.09.14 02:15:45.512,1.16921,1.16925,1.01,4.50
2018.09.14 02:15:46.894,1.16921,1.16924,3.45,1.50
2018.09.14 02:15:47.444,1.1692,1.16925,4.95,5.62
2018.09.14 02:15:47.959,1.16921,1.16924,1.20,2.62
2018.09.14 02:15:50.356,1.1692,1.16922,1.95,1.00
2018.09.14 02:15:50.672,1.16918,1.16919,1.00,1.50
2018.09.14 02:15:50.725,1.16916,1.16918,1.12,1.12
2018.09.14 02:15:50.904,1.16918,1.1692,1.00,1.57
2018.09.14 02:15:51.722,1.16918,1.16922,5.32,6.26
2018.09.14 02:15:52.357,1.16918,1.16921,1.95,1.01
2018.09.14 02:15:52.887,1.16918,1.16921,3.07,1.31
2018.09.14 02:15:53.922,1.16918,1.16921,2.32,2.06
2018.09.14 02:15:54.923,1.16918,1.16921,2.89,2.62
2018.09.14 02:15:55.450,1.16918,1.16921,1.76,1.87
2018.09.14 02:16:07.011,1.16918,1.16922,1.57,3.19
2018.09.14 02:16:08.131,1.16918,1.16922,2.51,4.01
2018.09.14 02:16:13.564,1.16918,1.16921,1.57,1.00
2018.09.14 02:16:14.103,1.16918,1.16921,1.57,1.50
2018.09.14 02:16:14.560,1.16918,1.16922,1.57,5.44
2018.09.14 02:16:15.094,1.16918,1.16921,1.76,1.25
2018.09.14 02:16:15.626,1.16917,1.1692,1.57,1.00
2018.09.14 02:16:18.172,1.16917,1.1692,1.95,1.00
2018.09.14 02:16:18.720,1.16916,1.1692,1.57,3.00
2018.09.14 02:16:20.228,1.16916,1.16919,1.39,1.00
2018.09.14 02:16:20.860,1.16915,1.16919,7.39,1.00
2018.09.14 02:16:21.366,1.16916,1.16919,1.39,1.00
2018.09.14 02:16:23.194,1.16915,1.1692,7.01,4.69
2018.09.14 02:16:26.104,1.16916,1.1692,1.29,3.75
2018.09.14 02:16:26.765,1.16916,1.1692,1.10,3.75
2018.09.14 02:16:29.228,1.16915,1.1692,5.14,3.75
2018.09.14 02:16:33.288,1.16915,1.1692,7.76,3.75
2018.09.14 02:16:34.597,1.16915,1.16919,4.57,1.00
2018.09.14 02:16:37.309,1.16915,1.1692,4.57,2.44
2018.09.14 02:16:38.938,1.16919,1.1692,1.50,1.00
2018.09.14 02:16:39.044,1.1692,1.16922,1.01,1.50
2018.09.14 02:16:39.910,1.16919,1.16922,3.45,1.00
2018.09.14 02:16:40.983,1.16919,1.16923,3.45,1.31
2018.09.14 02:16:41.559,1.1692,1.16923,1.25,1.31
2018.09.14 02:16:47.108,1.16919,1.16923,4.01,1.00
2018.09.14 02:16:49.451,1.1692,1.16923,1.69,1.50
2018.09.14 02:16:55.775,1.1692,1.16923,1.19,1.00
2018.09.14 02:16:56.279,1.16919,1.16923,6.45,1.12
2018.09.14 02:16:56.828,1.1692,1.16923,1.25,1.12
2018.09.14 02:16:57.414,1.1692,1.16924,1.19,4.61
2018.09.14 02:16:58.076,1.16919,1.16924,8.51,3.67
2018.09.14 02:16:58.909,1.1692,1.16923,1.25,1.50
2018.09.14 02:16:59.912,1.1692,1.16922,1.31,1.00
2018.09.14 02:17:04.889,1.1692,1.16923,1.31,1.00
2018.09.14 02:17:06.862,1.1692,1.16922,1.31,1.00
2018.09.14 02:17:07.861,1.16919,1.16923,6.64,1.00
2018.09.14 02:17:08.913,1.16919,1.16922,6.26,1.12
2018.09.14 02:17:09.964,1.16919,1.16923,6.26,1.00
2018.09.14 02:17:12.927,1.16919,1.16923,6.26,1.50
2018.09.14 02:17:13.930,1.16919,1.16924,6.26,3.49
2018.09.14 02:17:14.694,1.16919,1.16923,7.01,1.12
2018.09.14 02:17:15.354,1.16919,1.16923,6.26,1.00
2018.09.14 02:17:15.890,1.1692,1.16923,1.31,1.50
2018.09.14 02:17:16.428,1.16919,1.16923,6.64,1.00
2018.09.14 02:17:17.004,1.16919,1.16924,6.64,3.00
2018.09.14 02:17:17.508,1.1692,1.16924,1.01,2.25
2018.09.14 02:17:18.763,1.1692,1.16924,1.76,3.19
2018.09.14 02:17:19.314,1.1692,1.16924,1.01,2.25
2018.09.14 02:17:20.000,1.1692,1.16924,1.76,2.44
2018.09.14 02:17:20.524,1.1692,1.16923,1.76,1.00
2018.09.14 02:17:23.932,1.1692,1.16923,1.01,1.00
2018.09.14 02:17:24.774,1.1692,1.16923,2.14,1.00
2018.09.14 02:17:28.548,1.1692,1.16924,2.89,2.25
2018.09.14 02:17:29.889,1.1692,1.16923,1.57,1.00
2018.09.14 02:17:37.467,1.1692,1.16923,2.89,1.20
2018.09.14 02:17:46.961,1.1692,1.16922,2.70,1.00
2018.09.14 02:17:47.950,1.1692,1.16923,2.70,1.95
2018.09.14 02:17:55.743,1.1692,1.16923,4.20,1.95
2018.09.14 02:17:57.290,1.1692,1.16923,3.45,1.95
2018.09.14 02:17:57.827,1.1692,1.16923,5.70,2.70
2018.09.14 02:17:58.361,1.1692,1.16923,3.45,2.70
2018.09.14 02:17:58.985,1.1692,1.16923,3.45,1.95
2018.09.14 02:18:03.295,1.1692,1.16923,2.81,1.12
2018.09.14 02:18:19.034,1.16921,1.16924,1.10,1.76
2018.09.14 02:18:22.045,1.16921,1.16924,1.10,2.51
2018.09.14 02:18:24.160,1.1692,1.16922,2.70,1.00
2018.09.14 02:18:25.529,1.16922,1.16924,1.00,1.00
2018.09.14 02:18:25.731,1.16923,1.16926,1.25,3.19
2018.09.14 02:18:25.785,1.16922,1.16924,2.32,1.00
2018.09.14 02:18:27.795,1.16922,1.16925,2.25,1.50
2018.09.14 02:18:28.390,1.16921,1.16924,3.82,1.69
2018.09.14 02:18:31.766,1.16922,1.16924,1.69,2.62
2018.09.14 02:18:33.410,1.16922,1.16925,1.76,3.45
2018.09.14 02:18:33.915,1.16923,1.16925,1.00,1.00
2018.09.14 02:18:34.466,1.16922,1.16926,2.14,3.00
2018.09.14 02:18:35.518,1.16922,1.16926,2.14,2.81
2018.09.14 02:18:36.098,1.16921,1.16926,8.32,2.70
2018.09.14 02:18:36.724,1.16922,1.16926,1.19,3.64
2018.09.14 02:18:36.777,1.16921,1.16926,5.14,3.45
2018.09.14 02:18:36.987,1.16921,1.16924,2.51,1.00
2018.09.14 02:18:37.633,1.16922,1.16924,1.25,1.25
2018.09.14 02:18:38.395,1.16921,1.16924,1.31,1.12
2018.09.14 02:18:39.908,1.16922,1.16924,1.25,1.31
2018.09.14 02:18:40.534,1.16921,1.16923,1.31,1.00
2018.09.14 02:18:41.051,1.16921,1.16924,1.31,1.00
2018.09.14 02:18:47.997,1.16921,1.16923,1.39,1.00
2018.09.14 02:18:50.263,1.16921,1.16923,1.39,1.00
2018.09.14 02:18:50.965,1.16921,1.16923,1.39,1.00
2018.09.14 02:18:53.025,1.16921,1.16924,1.57,1.25
2018.09.14 02:18:55.067,1.16921,1.16924,1.20,2.06
2018.09.14 02:18:55.572,1.16921,1.16924,1.20,2.81
2018.09.14 02:18:56.098,1.16921,1.16924,1.57,2.06
2018.09.14 02:18:57.043,1.16921,1.16925,2.32,4.76
2018.09.14 02:18:58.739,1.16921,1.16924,1.20,1.01
2018.09.14 02:18:59.255,1.16921,1.16924,2.32,1.25
2018.09.14 02:19:01.100,1.16921,1.16925,1.87,4.01
2018.09.14 02:19:05.053,1.16921,1.16923,1.12,1.00
2018.09.14 02:19:06.462,1.16922,1.16923,1.25,1.00
2018.09.14 02:19:08.641,1.16921,1.16924,1.25,1.50
2018.09.14 02:19:10.072,1.16921,1.16924,1.25,1.00
2018.09.14 02:19:12.609,1.1692,1.16924,8.14,1.12
2018.09.14 02:19:13.169,1.16921,1.16924,1.25,1.50
2018.09.14 02:19:14.986,1.1692,1.16924,9.45,1.00
2018.09.14 02:19:16.980,1.16921,1.16924,1.87,1.00
2018.09.14 02:19:18.106,1.16921,1.16924,1.87,1.37
2018.09.14 02:19:19.093,1.16922,1.16924,1.00,1.37
2018.09.14 02:19:19.823,1.16921,1.16924,1.00,1.00
2018.09.14 02:19:20.484,1.16922,1.16925,1.00,3.64
2018.09.14 02:19:21.013,1.16921,1.16925,3.41,2.14
2018.09.14 02:19:21.887,1.16922,1.16924,1.25,1.50
2018.09.14 02:19:22.504,1.16921,1.16924,3.56,1.50
2018.09.14 02:19:23.164,1.16921,1.16924,3.56,1.50
2018.09.14 02:19:24.095,1.16922,1.16925,1.25,3.07
2018.09.14 02:19:25.043,1.16923,1.16924,1.00,1.00
2018.09.14 02:19:25.763,1.16923,1.16924,1.00,1.00
2018.09.14 02:19:26.716,1.16922,1.16924,1.25,1.00
2018.09.14 02:19:27.716,1.16923,1.16925,1.00,2.14
2018.09.14 02:19:29.666,1.16922,1.16925,1.25,1.76
2018.09.14 02:19:30.197,1.16922,1.16925,1.25,2.14
2018.09.14 02:19:30.778,1.16922,1.16924,1.25,1.00
2018.09.14 02:19:31.645,1.16923,1.16924,1.00,1.00
2018.09.14 02:19:32.461,1.16922,1.16924,1.25,1.00
2018.09.14 02:19:33.806,1.16922,1.16925,1.25,1.39
2018.09.14 02:19:36.477,1.16923,1.16925,1.00,1.39
2018.09.14 02:19:37.093,1.16922,1.16925,1.25,2.14
2018.09.14 02:19:37.778,1.16923,1.16925,1.00,1.25
2018.09.14 02:19:38.127,1.16926,1.16928,1.69,1.00
2018.09.14 02:19:38.663,1.16926,1.1693,3.64,2.70
2018.09.14 02:19:39.181,1.16927,1.1693,1.50,1.00
2018.09.14 02:19:39.500,1.1693,1.16934,3.56,1.57
2018.09.14 02:19:40.071,1.16931,1.16934,1.25,2.70
2018.09.14 02:19:40.572,1.1693,1.16934,5.89,2.32
2018.09.14 02:19:41.389,1.16931,1.16934,1.00,2.32
2018.09.14 02:19:43.294,1.16931,1.16934,1.69,2.32
2018.09.14 02:19:44.512,1.16931,1.16934,1.25,1.20
2018.09.14 02:19:45.060,1.16931,1.16934,1.69,1.20
2018.09.14 02:19:46.173,1.16931,1.16934,1.25,1.95
2018.09.14 02:19:47.115,1.16931,1.16934,1.69,1.20
2018.09.14 02:19:47.713,1.16931,1.16934,1.25,1.20
2018.09.14 02:19:48.236,1.16931,1.16934,1.00,1.95
2018.09.14 02:19:49.223,1.16929,1.16933,1.25,1.95
2018.09.14 02:19:49.432,1.1693,1.16933,3.79,1.25
2018.09.14 02:19:49.950,1.16931,1.16934,1.50,1.57
2018.09.14 02:19:50.458,1.1693,1.16935,3.26,4.20
2018.09.14 02:19:52.428,1.16931,1.16935,1.31,6.82
2018.09.14 02:19:52.997,1.1693,1.16935,4.01,6.07
2018.09.14 02:19:53.517,1.16931,1.16935,1.31,4.95
2018.09.14 02:19:54.384,1.1693,1.16935,3.26,4.95
2018.09.14 02:19:55.087,1.16931,1.16934,2.06,1.20
2018.09.14 02:19:57.769,1.16931,1.16935,2.62,2.70
2018.09.14 02:20:01.685,1.16931,1.16935,3.22,1.20
2018.09.14 02:20:04.499,1.16931,1.16935,3.22,1.20
2018.09.14 02:20:09.321,1.16931,1.16935,3.79,1.95
2018.09.14 02:20:09.829,1.16931,1.16935,3.26,1.57
2018.09.14 02:20:11.829,1.16932,1.16935,1.00,1.57
2018.09.14 02:20:17.657,1.16932,1.16935,1.00,1.95
2018.09.14 02:20:21.366,1.16932,1.16935,1.00,1.57
2018.09.14 02:20:31.544,1.16932,1.16935,1.50,2.14
2018.09.14 02:20:36.610,1.16932,1.16935,1.00,2.89
2018.09.14 02:20:37.029,1.1693,1.16933,1.12,1.50
2018.09.14 02:20:37.503,1.16929,1.16931,1.00,1.12
2018.09.14 02:20:37.610,1.16927,1.1693,1.00,1.00
2018.09.14 02:20:38.144,1.16928,1.16931,1.00,3.26
2018.09.14 02:20:38.997,1.16926,1.16931,3.94,4.01
2018.09.14 02:20:39.634,1.16927,1.1693,1.25,1.01
2018.09.14 02:20:42.801,1.16926,1.16931,3.82,1.57
2018.09.14 02:20:43.497,1.16927,1.16931,1.50,1.57
2018.09.14 02:20:44.159,1.16928,1.16931,1.00,2.32
2018.09.14 02:20:45.766,1.16927,1.16931,1.12,1.76
2018.09.14 02:20:47.110,1.16928,1.16931,1.00,2.51
2018.09.14 02:20:48.767,1.16927,1.16931,1.87,1.57
2018.09.14 02:20:52.670,1.16929,1.16932,1.00,4.57
2018.09.14 02:20:52.828,1.16929,1.16933,1.00,4.95
2018.09.14 02:20:53.380,1.16929,1.16932,2.25,2.70
2018.09.14 02:20:53.929,1.16929,1.16932,1.00,1.47
2018.09.14 02:20:55.297,1.16928,1.16931,1.50,5.06
2018.09.14 02:20:55.400,1.16926,1.16931,2.62,10.57
2018.09.14 02:20:56.887,1.16926,1.1693,1.50,1.10
2018.09.14 02:21:00.413,1.16929,1.16931,2.25,2.70
2018.09.14 02:21:00.467,1.1693,1.16933,1.12,3.82
2018.09.14 02:21:00.779,1.16931,1.16934,1.50,1.76
2018.09.14 02:21:04.684,1.16929,1.16932,4.12,2.44
2018.09.14 02:21:04.788,1.16927,1.16931,2.81,3.07
2018.09.14 02:21:06.020,1.16928,1.16931,1.25,2.32
2018.09.14 02:21:06.221,1.16926,1.1693,2.62,1.95
2018.09.14 02:21:06.952,1.16926,1.16929,2.25,1.10
2018.09.14 02:21:07.986,1.16926,1.1693,3.94,2.70
2018.09.14 02:21:08.197,1.16928,1.1693,1.00,1.57
2018.09.14 02:21:09.397,1.16927,1.1693,4.12,1.10
2018.09.14 02:21:09.938,1.16928,1.16931,1.00,3.45
2018.09.14 02:21:12.038,1.16928,1.16931,2.25,1.01
2018.09.14 02:21:12.582,1.16928,1.16931,1.00,2.70
2018.09.14 02:21:19.586,1.16928,1.16931,1.00,4.95
2018.09.14 02:21:30.141,1.16928,1.16931,1.00,3.45
2018.09.14 02:21:31.177,1.16928,1.16931,1.00,6.82
2018.09.14 02:21:31.819,1.16928,1.1693,1.00,1.10
2018.09.14 02:21:32.367,1.16927,1.1693,1.00,4.01
2018.09.14 02:21:33.045,1.16927,1.1693,1.00,3.07
2018.09.14 02:21:34.483,1.16927,1.1693,1.00,3.82
2018.09.14 02:21:36.998,1.16927,1.1693,1.00,1.57
2018.09.14 02:21:42.036,1.16928,1.16931,1.00,9.07
2018.09.14 02:21:42.556,1.16927,1.16931,2.25,5.51
2018.09.14 02:21:47.022,1.16927,1.1693,1.50,1.07
2018.09.14 02:21:47.664,1.16926,1.1693,2.70,1.20
2018.09.14 02:21:48.848,1.16927,1.1693,1.00,1.95
2018.09.14 02:21:57.352,1.16926,1.1693,3.64,2.32
2018.09.14 02:22:01.334,1.16927,1.1693,1.00,3.45
2018.09.14 02:22:01.896,1.16926,1.1693,1.95,1.95
2018.09.14 02:22:03.476,1.16927,1.1693,1.00,2.32
2018.09.14 02:22:06.086,1.16926,1.1693,2.70,3.07
2018.09.14 02:22:06.840,1.16927,1.1693,1.00,4.57
2018.09.14 02:22:09.149,1.16926,1.1693,4.39,3.82
2018.09.14 02:22:11.133,1.16927,1.1693,1.00,4.57
2018.09.14 02:22:12.137,1.16926,1.1693,2.70,2.32
2018.09.14 02:22:13.494,1.16926,1.16928,4.39,1.00
2018.09.14 02:22:15.158,1.16926,1.16929,3.64,1.01
2018.09.14 02:22:26.066,1.16927,1.16929,1.00,1.01
2018.09.14 02:22:26.675,1.16927,1.16928,1.00,1.00
2018.09.14 02:22:28.066,1.16926,1.16928,1.95,1.00
2018.09.14 02:22:28.655,1.16926,1.16929,1.20,1.10
2018.09.14 02:22:29.161,1.16926,1.16928,1.20,1.00
2018.09.14 02:22:29.975,1.16927,1.16928,1.00,1.00
2018.09.14 02:22:30.579,1.16927,1.1693,1.00,4.95
2018.09.14 02:22:33.082,1.16926,1.16929,1.95,1.57
2018.09.14 02:22:39.926,1.16927,1.1693,1.00,2.51
2018.09.14 02:22:40.810,1.16926,1.1693,3.07,2.51
2018.09.14 02:22:42.476,1.16927,1.1693,1.00,2.51
2018.09.14 02:22:44.949,1.16926,1.1693,2.70,3.26
2018.09.14 02:22:45.281,1.16928,1.16932,3.19,3.45
2018.09.14 02:22:45.597,1.1693,1.16933,5.06,1.00
2018.09.14 02:22:52.948,1.16931,1.16934,1.87,1.10
2018.09.14 02:22:54.740,1.16932,1.16934,1.00,1.00
2018.09.14 02:22:55.507,1.16932,1.16936,2.32,6.07
2018.09.14 02:23:11.467,1.16932,1.16936,1.50,4.01
2018.09.14 02:23:18.727,1.16932,1.16935,1.00,1.01
2018.09.14 02:23:18.833,1.1693,1.16934,6.19,8.06
2018.09.14 02:23:18.940,1.1693,1.16933,1.00,4.39
2018.09.14 02:23:19.451,1.16929,1.16933,1.31,2.89
2018.09.14 02:23:21.095,1.16928,1.16932,4.50,1.10
2018.09.14 02:23:21.642,1.16928,1.16933,1.50,4.01
2018.09.14 02:23:25.541,1.1693,1.16933,1.00,4.57
2018.09.14 02:23:26.069,1.1693,1.16933,1.00,3.07
2018.09.14 02:23:26.614,1.16929,1.16933,5.25,1.10
2018.09.14 02:23:35.401,1.1693,1.16933,1.00,1.57
2018.09.14 02:23:36.190,1.16929,1.16933,4.12,1.10
2018.09.14 02:23:41.058,1.16929,1.16934,8.81,3.82
2018.09.14 02:23:41.596,1.16931,1.16935,1.50,2.70
2018.09.14 02:24:03.894,1.16931,1.16935,1.50,1.57
2018.09.14 02:24:04.405,1.16931,1.16935,1.50,3.45
2018.09.14 02:24:20.009,1.16931,1.16934,3.75,1.00
2018.09.14 02:24:38.064,1.16932,1.16935,1.12,2.70
2018.09.14 02:24:38.912,1.16934,1.16935,1.50,1.10
2018.09.14 02:24:39.172,1.16934,1.16937,3.37,1.20
2018.09.14 02:24:39.698,1.16935,1.16938,1.69,1.01
2018.09.14 02:24:40.448,1.16935,1.16938,1.00,1.45
2018.09.14 02:24:42.555,1.16935,1.16938,1.12,1.95
2018.09.14 02:24:54.471,1.16935,1.16939,3.26,3.07
2018.09.14 02:24:54.576,1.16938,1.1694,1.12,1.95
2018.09.14 02:24:54.630,1.16939,1.16942,3.19,3.07
2018.09.14 02:24:55.069,1.1694,1.16943,1.12,1.95
2018.09.14 02:24:55.604,1.1694,1.16943,1.87,6.45
2018.09.14 02:24:56.060,1.16938,1.16943,8.06,4.76
2018.09.14 02:24:56.979,1.16939,1.16943,1.25,5.51
2018.09.14 02:24:57.595,1.16938,1.16943,4.69,3.26
2018.09.14 02:24:58.969,1.16939,1.16943,1.00,13.39
2018.09.14 02:24:59.767,1.16938,1.16943,4.69,7.01
2018.09.14 02:25:00.636,1.16939,1.16943,1.31,13.76
2018.09.14 02:25:01.307,1.16939,1.16942,1.31,3.26
2018.09.14 02:25:01.947,1.16938,1.16942,5.62,3.07
2018.09.14 02:25:02.492,1.16938,1.16942,2.62,3.26
2018.09.14 02:25:09.271,1.16938,1.16942,3.22,3.07
2018.09.14 02:25:09.992,1.16938,1.16942,2.47,3.07
2018.09.14 02:25:19.719,1.16938,1.16941,1.42,1.20
2018.09.14 02:25:20.231,1.16938,1.16942,1.80,1.95
2018.09.14 02:25:28.826,1.16938,1.16942,1.87,1.10
2018.09.14 02:25:29.569,1.16938,1.16942,2.62,3.26
2018.09.14 02:25:30.485,1.16939,1.16943,4.72,7.76
2018.09.14 02:25:30.646,1.16941,1.16945,3.00,8.14
2018.09.14 02:25:31.109,1.16943,1.16945,1.69,1.00
2018.09.14 02:25:31.666,1.16943,1.16945,1.69,1.00
2018.09.14 02:25:35.999,1.16943,1.16946,1.00,2.25
2018.09.14 02:25:36.323,1.16945,1.16948,3.37,1.50
2018.09.14 02:25:36.853,1.16945,1.16947,1.50,1.20
2018.09.14 02:25:36.907,1.16942,1.16947,5.92,5.14
2018.09.14 02:25:37.423,1.16942,1.16946,7.01,1.25
2018.09.14 02:25:38.035,1.16942,1.16947,4.76,4.76
2018.09.14 02:25:38.885,1.16944,1.16947,1.00,5.51
2018.09.14 02:25:39.453,1.16942,1.16946,6.64,1.25
2018.09.14 02:25:40.109,1.16942,1.16947,4.95,3.26
2018.09.14 02:25:41.161,1.16942,1.16946,6.64,1.25
2018.09.14 02:25:42.688,1.16942,1.16947,4.39,3.26
2018.09.14 02:25:43.978,1.16943,1.16947,2.29,3.26
2018.09.14 02:25:44.533,1.16943,1.16946,1.19,1.25
2018.09.14 02:25:45.093,1.16942,1.16947,4.95,3.64
2018.09.14 02:25:45.618,1.16942,1.16947,4.50,3.45
2018.09.14 02:25:45.879,1.16945,1.16947,1.19,1.10
2018.09.14 02:25:46.100,1.16946,1.16949,2.29,3.00
2018.09.14 02:25:50.872,1.16946,1.1695,1.12,6.26
2018.09.14 02:25:51.407,1.16946,1.16949,1.72,1.00
2018.09.14 02:25:54.618,1.16945,1.1695,7.87,5.51
2018.09.14 02:25:55.140,1.16945,1.1695,6.56,6.64
2018.09.14 02:26:01.388,1.16949,1.1695,1.00,3.82
2018.09.14 02:26:01.543,1.16955,1.16957,2.32,1.00
2018.09.14 02:26:01.597,1.16955,1.16958,4.39,1.95
2018.09.14 02:26:02.529,1.16955,1.16957,1.42,1.00
2018.09.14 02:26:03.079,1.16955,1.16958,1.00,1.00
2018.09.14 02:26:04.438,1.16954,1.16957,2.44,1.00
2018.09.14 02:26:05.041,1.16952,1.16957,5.06,3.45
2018.09.14 02:26:07.168,1.16952,1.16956,3.75,2.14
2018.09.14 02:26:07.718,1.16952,1.16956,1.12,2.32
2018.09.14 02:26:10.438,1.16953,1.16956,1.00,1.95
2018.09.14 02:26:12.594,1.16954,1.16957,1.57,1.12
2018.09.14 02:26:13.098,1.16954,1.16957,1.12,1.25
2018.09.14 02:26:14.432,1.16954,1.16958,1.80,4.12
2018.09.14 02:26:14.955,1.16955,1.16958,1.00,2.89
2018.09.14 02:26:15.479,1.16955,1.16957,1.50,1.10
2018.09.14 02:26:16.044,1.16954,1.16957,1.31,1.10
2018.09.14 02:26:16.550,1.16955,1.16958,1.25,2.32
2018.09.14 02:26:17.076,1.16954,1.16958,1.31,2.32
2018.09.14 02:26:17.592,1.16954,1.16957,1.00,1.76
2018.09.14 02:26:22.387,1.16955,1.16958,1.12,3.82
2018.09.14 02:26:22.442,1.16956,1.16958,1.50,1.95
2018.09.14 02:26:22.823,1.16955,1.16957,2.25,1.19
2018.09.14 02:26:23.328,1.16954,1.16958,1.50,5.32
2018.09.14 02:26:23.694,1.16954,1.16958,2.25,3.07
2018.09.14 02:26:24.231,1.16955,1.16958,1.12,1.95
2018.09.14 02:26:24.596,1.16954,1.16956,1.00,1.19
2018.09.14 02:26:24.648,1.16953,1.16956,2.62,1.19
2018.09.14 02:26:28.294,1.16953,1.16956,1.76,1.20
2018.09.14 02:26:30.633,1.16955,1.16957,1.00,5.06
2018.09.14 02:26:31.630,1.16955,1.16957,1.00,2.51
2018.09.14 02:26:32.231,1.16954,1.16957,1.00,2.62
2018.09.14 02:26:32.701,1.16955,1.16957,1.00,1.69
2018.09.14 02:26:33.396,1.16955,1.16957,1.00,2.32
2018.09.14 02:26:33.897,1.16955,1.16957,1.00,1.57
2018.09.14 02:26:34.429,1.16955,1.16956,1.00,1.10
2018.09.14 02:26:35.357,1.16955,1.16957,1.00,5.62
2018.09.14 02:26:35.865,1.16955,1.16956,1.00,1.25
2018.09.14 02:26:37.881,1.16955,1.16957,1.00,1.69
2018.09.14 02:26:38.433,1.16956,1.16958,1.00,1.69
2018.09.14 02:26:40.674,1.16956,1.16959,1.00,1.69
2018.09.14 02:26:41.396,1.16957,1.1696,1.00,2.89
2018.09.14 02:26:44.564,1.16957,1.1696,1.00,2.32
2018.09.14 02:26:45.098,1.16957,1.16959,1.00,1.01
2018.09.14 02:26:46.289,1.16957,1.1696,1.00,4.01
2018.09.14 02:26:46.840,1.16957,1.1696,1.00,3.45
2018.09.14 02:26:51.356,1.16956,1.16959,1.57,1.76
2018.09.14 02:26:51.880,1.16956,1.16959,1.00,2.14
2018.09.14 02:26:54.676,1.16956,1.16959,4.80,1.69
2018.09.14 02:26:55.667,1.16958,1.16961,1.87,3.64
2018.09.14 02:26:56.218,1.16959,1.16961,6.00,1.00
2018.09.14 02:26:56.270,1.1696,1.16963,2.62,1.10
2018.09.14 02:26:56.780,1.16961,1.16964,1.50,1.69
2018.09.14 02:26:57.331,1.16959,1.16963,3.07,2.06
2018.09.14 02:26:58.309,1.16959,1.16962,2.81,1.25
2018.09.14 02:26:59.764,1.16959,1.16962,1.00,4.69
2018.09.14 02:27:00.026,1.16957,1.16961,3.37,1.87
2018.09.14 02:27:00.080,1.16958,1.16959,1.00,1.12
2018.09.14 02:27:00.630,1.16956,1.16959,5.62,1.29
2018.09.14 02:27:00.937,1.16956,1.1696,6.07,2.51
2018.09.14 02:27:01.350,1.16958,1.1696,1.87,1.50
2018.09.14 02:27:01.404,1.16959,1.16962,1.12,5.96
2018.09.14 02:27:04.091,1.16958,1.16962,2.62,1.31
2018.09.14 02:27:05.799,1.16957,1.16961,4.20,1.95
2018.09.14 02:27:05.905,1.16957,1.16959,1.31,1.12
2018.09.14 02:27:06.426,1.16956,1.16959,1.00,1.31
2018.09.14 02:27:10.464,1.16955,1.1696,11.55,1.01
2018.09.14 02:27:11.074,1.16957,1.16959,1.50,1.12
2018.09.14 02:27:15.456,1.16957,1.16959,1.00,1.19
2018.09.14 02:27:15.806,1.16956,1.1696,1.00,3.82
2018.09.14 02:27:15.912,1.16955,1.16958,1.00,1.00
2018.09.14 02:27:16.226,1.16953,1.16958,6.26,2.32
2018.09.14 02:27:16.812,1.16953,1.16958,5.62,3.82
2018.09.14 02:27:17.728,1.16953,1.16958,4.12,2.32
2018.09.14 02:27:21.681,1.16953,1.16958,4.91,5.32
2018.09.14 02:27:22.675,1.16953,1.16958,3.22,3.07
2018.09.14 02:27:23.303,1.16953,1.16958,5.25,3.07
2018.09.14 02:27:23.619,1.16951,1.16955,3.19,2.25
2018.09.14 02:27:23.949,1.16952,1.16956,1.95,1.76
2018.09.14 02:27:24.493,1.16953,1.16957,3.37,2.25
2018.09.14 02:27:27.693,1.16953,1.16956,1.95,1.00
2018.09.14 02:27:29.132,1.16953,1.16956,4.95,1.00
2018.09.14 02:27:29.728,1.16953,1.16957,4.95,1.76
2018.09.14 02:27:30.650,1.16953,1.16957,2.32,1.01
2018.09.14 02:27:32.966,1.16953,1.16956,4.57,1.00
2018.09.14 02:27:36.050,1.16953,1.16957,2.14,3.45
2018.09.14 02:27:36.929,1.16953,1.16956,2.70,1.00
2018.09.14 02:27:37.534,1.16953,1.16957,2.70,1.95
2018.09.14 02:27:38.522,1.16953,1.16957,2.70,1.95
2018.09.14 02:27:39.038,1.16955,1.16957,1.50,1.50
2018.09.14 02:27:39.577,1.16954,1.16956,1.12,1.00
2018.09.14 02:27:47.260,1.16954,1.16958,2.62,3.00
2018.09.14 02:27:47.763,1.16955,1.16958,1.00,3.82
2018.09.14 02:27:48.276,1.16956,1.16959,3.00,2.44
2018.09.14 02:27:48.959,1.16956,1.16959,3.00,2.44
2018.09.14 02:27:52.788,1.16956,1.16959,1.12,1.25
2018.09.14 02:27:55.071,1.16956,1.16959,1.57,1.00
2018.09.14 02:27:55.685,1.16956,1.1696,2.81,1.69
2018.09.14 02:27:56.458,1.16956,1.1696,1.50,1.25
2018.09.14 02:27:59.557,1.16956,1.1696,3.94,2.70
2018.09.14 02:28:00.088,1.16956,1.1696,2.25,1.95
2018.09.14 02:28:00.675,1.16956,1.16959,2.25,1.00
2018.09.14 02:28:05.702,1.16955,1.16957,2.25,2.44
2018.09.14 02:28:05.809,1.16953,1.16956,1.95,1.87
2018.09.14 02:28:05.968,1.16953,1.16955,1.87,1.19
2018.09.14 02:28:06.639,1.16953,1.16955,1.87,1.00
2018.09.14 02:28:08.308,1.16953,1.16956,3.00,1.76
2018.09.14 02:28:09.999,1.16954,1.16958,3.00,4.76
2018.09.14 02:28:10.550,1.16955,1.16958,2.25,1.07
2018.09.14 02:28:11.386,1.16955,1.16959,6.75,5.51
2018.09.14 02:28:11.944,1.16956,1.16959,4.12,1.00
2018.09.14 02:28:14.114,1.16956,1.16959,1.50,2.51
2018.09.14 02:28:14.914,1.16956,1.16959,1.50,2.06
2018.09.14 02:28:22.377,1.16956,1.16959,1.50,1.69
2018.09.14 02:28:23.058,1.16959,1.16961,3.00,1.57
2018.09.14 02:28:23.164,1.1696,1.16963,3.00,2.02
2018.09.14 02:28:23.670,1.1696,1.16964,4.12,2.14
2018.09.14 02:28:26.452,1.16962,1.16964,1.00,3.26
2018.09.14 02:28:27.281,1.16961,1.16964,2.25,2.14
2018.09.14 02:28:28.829,1.16962,1.16964,1.00,2.14
2018.09.14 02:28:29.325,1.16958,1.16962,6.45,1.87
2018.09.14 02:28:30.122,1.16958,1.16962,3.75,3.26
2018.09.14 02:28:40.550,1.16957,1.16962,4.87,4.57
2018.09.14 02:28:40.602,1.16957,1.16962,4.12,5.32
2018.09.14 02:28:42.037,1.16957,1.16959,4.12,1.25
2018.09.14 02:28:43.060,1.16956,1.1696,1.50,6.07
2018.09.14 02:28:43.712,1.16955,1.1696,6.94,3.82
2018.09.14 02:28:47.244,1.16956,1.1696,1.25,8.32
2018.09.14 02:28:49.667,1.16955,1.1696,11.70,6.07
2018.09.14 02:28:51.575,1.16956,1.16959,1.50,1.39
2018.09.14 02:28:52.551,1.16955,1.1696,8.06,4.20
2018.09.14 02:28:53.854,1.16956,1.1696,1.25,6.45
2018.09.14 02:28:54.627,1.16955,1.1696,9.56,4.20
2018.09.14 02:28:55.465,1.16956,1.16959,1.00,6.82
2018.09.14 02:28:55.624,1.16953,1.16957,2.70,3.37
2018.09.14 02:28:57.161,1.16953,1.16956,1.00,1.20
2018.09.14 02:28:57.666,1.16953,1.16957,1.00,3.82
2018.09.14 02:28:58.456,1.16952,1.16956,6.75,1.25
2018.09.14 02:28:58.976,1.16952,1.16956,4.87,1.39
2018.09.14 02:29:02.910,1.16952,1.16955,1.00,1.76
2018.09.14 02:29:03.887,1.16952,1.16955,1.00,1.31
2018.09.14 02:29:04.814,1.16951,1.16954,3.00,1.25
2018.09.14 02:29:09.537,1.16951,1.16954,2.25,1.69
2018.09.14 02:29:10.403,1.16951,1.16954,5.25,1.00
2018.09.14 02:29:10.561,1.16953,1.16954,1.00,1.00
2018.09.14 02:29:10.718,1.16953,1.16957,1.00,5.96
2018.09.14 02:29:11.266,1.16953,1.16957,1.00,2.89
2018.09.14 02:29:11.445,1.16952,1.16956,2.62,1.07
2018.09.14 02:29:12.032,1.16953,1.16957,1.50,2.51
2018.09.14 02:29:12.628,1.16954,1.16957,2.25,2.89
2018.09.14 02:29:15.737,1.16953,1.16957,3.00,1.20
2018.09.14 02:29:16.123,1.16951,1.16955,3.19,5.17
2018.09.14 02:29:23.486,1.16952,1.16955,1.00,3.64
2018.09.14 02:29:23.595,1.16952,1.16955,6.75,1.12
2018.09.14 02:29:24.101,1.16953,1.16957,1.10,2.51
2018.09.14 02:29:25.502,1.16952,1.16955,1.00,1.44
2018.09.14 02:29:26.185,1.16951,1.16955,2.32,3.82
2018.09.14 02:29:41.607,1.16951,1.16954,1.12,1.76
2018.09.14 02:29:42.600,1.16951,1.16954,1.12,1.01
2018.09.14 02:29:44.116,1.16949,1.16952,3.82,1.69
2018.09.14 02:29:44.229,1.16948,1.16951,2.70,1.00
2018.09.14 02:29:44.285,1.16947,1.16949,1.50,2.44
2018.09.14 02:29:44.818,1.16946,1.16949,1.87,1.69
2018.09.14 02:29:45.722,1.16946,1.16948,1.50,1.25
2018.09.14 02:29:48.053,1.16947,1.16949,2.25,1.69
2018.09.14 02:29:50.069,1.16947,1.1695,2.25,3.19
2018.09.14 02:29:54.077,1.16948,1.1695,1.00,2.81
2018.09.14 02:29:54.578,1.16947,1.1695,2.25,1.31
2018.09.14 02:29:56.047,1.16947,1.16949,1.31,1.12
2018.09.14 02:29:56.559,1.16946,1.16949,3.19,1.25
2018.09.14 02:29:57.386,1.16947,1.16949,1.25,2.62
2018.09.14 02:30:00.161,1.16946,1.16949,2.06,1.25
2018.09.14 02:30:03.385,1.16946,1.1695,2.62,5.51
2018.09.14 02:30:03.995,1.16946,1.1695,1.31,2.14
2018.09.14 02:30:04.546,1.16946,1.1695,2.25,2.89
2018.09.14 02:30:05.492,1.16946,1.16949,3.19,1.25
2018.09.14 02:30:06.444,1.16945,1.1695,13.35,5.70
2018.09.14 02:30:07.768,1.16946,1.16949,2.25,1.00
2018.09.14 02:30:09.335,1.16945,1.1695,12.22,3.07
2018.09.14 02:30:09.845,1.16946,1.16949,2.81,1.25
2018.09.14 02:30:12.003,1.16945,1.1695,9.41,3.07
2018.09.14 02:30:12.315,1.16946,1.16949,1.87,1.50
2018.09.14 02:30:16.871,1.16945,1.1695,8.92,4.87
2018.09.14 02:30:17.665,1.16946,1.1695,1.00,6.37
2018.09.14 02:30:27.053,1.16945,1.1695,7.01,9.37
2018.09.14 02:30:27.604,1.16946,1.16948,1.50,1.12
2018.09.14 02:30:31.201,1.16945,1.16949,3.75,6.75
2018.09.14 02:30:34.438,1.16946,1.16948,1.00,1.12
2018.09.14 02:30:35.406,1.16945,1.16947,2.25,2.29
2018.09.14 02:30:35.752,1.16936,1.1694,4.57,1.87
2018.09.14 02:30:36.131,1.16935,1.1694,6.75,6.82
2018.09.14 02:30:38.227,1.16936,1.16939,1.00,2.32
2018.09.14 02:30:38.884,1.16935,1.1694,8.17,7.20
2018.09.14 02:30:40.538,1.16936,1.1694,1.25,6.64
2018.09.14 02:30:41.801,1.16939,1.1694,2.25,1.87
2018.09.14 02:30:41.904,1.1694,1.16942,2.25,1.50
2018.09.14 02:30:42.432,1.1694,1.16942,1.87,1.69
2018.09.14 02:30:42.740,1.16938,1.16942,1.50,2.06
2018.09.14 02:30:44.619,1.16937,1.16942,4.50,5.32
2018.09.14 02:30:47.507,1.16937,1.1694,1.87,1.25
2018.09.14 02:30:47.561,1.16937,1.1694,1.12,2.44
2018.09.14 02:30:48.075,1.16936,1.16939,2.44,1.69
2018.09.14 02:30:52.086,1.16935,1.16939,4.31,1.37
2018.09.14 02:30:52.697,1.16936,1.16939,1.69,2.06
2018.09.14 02:30:53.460,1.16935,1.16939,5.44,1.37
2018.09.14 02:30:56.432,1.16935,1.16939,3.19,1.37
2018.09.14 02:30:59.411,1.16935,1.1694,4.31,10.80
2018.09.14 02:30:59.943,1.16936,1.16939,1.00,2.25
2018.09.14 02:31:00.534,1.16935,1.16939,4.50,1.50
2018.09.14 02:31:01.035,1.16936,1.16939,1.50,1.50
2018.09.14 02:31:01.803,1.16939,1.16941,3.00,1.39
2018.09.14 02:31:01.857,1.1694,1.16942,3.00,1.12
2018.09.14 02:31:01.964,1.16942,1.16945,1.50,11.96
2018.09.14 02:31:02.356,1.16942,1.16945,1.87,1.12
2018.09.14 02:31:02.894,1.16942,1.16945,3.37,1.12
2018.09.14 02:31:07.436,1.16942,1.16945,3.19,1.12
2018.09.14 02:31:07.999,1.16945,1.16946,1.00,1.00
2018.09.14 02:31:08.525,1.16945,1.16947,1.00,1.37
2018.09.14 02:31:16.483,1.16944,1.16946,3.19,1.12
2018.09.14 02:31:21.035,1.16944,1.16946,3.94,1.12
2018.09.14 02:31:23.753,1.16944,1.16946,1.00,1.95
2018.09.14 02:31:24.070,1.16941,1.16945,4.31,2.44
2018.09.14 02:31:25.083,1.16942,1.16945,1.25,2.14
2018.09.14 02:31:25.815,1.16941,1.16945,3.19,1.76
2018.09.14 02:31:33.539,1.16941,1.16944,1.00,1.25
2018.09.14 02:31:34.081,1.16941,1.16944,1.69,8.10
2018.09.14 02:31:34.392,1.16939,1.16942,4.57,3.79
2018.09.14 02:31:34.902,1.16939,1.16941,1.00,1.12
2018.09.14 02:31:35.463,1.16938,1.16941,1.57,1.12
2018.09.14 02:31:42.763,1.16938,1.1694,1.50,1.00
2018.09.14 02:31:44.678,1.16936,1.1694,7.20,1.57
2018.09.14 02:31:45.628,1.16936,1.1694,3.82,1.10
2018.09.14 02:31:48.160,1.16936,1.1694,7.95,1.00
2018.09.14 02:31:56.000,1.16938,1.16941,1.00,6.00
2018.09.14 02:31:56.157,1.16937,1.16939,1.50,1.00
2018.09.14 02:31:56.835,1.16938,1.16939,1.00,1.00
2018.09.14 02:31:57.344,1.16937,1.16939,1.12,1.00
2018.09.14 02:32:00.737,1.16935,1.16939,7.31,2.06
2018.09.14 02:32:04.187,1.16936,1.16939,1.31,7.95
2018.09.14 02:32:04.716,1.16935,1.16939,5.44,11.36
2018.09.14 02:32:05.337,1.16934,1.16936,3.00,1.00
2018.09.14 02:32:05.869,1.16933,1.16937,1.50,6.07
2018.09.14 02:32:13.466,1.16932,1.16934,2.44,1.00
2018.09.14 02:32:16.931,1.16935,1.16936,1.50,1.12
2018.09.14 02:32:17.447,1.16935,1.16937,2.62,1.00
2018.09.14 02:32:18.225,1.16935,1.16936,1.50,1.00
2018.09.14 02:32:18.771,1.16934,1.16936,1.00,1.87
2018.09.14 02:32:19.459,1.16934,1.16936,1.00,1.87
2018.09.14 02:32:21.036,1.16932,1.16936,1.50,4.87
2018.09.14 02:32:21.627,1.16931,1.16936,3.00,4.57
2018.09.14 02:32:22.753,1.16932,1.16934,1.00,1.20
2018.09.14 02:32:22.961,1.1693,1.16933,3.07,1.00
2018.09.14 02:32:23.483,1.1693,1.16932,1.76,1.00
2018.09.14 02:32:24.039,1.16931,1.16932,1.00,1.00
2018.09.14 02:32:24.542,1.1693,1.16932,2.32,1.00
2018.09.14 02:32:30.209,1.16931,1.16932,1.00,1.00
2018.09.14 02:32:31.102,1.1693,1.16932,1.50,1.00
2018.09.14 02:32:31.909,1.16931,1.16932,1.12,1.50
2018.09.14 02:32:32.547,1.16929,1.16932,1.57,1.00
2018.09.14 02:32:33.108,1.16929,1.16931,1.00,1.00
2018.09.14 02:32:33.930,1.16928,1.16931,1.69,2.25
2018.09.14 02:32:42.031,1.16927,1.1693,1.00,1.00
2018.09.14 02:32:43.161,1.16927,1.16929,2.81,1.00
2018.09.14 02:32:44.176,1.16928,1.16929,1.50,1.00
2018.09.14 02:32:44.429,1.16928,1.16931,2.25,2.25
2018.09.14 02:32:44.952,1.16928,1.1693,1.00,2.06
2018.09.14 02:32:45.948,1.16927,1.1693,1.00,4.39
2018.09.14 02:32:46.672,1.16926,1.1693,2.25,4.39
2018.09.14 02:32:53.701,1.16927,1.16929,1.00,1.00
2018.09.14 02:32:54.266,1.16926,1.16929,2.62,1.69
2018.09.14 02:32:56.521,1.16926,1.16928,5.06,1.00
2018.09.14 02:32:59.774,1.16926,1.16929,4.12,2.44
2018.09.14 02:33:30.815,1.16926,1.16928,3.37,1.00
2018.09.14 02:33:47.095,1.16927,1.16929,1.00,1.57
2018.09.14 02:33:47.149,1.16926,1.16929,3.45,1.20
2018.09.14 02:33:47.210,1.16928,1.16931,2.25,3.15
2018.09.14 02:33:47.264,1.16928,1.16932,1.57,4.76
2018.09.14 02:33:47.895,1.16928,1.16932,1.00,4.57
2018.09.14 02:33:49.272,1.16928,1.16932,1.00,6.82
2018.09.14 02:33:49.712,1.16927,1.16929,1.10,1.00
2018.09.14 02:33:50.468,1.16926,1.16929,1.95,1.20
2018.09.14 02:33:52.582,1.16926,1.16929,1.12,2.14
2018.09.14 02:33:53.273,1.16926,1.16929,1.20,1.76
2018.09.14 02:33:56.484,1.16928,1.16929,1.00,1.10
2018.09.14 02:33:56.591,1.16928,1.16931,1.12,1.20
2018.09.14 02:34:07.628,1.16927,1.1693,1.50,1.00
2018.09.14 02:34:08.159,1.16927,1.1693,1.12,1.10
2018.09.14 02:34:11.088,1.16925,1.16929,5.06,3.45
2018.09.14 02:34:14.595,1.16929,1.1693,1.00,4.01
2018.09.14 02:34:15.014,1.16929,1.16932,1.00,2.70
2018.09.14 02:34:15.548,1.16928,1.16932,5.25,1.20
2018.09.14 02:34:18.462,1.16928,1.16932,3.94,2.89
2018.09.14 02:34:21.178,1.16929,1.16932,2.25,1.95
2018.09.14 02:34:21.710,1.1693,1.16932,2.25,1.00
2018.09.14 02:34:29.224,1.1693,1.16933,7.72,1.00
2018.09.14 02:34:29.740,1.16931,1.16935,2.62,1.57
2018.09.14 02:34:30.944,1.16931,1.16935,2.06,2.14
2018.09.14 02:34:44.465,1.16931,1.16935,1.50,2.32
2018.09.14 02:34:45.066,1.1693,1.16935,9.64,2.89
2018.09.14 02:34:45.918,1.16931,1.16935,1.00,3.64
2018.09.14 02:34:46.436,1.1693,1.16933,3.94,2.32
2018.09.14 02:34:46.951,1.16929,1.16933,1.69,3.64
2018.09.14 02:34:47.458,1.16929,1.16931,1.00,1.20
2018.09.14 02:34:48.338,1.16928,1.16931,1.57,1.20
2018.09.14 02:34:53.957,1.16927,1.16931,5.62,1.57
2018.09.14 02:34:54.483,1.16928,1.16931,1.00,2.32
2018.09.14 02:34:55.207,1.16927,1.16931,3.75,1.57
2018.09.14 02:35:00.054,1.16928,1.16931,1.00,3.45
2018.09.14 02:35:00.557,1.16927,1.1693,3.07,1.20
2018.09.14 02:35:05.252,1.16929,1.16931,3.37,1.00
2018.09.14 02:35:05.738,1.1693,1.16933,6.64,3.45
2018.09.14 02:35:12.251,1.16933,1.16935,1.19,7.57
2018.09.14 02:35:12.376,1.16936,1.16937,1.00,2.62
2018.09.14 02:35:17.356,1.16935,1.16938,4.69,1.95
2018.09.14 02:35:27.020,1.16936,1.16938,1.00,1.95
2018.09.14 02:35:28.457,1.16935,1.16938,6.19,1.95
2018.09.14 02:35:32.408,1.16936,1.16938,1.00,1.95
2018.09.14 02:35:37.393,1.16936,1.16938,2.25,1.50
2018.09.14 02:35:38.125,1.16937,1.16938,1.12,1.10
2018.09.14 02:35:40.109,1.16936,1.16938,1.12,1.00
2018.09.14 02:35:47.589,1.16939,1.16941,1.00,3.45
2018.09.14 02:35:47.642,1.1694,1.16942,2.25,1.95
2018.09.14 02:35:48.312,1.16941,1.16942,1.00,1.20
2018.09.14 02:35:55.295,1.16941,1.16944,3.00,2.51
2018.09.14 02:35:55.947,1.16941,1.16944,3.00,1.95
2018.09.14 02:35:57.983,1.16941,1.16944,1.12,3.07
2018.09.14 02:35:58.509,1.16941,1.16944,1.00,2.14
2018.09.14 02:36:00.153,1.16941,1.16944,1.00,3.26
2018.09.14 02:36:08.173,1.16939,1.16941,4.95,1.50
2018.09.14 02:36:08.370,1.16937,1.1694,2.70,1.20
2018.09.14 02:36:09.313,1.16937,1.16938,1.12,1.00
2018.09.14 02:36:09.830,1.16937,1.16939,1.25,1.76
2018.09.14 02:36:10.358,1.16936,1.16939,1.69,1.57
2018.09.14 02:36:10.901,1.16937,1.16939,1.25,1.76
2018.09.14 02:36:12.393,1.16936,1.16939,1.69,3.82
2018.09.14 02:36:12.696,1.16935,1.16937,1.00,1.50
2018.09.14 02:36:13.218,1.16936,1.16937,1.00,1.00
2018.09.14 02:36:13.803,1.16935,1.16937,3.00,1.00
2018.09.14 02:36:15.394,1.16934,1.16937,3.56,3.64
2018.09.14 02:36:15.938,1.16935,1.16937,1.87,1.10
2018.09.14 02:36:16.469,1.16936,1.16937,1.00,1.10
2018.09.14 02:36:17.084,1.16935,1.16937,2.06,1.95
2018.09.14 02:36:17.593,1.16934,1.16936,1.31,1.20
2018.09.14 02:36:18.109,1.16934,1.16935,1.25,1.00
2018.09.14 02:36:19.124,1.16933,1.16935,1.69,1.00
2018.09.14 02:36:21.157,1.16934,1.16935,1.25,1.00
2018.09.14 02:36:21.890,1.16933,1.16935,1.50,1.10
2018.09.14 02:36:22.583,1.16934,1.16935,1.00,1.10
2018.09.14 02:36:23.679,1.16933,1.16935,1.00,1.10
2018.09.14 02:36:25.748,1.16934,1.16936,1.00,1.57
2018.09.14 02:36:26.561,1.16933,1.16936,1.00,3.07
2018.09.14 02:36:27.204,1.16932,1.16936,9.82,1.95
2018.09.14 02:36:27.709,1.16933,1.16936,2.25,1.57
2018.09.14 02:36:28.679,1.16932,1.16936,9.82,1.57
2018.09.14 02:36:31.990,1.16933,1.16936,2.25,1.57
2018.09.14 02:36:34.619,1.16932,1.16935,9.07,1.10
2018.09.14 02:36:34.944,1.16935,1.16936,1.00,1.00
2018.09.14 02:36:35.560,1.16934,1.16937,6.26,1.10
2018.09.14 02:36:36.085,1.16934,1.16937,7.01,1.10
2018.09.14 02:36:37.162,1.16936,1.16937,3.00,1.00
2018.09.14 02:36:37.423,1.16936,1.1694,1.69,2.70
2018.09.14 02:36:37.961,1.16936,1.1694,1.01,3.07
2018.09.14 02:36:38.539,1.16936,1.16939,1.87,2.32
2018.09.14 02:36:39.069,1.16936,1.16939,2.25,1.50
2018.09.14 02:36:39.869,1.16937,1.16939,1.00,1.50
2018.09.14 02:36:40.423,1.16936,1.16939,1.31,1.50
2018.09.14 02:36:41.481,1.16937,1.16939,1.25,1.50
2018.09.14 02:36:42.316,1.16936,1.16939,1.31,1.50
2018.09.14 02:36:43.918,1.16937,1.16939,1.25,1.50
2018.09.14 02:36:45.100,1.16936,1.16939,1.31,1.50
2018.09.14 02:36:46.524,1.16936,1.16938,2.81,1.00
2018.09.14 02:36:47.159,1.16935,1.16937,3.56,1.00
2018.09.14 02:36:48.484,1.16935,1.16938,3.56,1.10
2018.09.14 02:36:49.037,1.16936,1.16938,1.50,1.10
2018.09.14 02:37:02.838,1.16936,1.16938,2.25,2.70
2018.09.14 02:37:04.993,1.16935,1.16938,1.00,1.95
2018.09.14 02:37:05.100,1.16933,1.16936,3.94,1.50
2018.09.14 02:37:07.342,1.16934,1.16936,1.00,1.10
2018.09.14 02:37:10.057,1.16933,1.16936,2.25,1.57
2018.09.14 02:37:14.001,1.16932,1.16936,3.75,1.20
2018.09.14 02:37:15.053,1.16933,1.16936,1.00,1.95
2018.09.14 02:37:16.293,1.16932,1.16936,6.00,1.95
2018.09.14 02:37:20.016,1.16933,1.16936,1.00,2.14
2018.09.14 02:37:22.172,1.16934,1.16936,1.00,1.12
2018.09.14 02:37:22.673,1.16933,1.16935,2.06,1.00
2018.09.14 02:37:23.707,1.16933,1.16935,1.25,1.00
2018.09.14 02:37:24.316,1.16932,1.16935,2.81,1.20
2018.09.14 02:37:28.976,1.16931,1.16934,1.87,1.57
2018.09.14 02:37:29.477,1.16931,1.16934,2.81,1.57
2018.09.14 02:37:30.185,1.16933,1.16934,1.00,1.00
2018.09.14 02:37:30.341,1.16935,1.16936,1.00,1.20
2018.09.14 02:37:30.550,1.16935,1.16938,2.25,2.70
2018.09.14 02:37:33.575,1.16935,1.16938,3.19,2.89
2018.09.14 02:37:34.121,1.16933,1.16937,2.62,3.82
2018.09.14 02:37:34.731,1.16933,1.16936,2.44,1.12
2018.09.14 02:37:43.483,1.16932,1.16936,4.35,6.45
2018.09.14 02:37:44.528,1.16932,1.16936,2.06,5.14
2018.09.14 02:37:45.266,1.16933,1.16935,1.00,1.00
2018.09.14 02:37:45.852,1.16933,1.16936,1.00,6.45
2018.09.14 02:37:46.592,1.16932,1.16935,2.44,1.00
2018.09.14 02:37:47.476,1.16932,1.16935,3.56,1.00
2018.09.14 02:37:49.431,1.16932,1.16935,1.31,1.00
2018.09.14 02:37:50.488,1.16932,1.16935,4.69,1.00
2018.09.14 02:37:55.566,1.16933,1.16936,1.31,6.26
2018.09.14 02:37:59.081,1.16931,1.16935,14.25,1.00
2018.09.14 02:37:59.601,1.16931,1.16935,6.82,1.00
2018.09.14 02:38:00.102,1.16931,1.16935,6.79,3.07
2018.09.14 02:38:00.734,1.16932,1.16935,1.00,2.51
2018.09.14 02:38:01.398,1.16931,1.16935,7.35,2.14
2018.09.14 02:38:03.399,1.16932,1.16935,1.00,2.70
2018.09.14 02:38:04.035,1.16931,1.16933,1.50,1.00
2018.09.14 02:38:12.187,1.16931,1.16933,2.44,1.00
2018.09.14 02:38:12.882,1.16931,1.16933,1.50,1.00
2018.09.14 02:38:14.795,1.16931,1.16934,2.81,1.00
2018.09.14 02:38:15.052,1.16931,1.16933,2.44,1.00
2018.09.14 02:38:16.887,1.1693,1.16933,4.57,1.00
2018.09.14 02:38:17.646,1.16931,1.16933,1.00,1.00
2018.09.14 02:38:19.626,1.1693,1.16933,9.82,1.00
2018.09.14 02:38:20.129,1.16931,1.16933,1.00,1.00
2018.09.14 02:38:20.637,1.1693,1.16933,3.82,1.20
2018.09.14 02:38:39.294,1.1693,1.16933,4.12,1.00
2018.09.14 02:38:39.873,1.1693,1.16933,7.87,1.00
2018.09.14 02:38:40.744,1.1693,1.16933,7.12,1.00
2018.09.14 02:38:41.269,1.1693,1.16933,3.75,1.00
2018.09.14 02:38:48.509,1.1693,1.16933,5.25,1.69
2018.09.14 02:38:49.436,1.1693,1.16933,3.00,1.00
2018.09.14 02:38:53.340,1.1693,1.16933,7.87,1.69
2018.09.14 02:38:53.861,1.1693,1.16933,3.37,1.00
2018.09.14 02:38:54.923,1.1693,1.16933,6.94,1.95
2018.09.14 02:38:55.426,1.1693,1.16933,2.25,1.10
2018.09.14 02:39:03.935,1.1693,1.16934,1.25,2.70
2018.09.14 02:39:04.991,1.1693,1.16934,1.25,3.07
2018.09.14 02:39:08.006,1.1693,1.16934,1.00,3.64
2018.09.14 02:39:08.546,1.1693,1.16933,1.57,1.20
2018.09.14 02:39:26.237,1.16931,1.16933,1.00,1.01
2018.09.14 02:39:26.818,1.16931,1.16933,1.19,1.69
2018.09.14 02:39:27.354,1.1693,1.16934,7.76,3.19
2018.09.14 02:39:28.017,1.1693,1.16933,4.76,1.25
2018.09.14 02:39:28.227,1.16932,1.16935,2.81,1.95
2018.09.14 02:39:28.768,1.16933,1.16935,1.19,1.00
2018.09.14 02:39:29.413,1.16933,1.16935,2.06,1.00
2018.09.14 02:39:29.623,1.16935,1.16938,1.00,6.71
2018.09.14 02:39:30.128,1.16935,1.16938,1.00,3.45
2018.09.14 02:39:35.640,1.16935,1.16938,1.50,6.07
2018.09.14 02:39:37.341,1.16935,1.16938,1.50,6.07
2018.09.14 02:39:40.331,1.16935,1.16938,1.00,4.20
2018.09.14 02:39:41.335,1.16935,1.16938,1.00,3.07
2018.09.14 02:39:44.382,1.16934,1.16938,6.37,3.45
2018.09.14 02:39:44.991,1.16934,1.16938,6.37,2.70
2018.09.14 02:39:49.190,1.16934,1.16938,8.55,1.87
2018.09.14 02:39:49.866,1.16935,1.16938,1.00,1.50
2018.09.14 02:39:54.261,1.16934,1.16938,8.14,1.50
2018.09.14 02:39:54.765,1.16935,1.16938,1.50,3.75
2018.09.14 02:39:55.367,1.16934,1.16938,6.64,1.50
2018.09.14 02:39:57.324,1.16935,1.16938,1.00,2.25
2018.09.14 02:39:57.914,1.16935,1.16938,1.00,2.25
2018.09.14 02:39:59.430,1.16935,1.16938,1.00,1.50
2018.09.14 02:40:01.489,1.16934,1.16938,5.51,2.25
2018.09.14 02:40:01.796,1.16931,1.16936,5.32,4.50
2018.09.14 02:40:02.312,1.16931,1.16935,4.95,1.00
2018.09.14 02:40:04.247,1.16931,1.16935,2.32,1.31
2018.09.14 02:40:08.558,1.16931,1.16935,7.20,2.25
2018.09.14 02:40:10.587,1.16932,1.16935,5.36,1.50
2018.09.14 02:40:11.186,1.16932,1.16936,7.24,1.20
2018.09.14 02:40:11.738,1.16932,1.16936,5.74,1.20
2018.09.14 02:40:17.702,1.16935,1.16937,2.25,2.62
2018.09.14 02:40:18.222,1.16934,1.16937,1.69,3.00
2018.09.14 02:40:18.736,1.16933,1.16937,2.32,3.75
2018.09.14 02:40:20.590,1.16934,1.16936,1.00,1.12
2018.09.14 02:40:20.742,1.16935,1.16938,1.10,2.32
2018.09.14 02:40:21.400,1.16935,1.16939,1.76,5.25
2018.09.14 02:40:21.995,1.16935,1.16938,4.76,2.25
2018.09.14 02:40:24.763,1.16935,1.16939,4.76,7.87
2018.09.14 02:40:28.117,1.16935,1.16939,4.01,5.25
2018.09.14 02:40:29.737,1.16935,1.16939,4.76,7.87
2018.09.14 02:40:33.899,1.16935,1.16939,3.64,7.95
2018.09.14 02:40:34.005,1.16935,1.16936,1.00,1.00
2018.09.14 02:40:34.216,1.16932,1.16934,1.50,4.35
2018.09.14 02:40:34.926,1.16931,1.16934,1.76,1.50
2018.09.14 02:40:39.060,1.16931,1.16934,4.01,1.00
2018.09.14 02:40:42.087,1.16931,1.16934,3.26,2.25
2018.09.14 02:40:45.099,1.16931,1.16934,4.01,1.00
2018.09.14 02:40:45.797,1.16931,1.16935,4.01,8.66
2018.09.14 02:40:47.626,1.16931,1.16934,2.89,1.00
2018.09.14 02:40:48.129,1.16931,1.16935,2.25,6.82
2018.09.14 02:40:48.790,1.16931,1.16934,2.25,1.00
2018.09.14 02:40:52.119,1.1693,1.16934,3.45,2.06
2018.09.14 02:40:52.639,1.1693,1.16934,2.51,4.50
2018.09.14 02:40:54.997,1.16929,1.16933,5.51,1.69
2018.09.14 02:40:57.021,1.16929,1.16933,4.01,1.69
2018.09.14 02:40:59.323,1.1693,1.16933,1.31,1.50
2018.09.14 02:41:06.143,1.16929,1.16933,3.64,1.12
2018.09.14 02:41:06.247,1.16928,1.16931,6.45,2.25
2018.09.14 02:41:06.408,1.16926,1.16928,1.00,1.00
2018.09.14 02:41:06.954,1.16925,1.16929,3.26,6.60
2018.09.14 02:41:11.919,1.16925,1.16927,2.25,1.12
2018.09.14 02:41:12.445,1.16924,1.16928,3.56,3.07
2018.09.14 02:41:13.928,1.16925,1.16928,1.00,6.07
2018.09.14 02:41:14.770,1.16924,1.16928,4.39,3.75
2018.09.14 02:41:15.307,1.16925,1.16928,1.00,5.62
2018.09.14 02:41:16.938,1.16924,1.16928,6.64,3.00
2018.09.14 02:41:18.909,1.16924,1.16927,6.64,1.00
2018.09.14 02:41:19.920,1.16924,1.16928,6.64,1.87
2018.09.14 02:41:22.656,1.16924,1.16928,6.45,2.62
2018.09.14 02:41:34.199,1.16925,1.16928,1.31,3.56
2018.09.14 02:41:34.710,1.16924,1.16928,7.01,3.37
2018.09.14 02:41:36.654,1.16924,1.16928,7.01,2.62
2018.09.14 02:41:41.207,1.16924,1.16927,4.12,2.25
2018.09.14 02:41:42.838,1.16924,1.16927,1.87,2.62
2018.09.14 02:41:47.280,1.16924,1.16926,1.50,1.00
2018.09.14 02:41:49.167,1.16924,1.16927,1.00,3.37
2018.09.14 02:41:50.281,1.16924,1.16926,1.50,1.00
2018.09.14 02:41:50.873,1.16924,1.16927,1.00,3.37
2018.09.14 02:41:51.536,1.16924,1.16926,1.50,1.00
2018.09.14 02:41:54.286,1.16924,1.16927,1.00,3.37
2018.09.14 02:41:55.272,1.16924,1.16926,1.00,1.00
2018.09.14 02:41:55.905,1.16925,1.16926,1.00,1.00
2018.09.14 02:41:56.542,1.16925,1.16927,1.50,3.07
2018.09.14 02:42:10.082,1.16924,1.16927,1.25,1.12
2018.09.14 02:42:10.637,1.16925,1.16927,1.00,1.87
2018.09.14 02:42:11.183,1.16924,1.16927,3.94,1.12
2018.09.14 02:42:12.108,1.16925,1.16927,1.00,1.12
2018.09.14 02:42:13.093,1.16924,1.16927,1.25,1.12
2018.09.14 02:42:15.200,1.16925,1.16927,1.00,1.12
2018.09.14 02:42:15.751,1.16924,1.16927,1.25,1.12
2018.09.14 02:42:17.745,1.16925,1.16927,1.00,1.12
2018.09.14 02:42:18.305,1.16924,1.16927,1.69,1.87
2018.09.14 02:42:21.221,1.16924,1.16927,1.76,1.39
2018.09.14 02:42:21.740,1.16924,1.16927,1.01,2.51
2018.09.14 02:42:24.839,1.16923,1.16927,3.19,3.45
2018.09.14 02:42:25.150,1.16921,1.16925,6.45,1.31
2018.09.14 02:42:26.917,1.16922,1.16925,1.00,2.06
2018.09.14 02:42:30.114,1.16921,1.16925,4.76,1.31
2018.09.14 02:42:31.940,1.16922,1.16925,1.00,3.56
2018.09.14 02:42:39.420,1.16921,1.16925,3.26,2.06
2018.09.14 02:42:39.924,1.16921,1.16925,3.37,8.32
2018.09.14 02:42:45.024,1.16921,1.16924,1.00,4.95
2018.09.14 02:42:47.101,1.1692,1.16924,4.01,3.82
2018.09.14 02:42:58.396,1.1692,1.16922,1.10,1.00
2018.09.14 02:43:07.050,1.1692,1.16924,1.69,3.82
2018.09.14 02:43:07.570,1.16921,1.16925,1.10,5.70
2018.09.14 02:43:10.083,1.16924,1.16926,1.00,1.20
2018.09.14 02:43:10.349,1.16925,1.16928,1.00,3.07
2018.09.14 02:43:10.872,1.16925,1.16927,1.00,1.00
2018.09.14 02:43:15.150,1.16925,1.16928,1.00,3.07
2018.09.14 02:43:24.177,1.16924,1.16928,2.32,3.07
2018.09.14 02:43:24.282,1.16922,1.16926,2.32,2.06
2018.09.14 02:43:24.867,1.16923,1.16925,1.00,1.00
2018.09.14 02:43:34.307,1.16922,1.16926,1.10,2.44
2018.09.14 02:43:46.983,1.16922,1.16926,3.07,2.25
2018.09.14 02:43:47.038,1.16924,1.16926,1.29,1.00
2018.09.14 02:43:47.144,1.16925,1.16928,1.25,2.89
2018.09.14 02:44:18.776,1.16926,1.16928,1.00,1.95
2018.09.14 02:44:19.415,1.16924,1.16928,5.21,1.57
2018.09.14 02:44:32.211,1.16924,1.16929,1.39,12.11
2018.09.14 02:44:32.962,1.16923,1.16927,1.10,2.32
2018.09.14 02:44:34.545,1.16922,1.16927,5.70,6.82
2018.09.14 02:44:50.722,1.16922,1.16926,8.74,1.01
2018.09.14 02:44:57.150,1.16924,1.16927,1.87,1.50
2018.09.14 02:44:59.797,1.16924,1.16927,1.12,1.47
2018.09.14 02:45:00.320,1.16923,1.16927,4.87,1.57
2018.09.14 02:45:00.871,1.16924,1.16927,2.25,1.10
2018.09.14 02:45:04.347,1.16925,1.16927,1.00,1.57
2018.09.14 02:45:05.102,1.16924,1.16926,1.25,1.50
2018.09.14 02:45:06.114,1.16924,1.16927,1.00,4.39
2018.09.14 02:45:06.668,1.16925,1.16927,1.00,5.14
2018.09.14 02:45:07.183,1.16924,1.16927,1.00,5.14
2018.09.14 02:45:10.099,1.16923,1.16926,3.19,1.20
2018.09.14 02:45:13.441,1.16923,1.16926,2.25,2.89
2018.09.14 02:45:15.411,1.16922,1.16926,2.06,2.55
2018.09.14 02:45:16.035,1.16922,1.16926,2.06,1.76
2018.09.14 02:45:19.453,1.16923,1.16927,1.25,7.57
2018.09.14 02:45:20.116,1.16922,1.16926,6.19,4.57
2018.09.14 02:45:25.151,1.16922,1.16925,1.12,1.69
2018.09.14 02:45:26.131,1.16922,1.16925,1.12,1.31
2018.09.14 02:45:28.563,1.16921,1.16924,4.01,1.00
2018.09.14 02:45:28.877,1.1692,1.16923,1.50,1.00
2018.09.14 02:45:29.416,1.1692,1.16922,4.57,1.00
2018.09.14 02:45:30.010,1.1692,1.16923,2.32,4.20
2018.09.14 02:45:30.677,1.1692,1.16923,1.57,7.20
2018.09.14 02:45:31.120,1.16918,1.16921,1.20,1.10
2018.09.14 02:45:38.750,1.1692,1.16922,1.00,2.25
2018.09.14 02:45:39.288,1.16919,1.16923,8.06,1.12
2018.09.14 02:45:40.886,1.16919,1.16924,6.26,8.14
2018.09.14 02:45:41.586,1.1692,1.16923,2.62,1.00
2018.09.14 02:45:45.097,1.16919,1.16924,10.24,8.74
2018.09.14 02:45:47.447,1.1692,1.16923,3.37,1.00
2018.09.14 02:45:48.033,1.1692,1.16924,1.12,8.74
2018.09.14 02:45:48.901,1.16919,1.16923,10.99,1.00
2018.09.14 02:46:15.108,1.16921,1.16923,1.00,3.00
2018.09.14 02:46:17.047,1.16922,1.16924,1.50,1.87
2018.09.14 02:46:17.430,1.16924,1.16926,1.00,6.64
2018.09.14 02:46:18.006,1.16923,1.16925,1.50,1.12
2018.09.14 02:46:23.140,1.16923,1.16925,1.50,1.87
2018.09.14 02:46:24.174,1.16923,1.16926,1.00,5.51
2018.09.14 02:46:29.756,1.16922,1.16925,1.50,1.87
2018.09.14 02:46:30.290,1.16922,1.16925,1.00,3.26
2018.09.14 02:46:31.454,1.16922,1.16925,1.00,4.12
2018.09.14 02:46:31.965,1.16922,1.16924,1.00,1.00
2018.09.14 02:46:33.499,1.16922,1.16925,1.12,1.87
2018.09.14 02:46:34.078,1.16922,1.16924,1.50,1.00
2018.09.14 02:46:35.425,1.16922,1.16925,1.00,2.62
2018.09.14 02:46:40.714,1.16922,1.16925,1.12,3.00
2018.09.14 02:46:41.815,1.16925,1.16927,1.00,1.50
2018.09.14 02:46:42.343,1.16926,1.16928,1.00,3.26
2018.09.14 02:46:42.882,1.16926,1.16929,1.00,2.70
2018.09.14 02:46:43.747,1.16926,1.16929,1.50,2.89
2018.09.14 02:46:44.128,1.16927,1.16929,1.00,2.62
2018.09.14 02:46:44.727,1.16928,1.16929,1.00,1.50
2018.09.14 02:46:46.310,1.16927,1.16929,1.57,1.12
2018.09.14 02:46:47.275,1.16927,1.16929,1.57,1.50
2018.09.14 02:46:49.231,1.16926,1.16929,2.32,2.32
2018.09.14 02:46:49.749,1.16926,1.16929,2.32,1.10
2018.09.14 02:46:54.090,1.16928,1.16929,1.00,1.12
2018.09.14 02:46:54.606,1.16928,1.1693,1.00,2.32
2018.09.14 02:47:00.965,1.16927,1.1693,1.10,2.32
2018.09.14 02:47:02.227,1.16927,1.16929,1.10,1.00
2018.09.14 02:47:03.197,1.16926,1.16929,1.87,1.00
2018.09.14 02:47:03.720,1.16927,1.16929,1.00,4.39
2018.09.14 02:47:17.450,1.16926,1.16929,1.50,1.95
2018.09.14 02:47:18.964,1.16926,1.16929,1.50,1.95
2018.09.14 02:47:33.964,1.16926,1.16929,2.62,1.76
2018.09.14 02:47:37.440,1.16927,1.16929,1.00,1.01
2018.09.14 02:47:37.645,1.16928,1.16931,1.00,2.89
2018.09.14 02:47:38.565,1.16928,1.16931,1.00,5.14
2018.09.14 02:47:39.525,1.16928,1.16931,1.00,2.51
2018.09.14 02:47:40.691,1.16927,1.1693,3.64,1.57
2018.09.14 02:47:42.248,1.16928,1.16931,1.25,7.39
2018.09.14 02:47:43.197,1.16927,1.16931,3.07,6.82
2018.09.14 02:47:43.820,1.16928,1.16931,1.00,4.76
2018.09.14 02:47:44.402,1.16927,1.1693,2.44,1.50
2018.09.14 02:47:44.506,1.16927,1.1693,1.69,3.94
2018.09.14 02:47:45.025,1.16926,1.16929,1.12,2.44
2018.09.14 02:47:58.494,1.16926,1.16927,1.00,1.25
2018.09.14 02:47:59.026,1.16926,1.16928,1.00,4.72
2018.09.14 02:47:59.530,1.16926,1.16927,1.00,1.00
2018.09.14 02:48:00.043,1.16926,1.16928,1.00,2.47
2018.09.14 02:48:13.751,1.16926,1.16927,1.25,1.25
2018.09.14 02:48:14.260,1.16926,1.16928,1.19,1.50
2018.09.14 02:48:14.826,1.16926,1.16928,1.25,1.25
2018.09.14 02:48:19.456,1.16926,1.16927,1.00,1.25
2018.09.14 02:48:30.102,1.16926,1.16928,1.00,2.62
2018.09.14 02:48:31.232,1.16925,1.16927,1.57,1.50
2018.09.14 02:48:31.442,1.16923,1.16926,2.25,1.30
2018.09.14 02:48:31.756,1.16922,1.16925,1.00,1.50
2018.09.14 02:48:31.986,1.16924,1.16928,1.95,5.89
2018.09.14 02:48:32.497,1.16924,1.16928,3.82,1.76
2018.09.14 02:48:33.302,1.16925,1.16928,1.00,3.64
2018.09.14 02:48:35.111,1.16924,1.16927,3.82,1.20
2018.09.14 02:48:35.217,1.16924,1.16925,1.00,1.00
2018.09.14 02:48:35.269,1.16923,1.16926,2.25,1.50
2018.09.14 02:48:35.322,1.16925,1.16927,1.00,2.51
2018.09.14 02:48:36.046,1.16926,1.16927,1.00,1.25
2018.09.14 02:48:36.700,1.16924,1.16928,1.62,6.67
2018.09.14 02:48:40.078,1.16924,1.16927,1.12,1.29
2018.09.14 02:48:40.343,1.16922,1.16926,1.12,7.39
2018.09.14 02:48:48.977,1.16921,1.16924,1.10,2.06
2018.09.14 02:48:49.222,1.1692,1.16924,8.70,2.06
2018.09.14 02:48:49.821,1.1692,1.16924,5.89,1.56
2018.09.14 02:48:53.192,1.16921,1.16924,1.10,3.64
2018.09.14 02:48:58.567,1.16921,1.16922,1.00,2.25
2018.09.14 02:48:58.707,1.16919,1.16922,1.87,1.87
2018.09.14 02:48:58.760,1.16918,1.1692,1.12,1.00
2018.09.14 02:48:59.302,1.16917,1.1692,1.00,1.00
2018.09.14 02:48:59.679,1.16916,1.16919,1.10,1.39
2018.09.14 02:49:00.234,1.16915,1.16919,1.87,2.89
2018.09.14 02:49:09.820,1.16915,1.16918,2.62,2.25
2018.09.14 02:49:10.323,1.16915,1.16919,1.25,3.82
2018.09.14 02:49:13.347,1.16915,1.16919,1.25,3.82
2018.09.14 02:49:15.389,1.16915,1.16919,1.25,3.45
2018.09.14 02:49:20.342,1.16914,1.16919,7.50,4.01
2018.09.14 02:49:20.914,1.16914,1.16919,7.01,4.39
2018.09.14 02:49:21.436,1.16915,1.16919,1.00,5.89
2018.09.14 02:49:21.947,1.16914,1.16919,4.76,2.89
2018.09.14 02:49:22.259,1.16915,1.16919,1.31,4.57
2018.09.14 02:49:23.088,1.16916,1.16919,1.31,2.14
2018.09.14 02:49:23.600,1.16916,1.16919,1.50,2.44
2018.09.14 02:49:24.968,1.16916,1.16919,1.00,2.44
2018.09.14 02:49:31.575,1.16913,1.16915,5.25,1.00
2018.09.14 02:49:31.628,1.16912,1.16915,2.14,2.06
2018.09.14 02:49:32.172,1.16912,1.16915,1.69,1.57
2018.09.14 02:49:34.147,1.16915,1.16916,1.00,3.45
2018.09.14 02:49:34.252,1.16914,1.16919,3.75,10.57
2018.09.14 02:49:35.451,1.16915,1.16919,2.51,4.31
2018.09.14 02:49:35.502,1.16918,1.16921,2.25,1.55
2018.09.14 02:49:35.553,1.16918,1.16922,1.50,1.95
2018.09.14 02:49:35.708,1.1692,1.16923,1.00,3.82
2018.09.14 02:50:07.042,1.16921,1.16923,1.00,1.01
2018.09.14 02:50:15.631,1.1692,1.16924,5.14,2.29
2018.09.14 02:50:16.171,1.1692,1.16924,1.72,3.30
2018.09.14 02:50:19.910,1.16921,1.16923,1.00,1.00
2018.09.14 02:50:20.232,1.16925,1.16927,2.25,1.00
2018.09.14 02:50:20.947,1.16926,1.16927,1.00,1.00
2018.09.14 02:50:21.469,1.16925,1.16928,4.87,1.12
2018.09.14 02:50:24.732,1.16926,1.16928,1.00,1.12
2018.09.14 02:50:24.996,1.16922,1.16926,2.25,4.57
2018.09.14 02:50:25.565,1.16922,1.16925,3.00,1.00
2018.09.14 02:50:29.830,1.16921,1.16925,5.25,1.01
2018.09.14 02:50:30.520,1.16922,1.16925,1.00,2.14
2018.09.14 02:50:31.114,1.16921,1.16925,4.80,2.14
2018.09.14 02:50:31.840,1.16922,1.16925,1.00,4.39
2018.09.14 02:50:32.499,1.16921,1.16925,3.75,1.76
2018.09.14 02:50:33.975,1.16921,1.16925,3.75,2.14
2018.09.14 02:50:36.956,1.16921,1.16924,1.95,2.14
2018.09.14 02:50:39.772,1.16921,1.16923,3.07,1.31
2018.09.14 02:50:40.321,1.1692,1.16924,2.51,5.66
2018.09.14 02:50:40.855,1.16921,1.16924,1.00,7.16
2018.09.14 02:50:41.574,1.1692,1.16923,3.07,1.31
2018.09.14 02:50:42.088,1.16921,1.16924,1.00,8.66
2018.09.14 02:50:42.603,1.1692,1.16924,2.32,6.79
2018.09.14 02:50:43.484,1.16921,1.16923,1.00,1.31
2018.09.14 02:50:44.910,1.1692,1.16924,2.32,5.29
2018.09.14 02:51:10.961,1.1692,1.16923,1.00,1.69
2018.09.14 02:51:26.535,1.1692,1.16923,2.25,4.69
2018.09.14 02:51:38.131,1.1692,1.16923,3.00,6.19
2018.09.14 02:51:42.352,1.1692,1.16923,3.00,5.81
2018.09.14 02:51:42.894,1.1692,1.16923,2.14,4.31
2018.09.14 02:51:43.413,1.1692,1.16923,2.89,3.19
2018.09.14 02:51:44.379,1.16919,1.16923,10.95,1.00
2018.09.14 02:51:44.483,1.16923,1.16924,1.50,3.19
2018.09.14 02:51:44.588,1.16924,1.16926,1.12,1.57
2018.09.14 02:51:45.127,1.16922,1.16926,1.95,2.06
2018.09.14 02:51:45.725,1.16922,1.16926,1.00,3.26
2018.09.14 02:51:46.436,1.16922,1.16926,2.14,2.70
2018.09.14 02:51:52.102,1.16922,1.16926,3.64,2.06
2018.09.14 02:52:04.431,1.16922,1.16926,3.82,3.94
2018.09.14 02:52:05.236,1.16922,1.16926,3.82,3.75
2018.09.14 02:52:10.352,1.16922,1.16925,1.76,4.69
2018.09.14 02:52:10.457,1.16922,1.16924,1.57,1.50
2018.09.14 02:52:13.657,1.16921,1.16924,2.70,2.25
2018.09.14 02:52:20.467,1.16921,1.16924,3.45,2.44
2018.09.14 02:52:40.756,1.1692,1.16924,5.70,1.54
2018.09.14 02:52:45.995,1.1692,1.16924,6.45,1.91
2018.09.14 02:52:46.304,1.1692,1.16921,1.10,1.69
2018.09.14 02:52:46.410,1.16916,1.16919,3.64,1.01
2018.09.14 02:52:47.022,1.16916,1.16919,3.00,1.50
2018.09.14 02:52:50.524,1.16915,1.16919,3.82,4.95
2018.09.14 02:52:52.202,1.16915,1.16919,12.56,3.94
2018.09.14 02:52:52.706,1.16915,1.16919,7.95,1.50
2018.09.14 02:52:55.025,1.16917,1.16919,1.19,2.81
2018.09.14 02:52:55.714,1.16915,1.16919,3.45,2.81
2018.09.14 02:52:58.030,1.16915,1.16919,2.89,4.05
2018.09.14 02:52:58.532,1.16915,1.16919,2.62,7.99
2018.09.14 02:53:00.050,1.16914,1.16919,6.19,5.74
2018.09.14 02:53:00.155,1.16913,1.16915,1.10,1.00
2018.09.14 02:53:00.698,1.16914,1.16915,1.00,1.25
2018.09.14 02:53:01.230,1.16912,1.16916,6.56,2.32
2018.09.14 02:53:03.164,1.16913,1.16917,3.82,1.50
2018.09.14 02:53:03.488,1.16915,1.16917,1.25,1.25
2018.09.14 02:53:04.524,1.16915,1.16917,2.44,1.12
2018.09.14 02:53:04.976,1.16916,1.16919,1.87,1.31
2018.09.14 02:53:05.232,1.16915,1.16919,5.51,2.62
2018.09.14 02:53:05.789,1.16915,1.1692,1.39,9.30
2018.09.14 02:53:23.146,1.16915,1.16919,1.25,1.20
2018.09.14 02:53:27.425,1.16915,1.16918,3.19,1.00
2018.09.14 02:53:30.355,1.16915,1.16919,1.25,2.70
2018.09.14 02:53:34.047,1.16915,1.16918,3.00,1.00
2018.09.14 02:53:34.561,1.16915,1.16919,3.00,2.14
2018.09.14 02:53:42.874,1.16915,1.16919,3.94,1.15
2018.09.14 02:53:43.662,1.16915,1.16919,3.94,1.24
2018.09.14 02:53:44.212,1.16915,1.16919,4.12,2.74
2018.09.14 02:53:45.173,1.16915,1.16919,9.45,1.39
2018.09.14 02:53:47.665,1.16916,1.1692,1.31,3.07
2018.09.14 02:53:53.653,1.16916,1.16919,1.31,1.25
2018.09.14 02:53:54.217,1.16916,1.1692,1.12,2.89
2018.09.14 02:53:54.741,1.16916,1.16919,2.32,1.00
2018.09.14 02:53:55.264,1.16916,1.1692,2.51,1.76
2018.09.14 02:53:55.635,1.16917,1.1692,2.25,1.25
2018.09.14 02:53:56.384,1.16917,1.16921,2.63,6.67
2018.09.14 02:54:06.160,1.16918,1.16922,5.89,2.25
2018.09.14 02:54:06.669,1.16919,1.16923,9.83,1.12
2018.09.14 02:54:07.377,1.1692,1.16923,1.31,2.06
2018.09.14 02:54:07.937,1.1692,1.16923,1.31,1.12
2018.09.14 02:54:08.477,1.1692,1.16924,2.70,3.19
2018.09.14 02:54:09.157,1.16922,1.16924,1.39,1.12
2018.09.14 02:54:09.669,1.16922,1.16925,1.39,1.95
2018.09.14 02:54:10.238,1.16922,1.16925,1.39,2.89
2018.09.14 02:54:10.914,1.16922,1.16925,1.39,2.70
2018.09.14 02:54:11.482,1.16922,1.16925,1.39,3.64
2018.09.14 02:54:16.365,1.16922,1.16925,3.75,1.87
2018.09.14 02:54:16.972,1.16923,1.16925,1.25,2.81
2018.09.14 02:54:18.772,1.16922,1.16925,1.87,1.00
2018.09.14 02:54:32.459,1.16922,1.16925,1.29,2.14
2018.09.14 02:54:33.231,1.16922,1.16926,1.01,4.76
2018.09.14 02:54:34.400,1.16922,1.16925,1.76,1.10
2018.09.14 02:54:39.134,1.16922,1.16925,1.76,1.95
2018.09.14 02:54:40.244,1.16922,1.16926,1.76,4.01
2018.09.14 02:54:40.789,1.16921,1.16925,6.97,1.10
2018.09.14 02:55:29.685,1.16922,1.16925,1.50,3.64
2018.09.14 02:55:35.703,1.16922,1.16925,1.00,1.70
2018.09.14 02:55:36.224,1.16922,1.16925,1.00,3.07
2018.09.14 02:55:36.830,1.16921,1.16925,1.25,4.57
2018.09.14 02:55:40.409,1.1692,1.16922,4.12,1.50
2018.09.14 02:55:40.628,1.16918,1.16922,5.36,1.57
2018.09.14 02:55:55.939,1.16919,1.16923,1.00,6.07
2018.09.14 02:55:56.711,1.16918,1.16921,5.62,3.07
2018.09.14 02:55:57.136,1.16917,1.16919,2.55,1.00
2018.09.14 02:55:57.678,1.16918,1.1692,1.87,1.50
2018.09.14 02:56:05.220,1.16917,1.1692,1.50,1.00
2018.09.14 02:56:05.721,1.16917,1.16921,1.80,1.57
2018.09.14 02:56:06.275,1.16917,1.1692,2.55,1.00
2018.09.14 02:56:06.793,1.16917,1.16921,2.55,5.70
2018.09.14 02:56:09.167,1.16917,1.16922,5.74,9.07
2018.09.14 02:56:09.828,1.16917,1.16922,4.24,6.07
2018.09.14 02:56:10.363,1.16918,1.16921,1.50,1.10
2018.09.14 02:56:12.503,1.16917,1.16922,6.49,3.82
2018.09.14 02:56:13.175,1.16918,1.16921,1.00,1.10
2018.09.14 02:56:15.026,1.16917,1.16922,4.99,3.82
2018.09.14 02:56:15.873,1.16917,1.16922,7.80,6.82
2018.09.14 02:56:16.381,1.16917,1.16922,7.24,4.76
2018.09.14 02:56:16.992,1.16918,1.16921,1.00,1.10
2018.09.14 02:56:57.239,1.16917,1.16921,5.74,5.14
2018.09.14 02:57:00.803,1.16917,1.16921,3.49,7.80
2018.09.14 02:57:01.164,1.16918,1.16921,1.31,4.24
2018.09.14 02:57:02.739,1.16919,1.16922,1.00,5.32
2018.09.14 02:57:03.296,1.16917,1.1692,5.44,1.20
2018.09.14 02:57:06.979,1.16917,1.16921,4.31,2.21
2018.09.14 02:57:07.685,1.16917,1.16921,7.12,1.45
2018.09.14 02:57:09.058,1.16918,1.16921,1.50,1.45
2018.09.14 02:57:22.077,1.16917,1.16921,8.81,1.57
2018.09.14 02:57:26.044,1.16917,1.16921,6.94,1.76
2018.09.14 02:57:29.353,1.16917,1.16921,6.49,1.39
2018.09.14 02:57:30.151,1.16917,1.16922,8.55,7.57
2018.09.14 02:57:31.048,1.16917,1.16922,6.49,5.32
2018.09.14 02:57:31.873,1.16918,1.16922,1.69,6.07
2018.09.14 02:57:53.982,1.16917,1.16921,3.19,1.57
2018.09.14 02:57:55.441,1.16918,1.1692,1.25,1.25
2018.09.14 02:57:56.022,1.16917,1.1692,3.19,1.00
2018.09.14 02:58:07.045,1.16917,1.1692,1.00,2.92
2018.09.14 02:58:07.665,1.16916,1.16919,1.00,1.07
2018.09.14 02:58:36.208,1.16916,1.16917,1.00,1.00
2018.09.14 02:58:36.319,1.16913,1.16917,4.76,1.00
2018.09.14 02:58:36.580,1.16912,1.16916,2.25,2.51
2018.09.14 02:58:36.755,1.16911,1.16915,5.55,3.11
2018.09.14 02:58:37.287,1.16911,1.16915,4.12,4.61
2018.09.14 02:58:38.384,1.16912,1.16915,1.12,1.76
2018.09.14 02:58:38.933,1.16912,1.16915,1.50,1.10
2018.09.14 02:58:45.092,1.16912,1.16916,1.00,5.70
2018.09.14 02:58:46.735,1.16913,1.16916,2.14,2.32
2018.09.14 02:58:47.238,1.16913,1.16916,1.31,2.14
2018.09.14 02:58:47.780,1.16912,1.16916,3.94,2.14
2018.09.14 02:58:48.550,1.16913,1.16916,1.25,2.14
2018.09.14 02:58:49.094,1.16912,1.16916,1.69,2.51
2018.09.14 02:58:49.704,1.16912,1.16916,1.00,1.76
2018.09.14 02:58:50.534,1.16912,1.16916,1.69,4.01
2018.09.14 02:58:52.598,1.16912,1.16916,1.00,3.26
2018.09.14 02:58:53.684,1.16912,1.16915,1.00,1.00
2018.09.14 02:58:54.252,1.16912,1.16916,1.00,5.59
2018.09.14 02:58:54.561,1.16913,1.16916,3.19,1.20
2018.09.14 02:58:54.715,1.16914,1.16918,5.44,2.70
2018.09.14 02:58:55.051,1.16916,1.16918,1.00,1.25
2018.09.14 02:59:03.117,1.16916,1.1692,1.69,4.39
2018.09.14 02:59:03.431,1.1692,1.16922,1.00,1.00
2018.09.14 02:59:03.609,1.1692,1.16924,4.76,1.25
2018.09.14 02:59:04.136,1.16922,1.16925,1.00,2.14
2018.09.14 02:59:04.661,1.16921,1.16926,3.19,13.28
2018.09.14 02:59:05.281,1.16922,1.16926,1.00,8.70
2018.09.14 02:59:06.278,1.16921,1.16926,2.25,9.67
2018.09.14 02:59:06.918,1.16921,1.16926,2.25,11.92
2018.09.14 02:59:22.929,1.16921,1.16924,1.00,1.95
2018.09.14 02:59:50.478,1.16921,1.16924,2.62,1.12
