2008.11.17 01:00:01.015,1.2544,1.25455,4.90,3.00
2008.11.17 01:00:01.125,1.2544,1.2546,3.70,5.40
2008.11.17 01:00:01.245,1.25435,1.2546,8.50,10.50
2008.11.17 01:00:01.365,1.25435,1.2546,7.90,10.50
2008.11.17 01:00:01.765,1.25435,1.2546,4.90,10.50
2008.11.17 01:00:05.584,1.25435,1.2546,5.50,10.50
2008.11.17 01:00:05.704,1.2544,1.2546,1.20,5.10
2008.11.17 01:00:05.814,1.2544,1.2546,4.90,1.80
2008.11.17 01:00:05.924,1.2544,1.25465,4.90,11.70
2008.11.17 01:00:06.154,1.2544,1.25465,4.90,7.50
2008.11.17 01:00:10.393,1.2544,1.2546,3.70,4.20
2008.11.17 01:00:10.503,1.25435,1.2546,7.90,10.50
2008.11.17 01:00:10.973,1.25435,1.2546,4.90,10.50
2008.11.17 01:00:12.852,1.2544,1.25455,4.90,3.00
2008.11.17 01:00:13.152,1.2544,1.25465,4.90,7.50
2008.11.17 01:00:14.062,1.2544,1.25465,4.90,14.10
2008.11.17 01:00:14.172,1.2544,1.2545,6.00,5.70
2008.11.17 01:00:14.452,1.25425,1.2545,3.70,4.20
2008.11.17 01:00:14.632,1.25415,1.2544,6.70,2.40
2008.11.17 01:00:14.932,1.25415,1.2544,5.50,1.80
2008.11.17 01:00:15.342,1.2542,1.2544,1.20,3.30
2008.11.17 01:00:15.791,1.25415,1.2544,4.90,5.70
2008.11.17 01:00:16.091,1.2542,1.2544,1.20,3.30
2008.11.17 01:00:16.251,1.25415,1.2544,4.90,7.50
2008.11.17 01:00:16.781,1.2541,1.2544,4.90,12.60
2008.11.17 01:00:17.711,1.254,1.25415,6.00,5.70
2008.11.17 01:00:17.941,1.254,1.2542,6.00,5.70
2008.11.17 01:00:18.341,1.25385,1.2541,3.70,2.40
2008.11.17 01:00:18.551,1.25375,1.25405,3.70,2.40
2008.11.17 01:00:18.781,1.2536,1.25385,10.90,3.30
2008.11.17 01:00:19.331,1.2536,1.25385,4.90,3.30
2008.11.17 01:00:20.240,1.2536,1.25385,4.90,5.70
2008.11.17 01:00:21.800,1.2536,1.2539,4.90,5.70
2008.11.17 01:00:22.040,1.25375,1.2539,6.00,5.70
2008.11.17 01:00:22.270,1.25375,1.254,4.90,5.70
2008.11.17 01:00:22.500,1.2538,1.254,3.70,2.40
2008.11.17 01:00:22.840,1.2537,1.254,10.80,5.70
2008.11.17 01:00:23.140,1.2538,1.254,1.20,3.30
2008.11.17 01:00:23.630,1.2538,1.25405,4.90,5.70
2008.11.17 01:00:27.938,1.2539,1.254,3.60,3.30
2008.11.17 01:00:28.168,1.2539,1.25415,7.30,5.70
2008.11.17 01:00:28.398,1.2539,1.25415,5.50,5.70
2008.11.17 01:00:28.619,1.2538,1.25405,13.90,5.70
2008.11.17 01:00:28.898,1.2538,1.25405,10.90,5.70
2008.11.17 01:00:29.418,1.2538,1.25405,4.90,5.70
2008.11.17 01:00:29.748,1.25385,1.2541,5.50,5.70
2008.11.17 01:00:31.358,1.25385,1.25405,5.50,1.80
2008.11.17 01:00:31.479,1.25385,1.25405,3.70,4.20
2008.11.17 01:00:31.598,1.2538,1.25405,10.90,7.50
2008.11.17 01:00:31.758,1.2538,1.25405,4.90,7.50
2008.11.17 01:00:31.878,1.2538,1.25405,4.90,8.10
2008.11.17 01:00:32.057,1.2538,1.254,3.70,4.20
2008.11.17 01:00:32.117,1.25375,1.254,5.50,7.50
2008.11.17 01:00:32.427,1.2537,1.25395,10.20,5.70
2008.11.17 01:00:32.817,1.2537,1.2539,3.70,2.40
2008.11.17 01:00:33.047,1.2537,1.2539,1.80,5.70
2008.11.17 01:00:33.397,1.2537,1.2539,6.10,2.40
2008.11.17 01:00:33.797,1.2537,1.25395,7.30,5.70
2008.11.17 01:00:45.614,1.25365,1.25385,3.70,2.40
2008.11.17 01:00:45.674,1.2536,1.25385,7.30,5.70
2008.11.17 01:00:46.664,1.25365,1.25385,3.40,5.70
2008.11.17 01:00:46.954,1.25365,1.2539,7.30,5.70
2008.11.17 01:00:47.354,1.25365,1.2539,10.30,5.70
2008.11.17 01:00:48.614,1.2537,1.25395,4.90,7.50
2008.11.17 01:00:48.964,1.2537,1.25395,6.70,5.70
2008.11.17 01:00:49.244,1.2537,1.25395,7.30,5.70
2008.11.17 01:00:51.973,1.2537,1.25395,5.50,5.70
2008.11.17 01:00:52.153,1.2537,1.25395,4.90,5.70
2008.11.17 01:00:52.373,1.25365,1.2539,5.50,3.30
2008.11.17 01:00:52.762,1.25365,1.2539,5.50,5.70
2008.11.17 01:00:53.552,1.2537,1.2539,1.80,3.30
2008.11.17 01:00:53.842,1.2537,1.25395,7.30,5.70
2008.11.17 01:00:56.722,1.2537,1.2539,6.10,2.40
2008.11.17 01:00:56.782,1.2537,1.2539,2.20,5.70
2008.11.17 01:00:56.892,1.2537,1.2539,6.30,5.70
2008.11.17 01:00:57.131,1.25365,1.2539,5.50,5.70
2008.11.17 01:01:00.361,1.2537,1.2539,1.80,3.30
2008.11.17 01:01:00.541,1.2537,1.2539,3.60,3.30
2008.11.17 01:01:00.601,1.2537,1.25395,7.30,5.70
2008.11.17 01:01:03.370,1.25375,1.25395,1.20,3.30
2008.11.17 01:01:03.650,1.25375,1.254,7.30,3.30
2008.11.17 01:01:03.890,1.2538,1.25405,3.70,10.50
2008.11.17 01:01:04.170,1.2538,1.25405,3.70,7.50
2008.11.17 01:01:04.910,1.25375,1.254,5.50,7.50
2008.11.17 01:01:05.150,1.25375,1.254,4.90,7.50
2008.11.17 01:01:05.829,1.2537,1.25395,7.30,3.30
2008.11.17 01:01:14.667,1.2537,1.25395,7.30,5.70
2008.11.17 01:01:15.427,1.2537,1.25395,5.50,5.70
2008.11.17 01:01:15.717,1.2537,1.25395,4.90,5.70
2008.11.17 01:01:16.187,1.25365,1.2539,5.50,5.70
2008.11.17 01:01:38.612,1.2537,1.2539,1.20,3.30
2008.11.17 01:01:38.912,1.2537,1.25395,4.90,5.70
2008.11.17 01:01:44.880,1.25365,1.2539,5.50,5.70
2008.11.17 01:01:59.517,1.2537,1.25395,6.70,5.70
2008.11.17 01:01:59.866,1.25375,1.254,5.50,5.70
2008.11.17 01:02:00.306,1.2538,1.25405,3.70,6.90
2008.11.17 01:02:00.756,1.2538,1.25395,5.80,5.70
2008.11.17 01:02:00.856,1.2537,1.25395,10.90,5.70
2008.11.17 01:02:01.096,1.2537,1.25395,4.90,5.70
2008.11.17 01:02:01.266,1.25375,1.25395,3.70,2.40
2008.11.17 01:02:01.376,1.25375,1.254,4.90,5.70
2008.11.17 01:02:19.902,1.2537,1.25395,4.90,6.90
2008.11.17 01:02:23.461,1.25375,1.254,4.90,8.70
2008.11.17 01:02:23.921,1.2537,1.254,7.30,8.70
2008.11.17 01:02:24.840,1.25375,1.254,4.90,8.70
2008.11.17 01:02:25.330,1.2538,1.254,3.70,3.60
2008.11.17 01:02:25.441,1.2538,1.25405,4.90,11.70
2008.11.17 01:02:25.790,1.2538,1.25405,4.90,8.70
2008.11.17 01:02:26.530,1.2538,1.254,3.70,3.60
2008.11.17 01:02:26.710,1.25375,1.254,4.90,8.70
2008.11.17 01:02:27.590,1.2537,1.254,7.30,8.70
2008.11.17 01:02:31.749,1.2537,1.254,7.30,7.50
2008.11.17 01:02:35.028,1.2537,1.254,7.30,8.70
2008.11.17 01:02:35.468,1.25375,1.254,1.00,7.50
2008.11.17 01:02:35.638,1.2538,1.254,3.70,1.80
2008.11.17 01:02:35.818,1.2538,1.25405,3.70,11.70
2008.11.17 01:02:36.458,1.2538,1.25405,3.70,8.70
2008.11.17 01:02:38.187,1.2538,1.25405,4.30,7.50
2008.11.17 01:02:38.307,1.2538,1.25405,7.30,3.30
2008.11.17 01:02:39.957,1.25385,1.2541,4.90,6.90
2008.11.17 01:02:40.127,1.25385,1.25395,3.70,1.20
2008.11.17 01:02:40.287,1.25385,1.25395,4.90,4.20
2008.11.17 01:02:40.457,1.25385,1.25395,4.90,6.00
2008.11.17 01:02:40.687,1.25385,1.25395,1.20,9.30
2008.11.17 01:02:40.866,1.2536,1.25395,4.90,11.70
2008.11.17 01:02:43.116,1.25365,1.2539,3.70,11.70
2008.11.17 01:02:43.226,1.25365,1.25385,3.70,1.20
2008.11.17 01:02:43.406,1.2536,1.25385,4.90,8.70
2008.11.17 01:02:43.636,1.2536,1.25385,4.90,9.30
2008.11.17 01:02:43.986,1.2536,1.2538,3.70,1.80
2008.11.17 01:02:44.336,1.25355,1.2538,3.70,8.70
2008.11.17 01:02:53.394,1.2535,1.25375,4.30,5.70
2008.11.17 01:02:53.694,1.2535,1.25375,3.70,8.10
2008.11.17 01:02:54.033,1.25345,1.2537,3.70,8.70
2008.11.17 01:02:54.453,1.2534,1.25365,3.70,5.70
2008.11.17 01:02:54.784,1.2534,1.2535,5.80,5.70
2008.11.17 01:02:55.004,1.25325,1.2535,5.50,5.70
2008.11.17 01:02:55.803,1.25325,1.2535,4.90,5.70
2008.11.17 01:02:59.052,1.25325,1.2535,3.70,5.70
2008.11.17 01:02:59.232,1.2533,1.25345,5.80,3.30
2008.11.17 01:03:06.140,1.25335,1.25345,1.20,3.30
2008.11.17 01:03:06.301,1.2534,1.25355,1.80,1.20
2008.11.17 01:03:06.470,1.2534,1.2536,5.20,3.30
2008.11.17 01:03:06.800,1.25345,1.2535,1.60,2.40
2008.11.17 01:03:07.200,1.25345,1.2536,1.20,3.30
2008.11.17 01:03:07.600,1.2534,1.2536,1.20,3.30
2008.11.17 01:03:07.931,1.25335,1.2536,3.70,5.70
2008.11.17 01:03:08.210,1.25335,1.2535,1.20,3.30
2008.11.17 01:03:08.500,1.2533,1.2535,9.40,3.30
2008.11.17 01:03:08.780,1.2533,1.2535,1.20,3.30
2008.11.17 01:03:09.080,1.25325,1.2535,10.30,3.30
2008.11.17 01:03:09.360,1.25325,1.2535,10.30,5.70
2008.11.17 01:03:10.789,1.25325,1.2535,5.20,5.70
2008.11.17 01:03:15.108,1.25325,1.2535,3.40,7.50
2008.11.17 01:03:15.388,1.2532,1.2535,13.20,8.70
2008.11.17 01:03:15.439,1.2532,1.2535,7.30,8.70
2008.11.17 01:03:15.548,1.2532,1.25345,6.10,2.40
2008.11.17 01:03:15.778,1.2532,1.2534,2.20,3.30
2008.11.17 01:03:20.357,1.2532,1.2534,1.80,5.70
2008.11.17 01:03:20.657,1.25315,1.2534,4.90,5.70
2008.11.17 01:03:21.227,1.2531,1.25335,4.90,5.70
2008.11.17 01:03:22.286,1.25305,1.2533,4.90,5.70
2008.11.17 01:03:22.566,1.253,1.25325,4.90,5.70
2008.11.17 01:03:22.906,1.253,1.2532,3.70,2.40
2008.11.17 01:03:23.067,1.25295,1.2532,4.90,5.70
2008.11.17 01:03:24.396,1.25293,1.25327,3.60,9.30
2008.11.17 01:03:24.746,1.2531,1.25345,5.20,5.70
2008.11.17 01:03:27.135,1.25315,1.2534,5.20,8.70
2008.11.17 01:03:27.335,1.25315,1.2533,1.80,7.50
2008.11.17 01:03:27.506,1.25305,1.2533,4.90,9.30
2008.11.17 01:03:27.745,1.253,1.25325,4.90,7.50
2008.11.17 01:03:28.145,1.253,1.2532,3.70,2.40
2008.11.17 01:03:28.435,1.25295,1.25315,8.50,2.40
2008.11.17 01:03:28.775,1.25295,1.2532,4.90,8.70
2008.11.17 01:03:29.125,1.2529,1.25315,4.90,6.90
2008.11.17 01:03:29.525,1.25285,1.25305,4.30,2.40
2008.11.17 01:03:29.865,1.2529,1.25305,5.80,6.90
2008.11.17 01:03:30.154,1.25275,1.253,5.50,5.70
2008.11.17 01:03:32.044,1.25275,1.253,5.50,3.30
2008.11.17 01:03:32.164,1.25275,1.25305,5.50,5.70
2008.11.17 01:03:32.624,1.2528,1.25305,2.20,5.70
2008.11.17 01:03:33.614,1.2528,1.25305,7.30,5.70
2008.11.17 01:03:34.234,1.25285,1.2531,4.90,7.50
2008.11.17 01:03:41.342,1.25285,1.2531,4.90,5.10
2008.11.17 01:03:41.462,1.2529,1.25315,9.10,8.70
2008.11.17 01:03:42.032,1.2529,1.25315,9.10,5.70
2008.11.17 01:03:42.142,1.2529,1.25315,10.30,5.70
2008.11.17 01:03:42.902,1.25295,1.2532,4.90,6.30
2008.11.17 01:03:44.071,1.253,1.25315,4.90,1.80
2008.11.17 01:03:44.311,1.253,1.25325,4.90,6.30
2008.11.17 01:03:53.249,1.25295,1.25315,9.10,2.40
2008.11.17 01:03:53.539,1.25295,1.25315,3.70,2.40
2008.11.17 01:03:53.829,1.25295,1.2532,4.90,8.70
2008.11.17 01:03:54.159,1.2529,1.25315,4.90,6.90
2008.11.17 01:03:54.499,1.25305,1.25315,5.80,6.90
2008.11.17 01:03:54.849,1.25285,1.25315,4.90,6.90
2008.11.17 01:03:57.838,1.2529,1.25315,4.90,5.70
2008.11.17 01:03:58.218,1.2529,1.25305,4.90,3.00
2008.11.17 01:03:58.378,1.2529,1.25305,1.20,6.30
2008.11.17 01:03:58.488,1.2528,1.25305,10.90,8.70
2008.11.17 01:03:58.838,1.2528,1.25305,4.90,9.30
2008.11.17 01:03:59.658,1.25285,1.25305,5.50,1.80
2008.11.17 01:03:59.947,1.25285,1.2531,5.50,5.70
2008.11.17 01:04:02.067,1.25285,1.2531,5.50,3.30
2008.11.17 01:04:02.607,1.25285,1.2531,5.50,5.70
2008.11.17 01:04:08.365,1.25295,1.2532,10.30,5.70
2008.11.17 01:04:09.125,1.253,1.2532,4.90,2.40
2008.11.17 01:04:09.465,1.253,1.25325,4.90,7.50
2008.11.17 01:04:10.455,1.25295,1.2531,3.40,1.80
2008.11.17 01:04:10.565,1.253,1.2531,5.80,1.80
2008.11.17 01:04:10.735,1.253,1.2531,5.80,3.60
2008.11.17 01:04:10.905,1.253,1.2531,5.80,2.40
2008.11.17 01:04:11.075,1.2529,1.25305,4.90,1.20
2008.11.17 01:04:11.195,1.2529,1.2532,4.90,18.60
2008.11.17 01:04:11.415,1.2529,1.2532,4.90,13.50
2008.11.17 01:04:11.645,1.2529,1.25315,3.70,2.40
2008.11.17 01:04:12.054,1.25285,1.25315,5.50,5.70
2008.11.17 01:04:31.900,1.2529,1.25315,1.20,5.70
2008.11.17 01:04:35.909,1.2529,1.2531,3.00,3.30
2008.11.17 01:04:36.019,1.2529,1.25315,7.30,5.70
2008.11.17 01:04:48.366,1.25295,1.25315,1.20,3.30
2008.11.17 01:04:48.526,1.25295,1.2532,7.30,5.70
2008.11.17 01:04:49.256,1.25295,1.2532,10.30,5.70
2008.11.17 01:04:55.364,1.253,1.25325,6.70,6.90
2008.11.17 01:04:55.474,1.253,1.25325,10.30,5.70
2008.11.17 01:04:58.153,1.25305,1.25325,6.00,3.30
2008.11.17 01:04:58.313,1.25305,1.2533,10.30,7.50
2008.11.17 01:04:58.433,1.25305,1.25325,2.20,5.70
2008.11.17 01:04:58.553,1.2531,1.25325,5.80,5.70
2008.11.17 01:04:58.673,1.25295,1.25325,21.00,5.70
2008.11.17 01:04:58.793,1.253,1.25325,13.20,5.70
2008.11.17 01:04:58.903,1.25305,1.25325,1.20,3.30
2008.11.17 01:04:59.263,1.2532,1.2534,3.00,8.40
2008.11.17 01:04:59.673,1.2532,1.25345,7.60,5.70
2008.11.17 01:05:00.263,1.25325,1.2535,4.90,8.70
2008.11.17 01:05:00.853,1.25325,1.2535,4.90,6.30
2008.11.17 01:05:01.073,1.25325,1.25355,7.30,11.70
2008.11.17 01:05:01.472,1.2533,1.25355,4.90,8.70
2008.11.17 01:05:02.043,1.2533,1.25355,4.90,6.30
2008.11.17 01:05:02.162,1.2534,1.25355,1.20,3.00
2008.11.17 01:05:02.342,1.2534,1.25355,4.90,1.20
2008.11.17 01:05:02.622,1.2534,1.25365,4.90,6.90
2008.11.17 01:05:02.742,1.2534,1.25355,3.70,4.20
2008.11.17 01:05:02.982,1.2535,1.25355,1.20,3.00
2008.11.17 01:05:03.142,1.2534,1.25355,3.70,5.40
2008.11.17 01:05:03.422,1.2533,1.25355,10.90,8.70
2008.11.17 01:05:03.642,1.2533,1.25355,4.90,8.70
2008.11.17 01:05:05.102,1.2534,1.25355,4.90,1.20
2008.11.17 01:05:05.392,1.2534,1.25365,4.90,1.20
2008.11.17 01:05:05.752,1.2534,1.25355,5.80,1.80
2008.11.17 01:05:05.872,1.2533,1.25355,10.90,3.00
2008.11.17 01:05:05.992,1.2533,1.25355,4.90,3.00
2008.11.17 01:05:07.611,1.2533,1.2535,3.70,2.40
2008.11.17 01:05:07.781,1.25325,1.25345,3.40,1.80
2008.11.17 01:05:07.971,1.2533,1.25345,8.80,3.00
2008.11.17 01:05:08.261,1.2532,1.25345,4.90,3.00
2008.11.17 01:05:08.551,1.2533,1.25345,1.20,1.20
2008.11.17 01:05:08.671,1.2533,1.25345,4.90,1.20
2008.11.17 01:05:09.171,1.2533,1.25355,4.90,3.00
2008.11.17 01:05:11.590,1.2533,1.25355,1.20,6.30
2008.11.17 01:05:11.710,1.25325,1.25355,7.30,8.70
2008.11.17 01:05:13.620,1.25325,1.25355,7.30,9.30
2008.11.17 01:05:13.909,1.25325,1.2535,4.30,7.50
2008.11.17 01:05:14.200,1.25315,1.2534,7.90,8.70
2008.11.17 01:05:14.429,1.25325,1.2534,1.20,4.50
2008.11.17 01:05:14.760,1.2532,1.2534,6.70,1.20
2008.11.17 01:05:15.089,1.2532,1.25345,7.30,5.70
2008.11.17 01:05:31.286,1.25325,1.25345,3.00,3.30
2008.11.17 01:05:31.396,1.25325,1.25345,3.60,3.30
2008.11.17 01:05:31.565,1.25325,1.2535,7.30,5.70
2008.11.17 01:05:31.865,1.25325,1.2535,10.30,5.70
2008.11.17 01:05:41.273,1.2533,1.2536,10.30,8.70
2008.11.17 01:05:41.633,1.25335,1.2536,1.20,8.70
2008.11.17 01:05:41.923,1.25335,1.2536,4.90,8.70
2008.11.17 01:05:42.143,1.25335,1.2536,4.90,9.30
2008.11.17 01:05:42.253,1.2533,1.25355,7.90,6.30
2008.11.17 01:05:42.533,1.2533,1.25355,4.90,6.30
2008.11.17 01:05:42.823,1.2534,1.25365,4.90,8.10
2008.11.17 01:05:43.063,1.2534,1.25365,4.90,6.90
2008.11.17 01:05:47.022,1.2534,1.25355,3.70,2.40
2008.11.17 01:05:47.072,1.2534,1.25355,5.80,5.70
2008.11.17 01:05:47.251,1.2533,1.25355,12.70,6.90
2008.11.17 01:05:47.352,1.2533,1.25355,10.90,8.70
2008.11.17 01:05:47.631,1.2533,1.25355,4.90,8.70
2008.11.17 01:05:47.691,1.25325,1.2535,10.30,5.70
2008.11.17 01:06:25.162,1.2533,1.25355,10.30,3.30
2008.11.17 01:06:25.602,1.25335,1.25355,4.80,3.30
2008.11.17 01:06:25.822,1.25335,1.2536,7.90,8.70
2008.11.17 01:06:26.352,1.25335,1.2536,4.90,8.70
2008.11.17 01:06:27.062,1.25335,1.2536,3.70,8.70
2008.11.17 01:06:27.162,1.2533,1.25355,10.30,3.30
2008.11.17 01:06:28.162,1.2533,1.25355,10.30,5.70
2008.11.17 01:06:48.387,1.2533,1.2535,9.10,2.40
2008.11.17 01:06:48.497,1.25335,1.2535,4.20,6.90
2008.11.17 01:06:49.007,1.25335,1.2535,4.20,8.70
2008.11.17 01:06:49.127,1.25335,1.25345,4.20,5.70
2008.11.17 01:06:49.507,1.25335,1.25345,1.20,5.70
2008.11.17 01:06:49.917,1.2532,1.25345,10.30,5.70
2008.11.17 01:06:50.257,1.25325,1.2535,10.30,5.70
2008.11.17 01:07:00.724,1.2533,1.2535,1.80,7.50
2008.11.17 01:07:07.592,1.2533,1.25345,1.80,3.30
2008.11.17 01:07:07.772,1.2533,1.25345,1.80,5.70
2008.11.17 01:07:08.122,1.2533,1.25345,1.80,3.30
2008.11.17 01:07:08.342,1.2533,1.2535,1.80,7.50
2008.11.17 01:07:16.240,1.25345,1.2536,1.80,1.20
2008.11.17 01:07:16.480,1.2535,1.2537,1.80,13.80
2008.11.17 01:07:16.710,1.25355,1.2536,3.70,5.10
2008.11.17 01:07:16.830,1.2535,1.2536,7.30,5.10
2008.11.17 01:07:16.890,1.2535,1.25375,7.30,5.70
2008.11.17 01:07:17.060,1.2536,1.2538,4.90,1.20
2008.11.17 01:07:17.170,1.2536,1.25385,4.90,5.70
2008.11.17 01:07:19.869,1.2535,1.2537,12.70,1.80
2008.11.17 01:07:20.109,1.2535,1.2537,1.80,7.50
2008.11.17 01:07:20.509,1.25355,1.2537,1.80,3.30
2008.11.17 01:07:20.809,1.25355,1.2538,5.50,5.70
2008.11.17 01:07:21.029,1.2536,1.25385,4.90,5.70
2008.11.17 01:07:21.489,1.2535,1.2537,12.70,1.80
2008.11.17 01:07:22.009,1.2535,1.2537,6.70,1.80
2008.11.17 01:07:25.908,1.2535,1.2537,3.00,5.10
2008.11.17 01:07:26.128,1.2534,1.2537,7.30,8.70
2008.11.17 01:07:26.288,1.2534,1.2537,5.50,8.70
2008.11.17 01:07:26.468,1.2534,1.25365,4.90,1.20
2008.11.17 01:07:26.578,1.2534,1.2536,3.70,2.40
2008.11.17 01:07:26.688,1.25335,1.2536,5.50,5.70
2008.11.17 01:07:26.987,1.25345,1.2536,1.20,3.30
2008.11.17 01:07:27.107,1.2535,1.25365,1.80,1.20
2008.11.17 01:07:27.217,1.2535,1.2537,1.80,7.50
2008.11.17 01:07:28.617,1.2535,1.2537,1.80,5.10
2008.11.17 01:07:30.986,1.2535,1.2537,6.70,1.80
2008.11.17 01:07:32.136,1.2535,1.2537,7.30,1.80
2008.11.17 01:07:32.196,1.2535,1.2537,10.30,1.80
2008.11.17 01:07:32.256,1.25355,1.25375,1.80,5.10
2008.11.17 01:07:32.376,1.25355,1.25375,1.80,1.80
2008.11.17 01:07:33.216,1.25355,1.25375,6.70,1.80
2008.11.17 01:07:34.326,1.25355,1.25375,1.80,7.50
2008.11.17 01:07:34.556,1.2536,1.25375,1.20,5.10
2008.11.17 01:07:34.776,1.2536,1.25385,7.30,6.90
2008.11.17 01:07:35.126,1.25365,1.2539,5.50,7.50
2008.11.17 01:07:35.345,1.25365,1.2539,5.50,5.70
2008.11.17 01:07:35.795,1.25365,1.2539,5.50,3.30
2008.11.17 01:07:36.595,1.25365,1.25385,4.30,2.40
2008.11.17 01:07:36.705,1.25365,1.2538,3.70,1.80
2008.11.17 01:07:36.935,1.2536,1.2538,12.70,1.80
2008.11.17 01:07:37.115,1.2536,1.2538,6.70,1.80
2008.11.17 01:07:48.172,1.2536,1.2538,5.50,5.40
2008.11.17 01:07:48.282,1.25355,1.2538,4.90,8.70
2008.11.17 01:07:51.572,1.25355,1.2538,3.70,8.70
2008.11.17 01:07:51.802,1.25355,1.2537,3.70,1.80
2008.11.17 01:07:51.861,1.2535,1.2537,7.30,1.80
2008.11.17 01:07:51.971,1.2535,1.2537,6.70,1.80
2008.11.17 01:07:57.300,1.25355,1.2537,1.20,1.80
2008.11.17 01:07:57.590,1.25355,1.25375,6.70,1.80
2008.11.17 01:08:17.986,1.25365,1.25375,4.90,1.80
2008.11.17 01:08:18.285,1.25365,1.25375,4.90,1.20
2008.11.17 01:08:18.556,1.25365,1.2539,5.50,5.70
2008.11.17 01:08:29.332,1.25365,1.2539,4.90,8.70
2008.11.17 01:08:36.731,1.25375,1.254,6.70,10.50
2008.11.17 01:08:46.118,1.2538,1.254,6.70,3.00
2008.11.17 01:08:46.408,1.2538,1.254,6.70,1.80
2008.11.17 01:08:46.678,1.2538,1.254,5.50,1.80
2008.11.17 01:08:47.018,1.2538,1.254,1.80,5.10
2008.11.17 01:08:47.188,1.2538,1.254,6.70,1.80
2008.11.17 01:08:48.048,1.2539,1.25415,4.90,8.10
2008.11.17 01:08:48.278,1.2539,1.25415,4.90,6.90
2008.11.17 01:08:48.508,1.2539,1.25415,4.90,5.70
2008.11.17 01:08:48.848,1.25395,1.2542,4.90,5.70
2008.11.17 01:08:50.178,1.25395,1.25415,3.70,2.40
2008.11.17 01:08:50.407,1.2539,1.25415,4.90,6.90
2008.11.17 01:08:52.547,1.2539,1.25405,3.70,2.40
2008.11.17 01:08:52.777,1.2538,1.254,12.60,1.80
2008.11.17 01:08:53.117,1.2538,1.254,6.70,1.80
2008.11.17 01:08:57.856,1.25385,1.254,3.70,1.80
2008.11.17 01:08:58.056,1.25385,1.254,5.40,1.80
2008.11.17 01:08:58.225,1.25385,1.2541,5.40,5.70
2008.11.17 01:08:58.496,1.2539,1.2541,6.90,3.30
2008.11.17 01:08:58.675,1.2539,1.25415,4.90,6.90
2008.11.17 01:08:58.905,1.2539,1.25415,4.90,5.70
2008.11.17 01:08:59.305,1.2539,1.25415,4.90,3.30
2008.11.17 01:09:01.904,1.2539,1.25415,4.90,4.50
2008.11.17 01:09:02.024,1.2539,1.25415,3.70,4.50
2008.11.17 01:09:02.265,1.2539,1.25415,3.70,6.90
2008.11.17 01:09:03.674,1.2539,1.25415,3.70,5.70
2008.11.17 01:09:09.173,1.2539,1.25415,4.90,5.70
2008.11.17 01:09:25.659,1.25395,1.25415,1.00,3.30
2008.11.17 01:09:25.889,1.25395,1.25415,3.70,2.40
2008.11.17 01:09:26.179,1.2539,1.25415,4.90,5.70
2008.11.17 01:09:28.528,1.2539,1.254,3.70,1.80
2008.11.17 01:09:28.708,1.2538,1.254,12.60,1.80
2008.11.17 01:09:28.818,1.2538,1.254,6.70,1.80
2008.11.17 01:09:29.678,1.2538,1.254,1.80,7.50
2008.11.17 01:09:32.827,1.2538,1.2541,7.20,7.50
2008.11.17 01:09:33.237,1.25385,1.2541,5.40,5.70
2008.11.17 01:09:39.405,1.2539,1.2541,2.80,3.30
2008.11.17 01:09:39.626,1.2539,1.25415,7.20,5.70
2008.11.17 01:09:40.785,1.25395,1.2542,4.90,7.50
2008.11.17 01:09:51.163,1.25395,1.2542,5.40,5.70
2008.11.17 01:09:51.563,1.254,1.25425,4.90,3.30
2008.11.17 01:09:51.793,1.254,1.2543,4.90,5.70
2008.11.17 01:09:52.672,1.254,1.2543,10.80,5.70
2008.11.17 01:09:52.792,1.25405,1.2543,4.90,5.70
2008.11.17 01:09:53.302,1.2541,1.25435,3.70,5.70
2008.11.17 01:09:53.642,1.2541,1.25435,4.90,5.70
2008.11.17 01:09:55.722,1.25415,1.25435,1.00,3.30
2008.11.17 01:09:55.891,1.25415,1.2544,4.90,5.70
2008.11.17 01:09:56.061,1.25415,1.25435,3.70,2.40
2008.11.17 01:09:56.232,1.2541,1.25435,13.20,5.70
2008.11.17 01:09:56.412,1.2541,1.25435,7.20,5.70
2008.11.17 01:10:11.108,1.2541,1.2543,6.10,2.40
2008.11.17 01:10:11.228,1.25405,1.25425,9.70,1.80
2008.11.17 01:10:11.448,1.25405,1.25425,10.30,1.80
2008.11.17 01:10:11.618,1.2541,1.2543,1.80,7.50
2008.11.17 01:10:11.738,1.25415,1.2543,1.00,5.70
2008.11.17 01:10:11.978,1.2541,1.25435,7.20,5.70
2008.11.17 01:10:17.217,1.2541,1.2543,7.50,5.70
2008.11.17 01:10:17.277,1.25405,1.2543,5.40,5.70
2008.11.17 01:10:23.425,1.2541,1.2543,1.80,3.30
2008.11.17 01:10:23.535,1.2541,1.25435,5.50,5.70
2008.11.17 01:10:46.379,1.2541,1.2543,5.50,2.40
2008.11.17 01:10:46.550,1.2541,1.2543,1.80,7.50
2008.11.17 01:10:56.437,1.25405,1.25425,3.70,2.40
2008.11.17 01:10:56.557,1.254,1.25425,15.00,5.70
2008.11.17 01:10:56.797,1.254,1.25425,12.00,5.70
2008.11.17 01:10:57.017,1.254,1.25425,6.10,5.70
2008.11.17 01:11:30.609,1.25405,1.25425,3.70,2.40
2008.11.17 01:11:30.889,1.2541,1.2543,1.80,7.50
2008.11.17 01:11:32.858,1.2541,1.25425,1.80,2.40
2008.11.17 01:11:32.908,1.25405,1.25425,9.10,4.20
2008.11.17 01:11:32.968,1.25405,1.25425,8.50,4.20
2008.11.17 01:11:33.018,1.25405,1.25425,4.80,7.50
2008.11.17 01:11:33.418,1.2541,1.2542,3.00,4.20
2008.11.17 01:11:33.648,1.254,1.2542,5.20,7.50
2008.11.17 01:11:33.828,1.254,1.2542,1.80,7.50
2008.11.17 01:11:36.458,1.25395,1.25415,5.20,7.50
2008.11.17 01:11:36.747,1.25395,1.25415,4.80,7.50
2008.11.17 01:11:37.137,1.25395,1.25415,1.80,7.50
2008.11.17 01:11:39.477,1.2539,1.2541,8.50,4.20
2008.11.17 01:11:39.647,1.2539,1.2541,1.80,7.50
2008.11.17 01:11:42.376,1.2539,1.25405,1.80,2.40
2008.11.17 01:11:42.436,1.25385,1.25405,9.10,4.20
2008.11.17 01:11:42.546,1.25385,1.25405,4.80,7.50
2008.11.17 01:11:43.056,1.25385,1.25405,1.80,7.50
2008.11.17 01:11:46.615,1.25385,1.254,1.80,2.40
2008.11.17 01:11:46.725,1.2538,1.254,5.50,4.20
2008.11.17 01:11:46.835,1.2538,1.254,1.80,7.50
2008.11.17 01:11:50.084,1.25375,1.25395,4.80,7.50
2008.11.17 01:11:50.604,1.25375,1.25395,1.80,7.50
2008.11.17 01:11:51.224,1.2537,1.2539,5.20,7.50
2008.11.17 01:11:51.564,1.2537,1.2539,1.80,7.50
2008.11.17 01:11:53.913,1.2537,1.25385,1.80,3.30
2008.11.17 01:11:54.073,1.2536,1.25385,13.20,5.70
2008.11.17 01:11:54.183,1.2536,1.2538,8.10,5.70
2008.11.17 01:11:54.303,1.2536,1.2538,6.30,5.70
2008.11.17 01:11:54.513,1.25355,1.2538,4.90,5.70
2008.11.17 01:11:54.843,1.2535,1.25375,4.90,5.70
2008.11.17 01:11:56.563,1.2536,1.25375,1.00,3.30
2008.11.17 01:11:56.672,1.2536,1.25385,4.90,5.70
2008.11.17 01:11:56.852,1.2536,1.25385,6.70,5.70
2008.11.17 01:11:57.023,1.2536,1.25385,7.20,5.70
2008.11.17 01:12:00.252,1.2536,1.2538,5.50,4.20
2008.11.17 01:12:00.601,1.2536,1.2538,1.80,7.50
2008.11.17 01:12:02.921,1.2536,1.25375,1.80,2.40
2008.11.17 01:12:03.331,1.25355,1.25375,4.80,7.50
2008.11.17 01:12:03.561,1.25355,1.25375,1.80,7.50
2008.11.17 01:12:08.420,1.2535,1.2537,5.50,1.80
2008.11.17 01:12:08.710,1.2535,1.2537,1.80,7.50
2008.11.17 01:12:10.249,1.25345,1.25365,4.80,7.50
2008.11.17 01:12:10.489,1.25345,1.25365,1.80,7.50
2008.11.17 01:12:11.719,1.25345,1.25355,4.20,5.70
2008.11.17 01:12:11.899,1.2533,1.2535,6.10,2.40
2008.11.17 01:12:12.129,1.2533,1.25345,6.30,2.40
2008.11.17 01:12:12.249,1.25325,1.25345,4.30,2.40
2008.11.17 01:12:12.309,1.25325,1.2535,5.40,5.70
2008.11.17 01:12:12.429,1.25325,1.2535,4.90,5.70
2008.11.17 01:12:12.539,1.2532,1.2534,6.30,5.70
2008.11.17 01:12:12.719,1.2532,1.2533,6.30,2.40
2008.11.17 01:12:12.889,1.25315,1.2533,9.80,5.70
2008.11.17 01:12:12.999,1.2532,1.2533,5.80,5.70
2008.11.17 01:12:13.509,1.25305,1.2533,4.90,5.70
2008.11.17 01:12:14.188,1.2532,1.25335,1.00,3.30
2008.11.17 01:12:14.618,1.25325,1.25335,1.80,3.30
2008.11.17 01:12:14.908,1.25325,1.2536,1.80,5.10
2008.11.17 01:12:17.627,1.25335,1.25345,1.80,2.40
2008.11.17 01:12:17.687,1.2533,1.25345,7.30,2.40
2008.11.17 01:12:17.797,1.2532,1.25345,7.20,5.70
2008.11.17 01:12:18.018,1.2532,1.25335,3.40,3.30
2008.11.17 01:12:18.077,1.2532,1.25335,7.50,5.70
2008.11.17 01:12:18.137,1.2532,1.25335,1.60,5.70
2008.11.17 01:12:18.367,1.2532,1.25345,7.20,5.70
2008.11.17 01:12:21.307,1.2533,1.2535,1.80,7.50
2008.11.17 01:12:23.846,1.2533,1.2535,1.80,6.90
2008.11.17 01:12:24.896,1.2533,1.2535,1.80,7.50
2008.11.17 01:12:30.404,1.2533,1.25345,1.80,3.30
2008.11.17 01:12:30.624,1.25325,1.25345,4.80,7.50
2008.11.17 01:12:31.194,1.25325,1.25345,1.80,7.50
2008.11.17 01:13:00.607,1.2532,1.2534,1.80,7.50
2008.11.17 01:13:26.961,1.25315,1.25335,9.70,1.80
2008.11.17 01:13:27.130,1.25315,1.25335,4.80,7.50
2008.11.17 01:13:27.411,1.25315,1.25335,1.80,7.50
2008.11.17 01:13:29.680,1.25315,1.25335,2.80,5.10
2008.11.17 01:13:29.860,1.2532,1.2534,1.80,7.50
2008.11.17 01:13:44.476,1.25325,1.25345,1.80,7.50
2008.11.17 01:13:47.496,1.2532,1.2534,9.10,1.80
2008.11.17 01:13:47.656,1.2532,1.2534,5.20,7.50
2008.11.17 01:13:47.826,1.2532,1.2534,1.80,7.50
2008.11.17 01:13:50.605,1.2532,1.2534,2.20,7.50
2008.11.17 01:13:50.955,1.25325,1.25345,1.00,3.30
2008.11.17 01:13:51.245,1.25325,1.2535,5.40,5.70
2008.11.17 01:14:00.582,1.25325,1.2535,4.90,7.50
2008.11.17 01:14:02.122,1.25325,1.25345,3.70,2.40
2008.11.17 01:14:02.242,1.2532,1.25345,7.20,5.70
2008.11.17 01:14:04.132,1.2532,1.25345,7.20,3.30
2008.11.17 01:14:04.312,1.2532,1.2535,7.20,7.50
2008.11.17 01:14:04.932,1.2533,1.2535,1.80,7.50
2008.11.17 01:14:08.101,1.25335,1.2535,1.00,5.10
2008.11.17 01:14:08.331,1.25335,1.2535,1.00,1.80
2008.11.17 01:14:08.681,1.25335,1.2535,1.00,4.20
2008.11.17 01:14:08.741,1.25335,1.2535,1.00,7.50
2008.11.17 01:14:09.321,1.2534,1.25355,1.00,5.70
2008.11.17 01:14:09.610,1.25335,1.25355,3.40,5.70
2008.11.17 01:14:09.890,1.25335,1.25355,1.00,5.70
2008.11.17 01:14:10.460,1.25335,1.2535,1.00,3.30
2008.11.17 01:14:11.530,1.25335,1.25355,1.00,5.70
2008.11.17 01:14:12.969,1.25335,1.2535,1.00,3.30
2008.11.17 01:14:13.089,1.25335,1.2535,1.00,5.70
2008.11.17 01:14:13.269,1.25335,1.25355,1.00,5.70
2008.11.17 01:14:21.058,1.2532,1.2534,3.40,1.80
2008.11.17 01:14:21.517,1.2533,1.2534,4.90,1.20
2008.11.17 01:14:21.757,1.25335,1.25345,1.00,5.10
2008.11.17 01:14:22.027,1.25335,1.2536,1.00,5.70
2008.11.17 01:14:23.367,1.2534,1.25355,1.00,5.70
2008.11.17 01:14:23.777,1.2534,1.25355,1.00,3.30
2008.11.17 01:14:23.897,1.2534,1.2536,1.00,8.70
2008.11.17 01:14:24.357,1.2534,1.25355,1.00,2.40
2008.11.17 01:14:24.657,1.25335,1.2535,1.00,1.80
2008.11.17 01:14:55.279,1.2535,1.25355,1.00,1.80
2008.11.17 01:14:55.639,1.2535,1.2536,1.00,1.20
2008.11.17 01:14:55.999,1.25355,1.25375,1.00,5.70
2008.11.17 01:14:56.239,1.2535,1.25375,4.90,5.70
2008.11.17 01:14:57.209,1.25355,1.2538,4.90,5.70
2008.11.17 01:14:57.439,1.25355,1.2538,5.50,5.70
2008.11.17 01:14:57.499,1.25365,1.2538,1.00,5.70
2008.11.17 01:14:58.309,1.25355,1.2538,4.90,5.70
2008.11.17 01:15:01.018,1.2535,1.25375,4.90,5.70
2008.11.17 01:15:01.938,1.25355,1.25375,1.60,3.30
2008.11.17 01:15:01.998,1.25355,1.2538,5.50,5.70
2008.11.17 01:15:02.238,1.25365,1.2538,1.00,5.70
2008.11.17 01:15:07.446,1.25365,1.25385,1.00,5.70
2008.11.17 01:15:07.616,1.2537,1.25385,1.00,5.70
2008.11.17 01:15:12.965,1.25375,1.25385,1.00,3.30
2008.11.17 01:15:13.015,1.25375,1.2539,1.00,7.50
2008.11.17 01:15:14.755,1.25375,1.25385,1.00,5.70
2008.11.17 01:15:15.095,1.2537,1.25385,1.00,7.50
2008.11.17 01:15:15.524,1.2537,1.2539,2.20,7.50
2008.11.17 01:15:15.935,1.25375,1.2539,1.00,7.50
2008.11.17 01:15:23.683,1.25375,1.25385,1.00,5.70
2008.11.17 01:15:23.922,1.2537,1.25385,6.30,5.70
2008.11.17 01:15:24.253,1.2537,1.25385,1.00,5.70
2008.11.17 01:15:27.682,1.2537,1.2538,1.00,1.80
2008.11.17 01:15:27.922,1.25365,1.2538,1.00,1.80
2008.11.17 01:15:28.261,1.25365,1.2538,1.00,5.10
2008.11.17 01:15:29.671,1.25365,1.2538,1.00,3.90
2008.11.17 01:15:30.281,1.25365,1.2538,1.00,6.30
2008.11.17 01:15:30.691,1.25365,1.2538,1.00,7.00
2008.11.17 01:15:34.320,1.25365,1.2538,1.00,4.60
2008.11.17 01:15:34.740,1.2537,1.25385,1.00,7.00
2008.11.17 01:15:45.558,1.2536,1.2538,2.20,7.00
2008.11.17 01:15:45.917,1.25365,1.2538,1.00,7.00
2008.11.17 01:15:46.217,1.25365,1.2538,1.00,1.20
2008.11.17 01:15:53.626,1.25365,1.2538,1.00,6.90
2008.11.17 01:15:54.726,1.25365,1.2538,1.00,6.90
2008.11.17 01:16:07.042,1.2536,1.25375,1.80,1.20
2008.11.17 01:16:18.559,1.2536,1.25375,5.50,1.20
2008.11.17 01:16:18.789,1.2536,1.25375,6.70,1.20
2008.11.17 01:16:22.718,1.2536,1.2538,6.70,2.40
2008.11.17 01:16:22.838,1.2536,1.2538,6.70,1.20
2008.11.17 01:16:29.027,1.2537,1.25385,1.80,4.50
2008.11.17 01:16:29.187,1.2537,1.25385,1.80,1.20
2008.11.17 01:16:37.585,1.2537,1.25385,2.80,1.20
2008.11.17 01:16:37.645,1.2537,1.2539,2.80,5.70
2008.11.17 01:16:37.765,1.25375,1.2539,1.80,4.50
2008.11.17 01:16:37.885,1.25375,1.2539,1.80,1.20
2008.11.17 01:16:41.304,1.2538,1.25395,1.80,1.20
2008.11.17 01:16:45.123,1.2538,1.25395,2.80,1.20
2008.11.17 01:16:45.423,1.25385,1.254,1.80,1.20
2008.11.17 01:16:47.742,1.2539,1.254,1.80,1.20
2008.11.17 01:16:47.852,1.25395,1.254,3.70,1.20
2008.11.17 01:16:47.972,1.2539,1.254,6.70,1.20
2008.11.17 01:16:48.092,1.254,1.2541,1.00,1.20
2008.11.17 01:16:48.152,1.254,1.2542,4.90,6.30
2008.11.17 01:16:48.272,1.254,1.2541,4.90,5.10
2008.11.17 01:16:48.572,1.254,1.25425,4.90,5.70
2008.11.17 01:16:49.042,1.2539,1.25415,12.60,5.70
2008.11.17 01:16:49.552,1.25405,1.25415,5.80,5.70
2008.11.17 01:16:50.241,1.25395,1.25415,6.90,3.30
2008.11.17 01:16:50.542,1.25395,1.25425,4.90,5.70
2008.11.17 01:16:52.321,1.25405,1.25425,1.00,3.30
2008.11.17 01:16:52.551,1.25405,1.2543,4.90,6.90
2008.11.17 01:16:52.601,1.25405,1.25425,4.90,1.20
2008.11.17 01:16:54.321,1.25405,1.2543,4.90,6.90
2008.11.17 01:16:54.601,1.254,1.25425,4.90,5.70
2008.11.17 01:16:56.580,1.254,1.25425,6.90,5.70
2008.11.17 01:16:56.750,1.25395,1.25425,4.90,5.70
2008.11.17 01:17:00.179,1.25395,1.2542,4.90,2.40
2008.11.17 01:17:00.519,1.25395,1.2542,4.90,5.70
2008.11.17 01:17:00.869,1.2539,1.25415,4.90,5.70
2008.11.17 01:17:06.938,1.25395,1.25415,1.60,3.30
2008.11.17 01:17:07.158,1.25395,1.2542,5.40,5.70
2008.11.17 01:17:12.436,1.254,1.2542,2.80,3.30
2008.11.17 01:17:12.606,1.254,1.25425,7.20,5.70
2008.11.17 01:17:19.785,1.25395,1.2542,5.40,5.70
2008.11.17 01:17:20.134,1.25395,1.25415,4.30,2.40
2008.11.17 01:17:20.415,1.25395,1.2542,4.90,5.70
2008.11.17 01:17:22.414,1.2541,1.2542,3.70,2.40
2008.11.17 01:17:22.534,1.2541,1.2542,5.40,5.10
2008.11.17 01:17:22.754,1.2541,1.2543,7.20,1.20
2008.11.17 01:17:22.984,1.2541,1.25425,4.30,2.40
2008.11.17 01:17:23.154,1.254,1.25425,12.00,5.70
2008.11.17 01:17:23.324,1.254,1.25425,4.90,5.70
2008.11.17 01:17:25.853,1.25395,1.2542,4.90,5.70
2008.11.17 01:17:36.741,1.2541,1.2543,3.70,2.40
2008.11.17 01:17:36.921,1.2541,1.25435,4.90,5.70
2008.11.17 01:17:42.279,1.25405,1.2543,5.40,5.70
2008.11.17 01:17:54.766,1.2542,1.2544,5.40,1.20
2008.11.17 01:17:55.006,1.25425,1.25445,1.80,9.90
2008.11.17 01:17:55.226,1.25425,1.25445,10.30,1.20
2008.11.17 01:17:55.676,1.2543,1.2545,1.80,9.90
2008.11.17 01:17:56.026,1.2542,1.25435,8.70,3.30
2008.11.17 01:17:56.416,1.2543,1.25435,5.80,5.70
2008.11.17 01:17:56.596,1.25415,1.25435,1.00,3.30
2008.11.17 01:17:56.866,1.2541,1.25435,4.90,5.70
2008.11.17 01:17:57.096,1.25425,1.2544,3.70,2.40
2008.11.17 01:17:57.326,1.25425,1.2545,5.40,6.30
2008.11.17 01:17:57.796,1.25425,1.25455,5.40,5.70
2008.11.17 01:17:58.086,1.25425,1.25455,7.20,5.70
2008.11.17 01:18:01.245,1.2544,1.2546,1.80,6.90
2008.11.17 01:18:02.005,1.25435,1.25455,8.50,3.60
2008.11.17 01:18:02.304,1.25435,1.25455,4.80,6.90
2008.11.17 01:18:02.574,1.25435,1.25455,1.80,6.90
2008.11.17 01:18:14.081,1.25435,1.25455,1.80,4.50
2008.11.17 01:18:15.001,1.25435,1.25455,6.70,1.20
2008.11.17 01:18:15.591,1.2544,1.2546,6.70,5.40
2008.11.17 01:18:15.941,1.2544,1.2546,6.70,1.20
2008.11.17 01:18:16.241,1.2544,1.2546,1.80,6.90
2008.11.17 01:18:16.641,1.25445,1.2546,1.80,5.70
2008.11.17 01:18:17.031,1.2544,1.2546,10.20,1.20
2008.11.17 01:18:17.481,1.2544,1.2546,6.70,1.20
2008.11.17 01:18:17.651,1.2544,1.2546,1.80,6.90
2008.11.17 01:18:25.569,1.2544,1.2546,2.80,4.50
2008.11.17 01:18:25.859,1.2544,1.2546,2.80,3.30
2008.11.17 01:18:26.208,1.25455,1.25475,4.90,1.20
2008.11.17 01:18:26.558,1.25455,1.25475,1.60,3.30
2008.11.17 01:18:26.969,1.25455,1.25475,6.90,3.30
2008.11.17 01:18:27.258,1.2546,1.2548,3.70,2.40
2008.11.17 01:18:27.488,1.2546,1.25485,4.90,5.70
2008.11.17 01:18:29.218,1.25455,1.2548,5.40,5.70
2008.11.17 01:18:30.008,1.2546,1.2548,3.40,3.30
2008.11.17 01:18:30.367,1.2546,1.25485,7.20,5.70
2008.11.17 01:18:31.887,1.2546,1.2548,7.20,1.20
2008.11.17 01:18:32.287,1.2546,1.2548,1.80,6.90
2008.11.17 01:18:34.317,1.2547,1.2548,8.40,1.20
2008.11.17 01:18:34.657,1.25475,1.25495,1.80,8.10
2008.11.17 01:18:35.006,1.25475,1.25495,1.80,6.90
2008.11.17 01:18:36.156,1.2547,1.2548,3.40,1.20
2008.11.17 01:18:36.456,1.2546,1.2548,7.60,6.90
2008.11.17 01:18:36.806,1.2546,1.2548,1.80,6.90
2008.11.17 01:18:40.135,1.2546,1.25475,1.80,5.70
2008.11.17 01:18:40.587,1.2545,1.25475,13.20,5.70
2008.11.17 01:18:40.925,1.2545,1.2547,6.30,6.90
2008.11.17 01:18:41.325,1.2544,1.25465,7.20,5.70
2008.11.17 01:18:42.984,1.2544,1.2546,1.80,6.90
2008.11.17 01:18:45.504,1.2544,1.2546,6.70,1.20
2008.11.17 01:18:45.784,1.2544,1.25465,7.20,5.70
2008.11.17 01:18:46.744,1.25445,1.2547,4.90,5.70
2008.11.17 01:18:47.093,1.25445,1.2547,5.40,5.70
2008.11.17 01:18:54.252,1.2545,1.25465,5.80,5.70
2008.11.17 01:18:54.672,1.2544,1.25465,7.20,5.70
2008.11.17 01:19:01.880,1.2545,1.25465,1.00,3.30
2008.11.17 01:19:02.221,1.25455,1.25475,6.70,10.20
2008.11.17 01:19:02.390,1.2546,1.2548,1.80,12.00
2008.11.17 01:19:02.560,1.2546,1.2548,1.80,6.90
2008.11.17 01:19:07.049,1.25465,1.25485,1.80,6.90
2008.11.17 01:19:14.557,1.25465,1.25485,2.80,4.50
2008.11.17 01:19:14.837,1.2547,1.25485,4.90,1.20
2008.11.17 01:19:15.117,1.25475,1.25495,1.80,6.90
2008.11.17 01:19:18.086,1.25475,1.25495,1.20,6.90
2008.11.17 01:19:18.416,1.25475,1.2549,1.20,2.40
2008.11.17 01:19:18.586,1.25475,1.2549,4.60,5.70
2008.11.17 01:19:18.986,1.25485,1.25505,1.20,9.90
2008.11.17 01:19:19.346,1.25485,1.25505,1.80,6.90
2008.11.17 01:19:25.644,1.2549,1.25505,6.30,5.70
2008.11.17 01:19:26.004,1.255,1.2552,1.80,6.90
2008.11.17 01:19:26.524,1.255,1.25515,1.80,5.70
2008.11.17 01:19:26.884,1.25505,1.25525,1.80,9.90
2008.11.17 01:19:27.295,1.25505,1.2551,1.20,1.20
2008.11.17 01:19:27.634,1.2548,1.2551,6.70,1.20
2008.11.17 01:19:30.413,1.25485,1.25505,7.30,1.20
2008.11.17 01:19:30.633,1.2549,1.25505,4.90,1.20
2008.11.17 01:19:30.963,1.2549,1.25515,7.20,5.70
2008.11.17 01:19:31.123,1.25495,1.2552,4.90,8.10
2008.11.17 01:19:32.172,1.2549,1.2551,1.80,6.90
2008.11.17 01:19:32.513,1.25485,1.25505,9.70,1.20
2008.11.17 01:19:32.853,1.25485,1.25505,6.70,1.20
2008.11.17 01:19:33.963,1.25495,1.2551,1.00,4.50
2008.11.17 01:19:34.142,1.25495,1.2551,3.70,1.20
2008.11.17 01:19:34.312,1.2549,1.25515,7.20,5.70
2008.11.17 01:19:36.102,1.2549,1.2551,5.50,3.60
2008.11.17 01:19:36.452,1.25485,1.25505,9.70,1.20
2008.11.17 01:19:36.852,1.25485,1.25505,6.70,1.20
2008.11.17 01:19:37.891,1.255,1.2551,1.80,1.20
2008.11.17 01:19:38.061,1.255,1.2552,1.80,6.90
2008.11.17 01:19:38.301,1.2549,1.2552,10.20,6.90
2008.11.17 01:19:38.531,1.25495,1.2552,4.90,8.10
2008.11.17 01:19:39.121,1.255,1.2553,7.20,13.20
2008.11.17 01:19:39.411,1.255,1.25525,6.10,2.40
2008.11.17 01:19:39.752,1.255,1.2552,7.20,1.20
2008.11.17 01:19:40.041,1.25505,1.25525,4.90,1.20
2008.11.17 01:19:40.340,1.25505,1.2553,5.40,5.70
2008.11.17 01:19:40.971,1.2551,1.25535,5.40,5.70
2008.11.17 01:19:41.320,1.2551,1.25535,4.90,6.90
2008.11.17 01:19:41.730,1.2551,1.25535,7.20,5.70
2008.11.17 01:19:42.600,1.2551,1.25535,6.60,5.70
2008.11.17 01:19:43.580,1.2551,1.2553,6.60,1.20
2008.11.17 01:19:43.640,1.2551,1.2553,7.20,1.20
2008.11.17 01:19:43.760,1.2551,1.2553,6.70,1.20
2008.11.17 01:19:48.539,1.2551,1.2553,2.80,4.60
2008.11.17 01:19:48.699,1.2551,1.2553,1.80,7.00
2008.11.17 01:19:56.457,1.25505,1.2553,4.90,8.20
2008.11.17 01:19:56.677,1.255,1.2552,1.80,6.90
2008.11.17 01:19:56.967,1.25495,1.2552,9.70,8.20
2008.11.17 01:19:57.427,1.25495,1.2552,6.70,8.20
2008.11.17 01:19:58.936,1.25495,1.25515,5.50,3.60
2008.11.17 01:19:59.046,1.25495,1.25515,1.80,6.90
2008.11.17 01:19:59.226,1.25485,1.2551,13.80,1.20
2008.11.17 01:19:59.806,1.25495,1.25515,1.60,3.30
2008.11.17 01:20:00.156,1.255,1.25515,5.80,5.70
2008.11.17 01:20:00.426,1.2549,1.25515,10.80,5.70
2008.11.17 01:20:00.726,1.2549,1.25515,4.90,5.70
2008.11.17 01:20:04.585,1.2549,1.25505,3.70,2.40
2008.11.17 01:20:04.695,1.2548,1.25505,12.60,6.90
2008.11.17 01:20:04.915,1.2548,1.255,6.70,1.20
2008.11.17 01:20:05.265,1.2548,1.255,1.80,1.20
2008.11.17 01:20:06.884,1.25485,1.25505,4.90,1.20
2008.11.17 01:20:07.174,1.25485,1.2551,5.40,5.70
2008.11.17 01:20:07.464,1.2548,1.255,7.60,1.20
2008.11.17 01:20:08.174,1.2548,1.255,1.80,1.20
2008.11.17 01:20:08.394,1.2548,1.255,1.80,4.60
2008.11.17 01:20:08.634,1.25475,1.25495,5.20,1.20
2008.11.17 01:20:08.754,1.25475,1.25495,4.80,1.20
2008.11.17 01:20:09.214,1.25475,1.25495,1.80,1.20
2008.11.17 01:20:17.302,1.25475,1.25495,1.80,7.00
2008.11.17 01:20:17.542,1.25475,1.25495,1.80,8.20
2008.11.17 01:20:17.762,1.2547,1.25485,14.80,1.20
2008.11.17 01:20:17.992,1.2547,1.25485,11.80,4.80
2008.11.17 01:20:18.212,1.2547,1.2548,11.80,1.20
2008.11.17 01:20:18.502,1.2546,1.2548,1.80,1.20
2008.11.17 01:20:18.791,1.2545,1.2547,8.10,5.70
2008.11.17 01:20:19.071,1.2545,1.25465,6.30,5.70
2008.11.17 01:20:19.461,1.2545,1.25465,5.80,5.70
2008.11.17 01:20:20.521,1.25465,1.2548,1.80,5.70
2008.11.17 01:20:21.311,1.2546,1.25475,5.20,5.70
2008.11.17 01:20:21.711,1.2546,1.2547,1.80,5.70
2008.11.17 01:20:22.101,1.2545,1.25465,6.30,5.70
2008.11.17 01:20:22.440,1.2545,1.25465,5.80,5.70
2008.11.17 01:20:22.670,1.2545,1.2546,5.80,5.70
2008.11.17 01:20:22.900,1.2544,1.2546,8.10,5.70
2008.11.17 01:20:23.071,1.2544,1.2546,2.20,5.70
2008.11.17 01:20:24.510,1.2544,1.2546,3.40,3.30
2008.11.17 01:20:24.630,1.2545,1.25465,1.80,5.70
2008.11.17 01:20:26.050,1.2545,1.2546,1.80,5.70
2008.11.17 01:20:26.349,1.25445,1.2546,4.80,5.70
2008.11.17 01:20:26.619,1.2544,1.25455,5.20,5.70
2008.11.17 01:20:27.029,1.2544,1.25455,1.80,5.70
2008.11.17 01:20:27.379,1.2543,1.2545,8.10,5.70
2008.11.17 01:20:27.620,1.2543,1.2545,2.20,5.70
2008.11.17 01:20:27.849,1.2544,1.25445,1.80,5.70
2008.11.17 01:20:27.969,1.2543,1.25445,4.00,3.30
2008.11.17 01:20:28.139,1.25435,1.25455,3.40,5.70
2008.11.17 01:20:28.470,1.2543,1.2545,11.10,3.30
2008.11.17 01:20:28.749,1.2543,1.25445,7.00,3.30
2008.11.17 01:20:28.979,1.2543,1.25445,5.80,3.30
2008.11.17 01:20:34.438,1.2543,1.2544,5.80,3.30
2008.11.17 01:20:35.238,1.25405,1.25435,10.80,3.30
2008.11.17 01:20:35.468,1.25405,1.25435,9.60,5.70
2008.11.17 01:20:35.767,1.25415,1.2543,5.80,3.30
2008.11.17 01:20:35.998,1.25405,1.2543,8.10,3.30
2008.11.17 01:20:36.337,1.2541,1.2543,2.20,3.30
2008.11.17 01:20:41.696,1.2541,1.2543,2.20,5.70
2008.11.17 01:20:42.036,1.2541,1.25425,1.80,3.30
2008.11.17 01:20:43.446,1.2541,1.2543,1.80,7.00
2008.11.17 01:20:45.285,1.25405,1.25425,5.20,1.20
2008.11.17 01:20:45.765,1.25405,1.25425,4.80,1.20
2008.11.17 01:20:46.095,1.25405,1.25425,1.80,1.20
2008.11.17 01:20:53.133,1.2541,1.2543,1.80,7.00
2008.11.17 01:20:54.403,1.2541,1.2543,1.80,1.20
2008.11.17 01:21:00.521,1.2541,1.2543,1.80,3.60
2008.11.17 01:21:00.871,1.2541,1.2543,1.80,7.00
2008.11.17 01:21:02.721,1.2541,1.2543,1.80,6.90
2008.11.17 01:21:03.731,1.2541,1.2543,1.80,6.90
2008.11.17 01:21:04.410,1.2541,1.2543,2.80,4.50
2008.11.17 01:21:04.581,1.25415,1.25435,1.80,6.90
2008.11.17 01:21:07.720,1.25415,1.25435,2.80,4.50
2008.11.17 01:21:07.840,1.2542,1.2544,1.80,6.90
2008.11.17 01:21:16.648,1.2541,1.25435,8.40,2.40
2008.11.17 01:21:16.937,1.2542,1.2544,1.80,6.90
2008.11.17 01:21:17.277,1.25415,1.25435,4.60,5.70
2008.11.17 01:21:17.378,1.25415,1.25435,1.00,5.70
2008.11.17 01:21:17.497,1.2541,1.25435,7.20,5.70
2008.11.17 01:21:18.857,1.2542,1.25435,1.80,3.30
2008.11.17 01:21:19.037,1.2542,1.2544,1.80,6.90
2008.11.17 01:21:31.964,1.2542,1.2543,1.80,1.20
2008.11.17 01:21:34.673,1.2542,1.25435,1.80,2.40
2008.11.17 01:21:34.783,1.2542,1.2544,1.80,8.10
2008.11.17 01:21:34.893,1.2542,1.2544,1.80,6.90
2008.11.17 01:21:35.283,1.2542,1.2544,1.80,6.90
2008.11.17 01:21:36.483,1.2542,1.2544,1.80,6.90
2008.11.17 01:21:43.561,1.25425,1.2544,3.60,1.20
2008.11.17 01:21:43.721,1.25425,1.2544,4.30,1.80
2008.11.17 01:21:44.061,1.25425,1.2544,8.40,1.80
2008.11.17 01:21:44.911,1.25425,1.2544,6.60,1.80
2008.11.17 01:21:50.559,1.2542,1.2544,5.20,7.50
2008.11.17 01:21:50.789,1.25415,1.2544,15.00,7.50
2008.11.17 01:21:51.029,1.25415,1.2544,12.60,7.50
2008.11.17 01:21:51.209,1.25415,1.25435,3.60,5.70
2008.11.17 01:21:51.559,1.25405,1.25435,12.60,5.70
2008.11.17 01:21:54.108,1.2541,1.25435,17.80,3.30
2008.11.17 01:21:54.218,1.25415,1.2544,8.50,8.70
2008.11.17 01:21:54.388,1.25415,1.2544,9.00,7.50
2008.11.17 01:21:56.118,1.25415,1.2544,9.00,7.50
2008.11.17 01:21:56.348,1.25415,1.25435,3.40,5.70
2008.11.17 01:21:56.588,1.25405,1.25435,12.60,5.70
2008.11.17 01:22:01.117,1.2541,1.2542,1.80,1.80
2008.11.17 01:22:02.226,1.2541,1.2542,1.80,4.20
2008.11.17 01:22:02.456,1.2541,1.25415,3.00,2.40
2008.11.17 01:22:02.676,1.25395,1.2542,9.00,7.50
2008.11.17 01:22:03.026,1.25395,1.2542,7.80,7.50
2008.11.17 01:22:03.136,1.25395,1.2541,6.70,2.40
2008.11.17 01:22:03.246,1.25385,1.2541,11.20,3.30
2008.11.17 01:22:03.366,1.25385,1.25415,11.40,5.70
2008.11.17 01:22:03.486,1.25375,1.254,25.20,1.20
2008.11.17 01:22:03.646,1.25375,1.2539,16.20,1.80
2008.11.17 01:22:03.936,1.25375,1.2539,10.30,1.80
2008.11.17 01:22:04.286,1.25375,1.2539,11.50,1.80
2008.11.17 01:22:05.636,1.25385,1.2539,1.00,1.80
2008.11.17 01:22:05.865,1.2539,1.25415,1.80,12.60
2008.11.17 01:22:06.156,1.2539,1.25415,1.80,7.50
2008.11.17 01:22:06.436,1.2539,1.2542,6.70,6.90
2008.11.17 01:22:06.715,1.2539,1.2542,7.20,5.70
2008.11.17 01:22:16.503,1.254,1.25415,1.80,1.20
2008.11.17 01:22:16.983,1.254,1.25425,1.80,13.50
2008.11.17 01:22:18.662,1.254,1.2542,2.80,5.10
2008.11.17 01:22:18.772,1.254,1.2543,7.20,13.80
2008.11.17 01:22:19.122,1.254,1.25425,6.70,5.70
2008.11.17 01:22:19.472,1.254,1.25425,4.90,5.70
2008.11.17 01:22:19.642,1.25395,1.2542,4.90,5.70
2008.11.17 01:22:41.067,1.254,1.25425,4.90,5.70
2008.11.17 01:22:41.627,1.25405,1.25425,3.70,2.40
2008.11.17 01:22:41.987,1.25405,1.2543,5.40,5.70
2008.11.17 01:22:42.507,1.2541,1.25435,4.90,5.70
2008.11.17 01:22:43.607,1.2541,1.25435,4.90,5.70
2008.11.17 01:22:43.956,1.2541,1.25435,4.90,6.90
2008.11.17 01:22:44.066,1.2541,1.25435,7.00,6.90
2008.11.17 01:22:44.186,1.25405,1.2543,5.50,2.40
2008.11.17 01:22:46.306,1.25405,1.2543,6.70,2.40
2008.11.17 01:22:46.596,1.2541,1.25435,1.60,5.70
2008.11.17 01:22:47.056,1.2541,1.25435,4.90,6.90
2008.11.17 01:22:47.405,1.25415,1.2542,4.30,1.80
2008.11.17 01:22:47.676,1.25415,1.2542,1.00,1.80
2008.11.17 01:22:47.945,1.2541,1.2542,1.80,1.80
2008.11.17 01:22:48.276,1.2541,1.2543,1.80,8.70
2008.11.17 01:22:48.615,1.25405,1.2543,5.50,7.50
2008.11.17 01:22:48.835,1.25405,1.2543,4.30,7.50
2008.11.17 01:22:49.245,1.25405,1.2543,5.50,5.70
2008.11.17 01:22:51.744,1.2541,1.25435,3.70,6.90
2008.11.17 01:22:57.923,1.2541,1.25435,4.90,6.90
2008.11.17 01:23:00.153,1.25405,1.2543,4.90,3.00
2008.11.17 01:23:00.493,1.2541,1.25435,1.00,6.90
2008.11.17 01:23:00.842,1.2541,1.25435,4.90,6.90
2008.11.17 01:23:11.230,1.25405,1.2543,5.50,3.30
2008.11.17 01:23:11.520,1.25405,1.2543,4.90,4.50
2008.11.17 01:23:11.800,1.25405,1.2543,4.90,6.30
2008.11.17 01:23:12.150,1.2541,1.2543,4.90,1.20
2008.11.17 01:23:12.430,1.2541,1.25435,3.70,6.90
2008.11.17 01:23:19.208,1.2541,1.2542,3.70,3.00
2008.11.17 01:23:19.328,1.25385,1.2541,17.40,1.80
2008.11.17 01:23:19.688,1.25385,1.2541,11.40,1.80
2008.11.17 01:23:20.098,1.2539,1.25415,3.70,1.20
2008.11.17 01:23:20.438,1.254,1.25405,4.90,1.20
2008.11.17 01:23:20.828,1.254,1.2541,6.10,5.10
2008.11.17 01:23:21.107,1.254,1.25425,6.10,5.70
2008.11.17 01:23:21.447,1.254,1.25425,4.90,1.20
2008.11.17 01:23:21.727,1.254,1.25425,4.90,3.60
2008.11.17 01:23:22.017,1.254,1.25425,4.90,6.90
2008.11.17 01:23:27.216,1.25395,1.2542,5.50,1.80
2008.11.17 01:23:27.606,1.25395,1.2542,4.90,3.00
2008.11.17 01:23:35.194,1.25395,1.2542,4.90,5.40
2008.11.17 01:23:35.374,1.25395,1.2542,4.90,8.70
2008.11.17 01:23:44.642,1.25395,1.2542,4.90,6.30
2008.11.17 01:23:44.872,1.25395,1.2542,4.90,3.00
2008.11.17 01:23:50.130,1.254,1.25425,4.90,3.30
2008.11.17 01:23:50.641,1.25405,1.25425,1.00,3.30
2008.11.17 01:23:51.000,1.25405,1.2543,4.90,5.70
2008.11.17 01:23:56.079,1.25405,1.2543,5.50,3.30
2008.11.17 01:23:56.359,1.2541,1.25435,3.70,6.90
2008.11.17 01:23:57.699,1.2541,1.25435,4.90,6.90
2008.11.17 01:23:59.108,1.2541,1.25435,3.70,6.90
2008.11.17 01:23:59.228,1.25405,1.25435,5.50,6.90
2008.11.17 01:23:59.468,1.25405,1.25435,4.90,5.70
2008.11.17 01:24:00.358,1.25405,1.25435,5.50,6.90
2008.11.17 01:24:01.188,1.2541,1.25435,4.90,5.70
2008.11.17 01:24:01.887,1.2541,1.2544,4.90,5.70
2008.11.17 01:24:03.077,1.25415,1.2544,1.00,5.70
2008.11.17 01:24:03.707,1.25415,1.2544,4.90,5.70
2008.11.17 01:24:04.857,1.2541,1.2544,4.90,5.70
2008.11.17 01:24:08.086,1.25415,1.2544,4.90,5.70
2008.11.17 01:24:09.576,1.25405,1.2543,4.90,1.80
2008.11.17 01:24:15.704,1.254,1.2543,4.90,13.50
2008.11.17 01:24:17.244,1.254,1.2543,6.70,13.50
2008.11.17 01:24:17.424,1.254,1.2543,7.30,7.50
2008.11.17 01:24:18.284,1.254,1.2543,4.90,13.50
2008.11.17 01:24:20.143,1.254,1.25425,4.90,5.70
2008.11.17 01:24:26.122,1.25405,1.25425,1.00,3.30
2008.11.17 01:24:26.412,1.25405,1.2543,4.90,5.70
2008.11.17 01:24:26.752,1.25405,1.25435,4.90,5.70
2008.11.17 01:24:30.571,1.2541,1.25435,4.90,3.30
2008.11.17 01:24:30.861,1.25415,1.2544,3.70,5.70
2008.11.17 01:24:31.880,1.25415,1.2544,3.70,13.50
2008.11.17 01:24:32.210,1.25405,1.25435,4.90,5.70
2008.11.17 01:24:32.560,1.2541,1.25435,1.00,3.30
2008.11.17 01:24:32.950,1.2541,1.25435,4.90,3.30
2008.11.17 01:24:33.120,1.25415,1.25435,1.00,3.30
2008.11.17 01:24:33.290,1.25415,1.2544,4.90,13.50
2008.11.17 01:24:33.520,1.25415,1.2544,4.90,7.50
2008.11.17 01:24:33.700,1.25415,1.2544,3.70,13.50
2008.11.17 01:24:33.820,1.2541,1.2544,4.90,13.50
2008.11.17 01:24:34.520,1.2541,1.2544,4.90,11.70
2008.11.17 01:24:34.740,1.25415,1.2544,4.90,5.70
2008.11.17 01:24:49.146,1.25415,1.2544,3.70,5.70
2008.11.17 01:24:49.326,1.2541,1.2544,4.90,5.70
2008.11.17 01:24:55.645,1.25415,1.2544,4.90,5.70
2008.11.17 01:24:59.004,1.2542,1.2544,3.40,3.30
2008.11.17 01:24:59.124,1.2542,1.25445,7.30,5.70
2008.11.17 01:25:00.143,1.25425,1.2545,4.90,7.50
2008.11.17 01:25:02.593,1.25425,1.2545,4.90,8.70
2008.11.17 01:25:07.542,1.25425,1.25455,5.50,6.90
2008.11.17 01:25:07.772,1.25435,1.25455,1.00,4.50
2008.11.17 01:25:07.892,1.25435,1.2546,4.90,8.70
2008.11.17 01:25:20.629,1.2544,1.2546,1.60,6.30
2008.11.17 01:25:20.968,1.2544,1.2546,6.70,1.80
2008.11.17 01:25:37.425,1.2544,1.2546,5.50,1.80
2008.11.17 01:25:37.784,1.25435,1.2546,8.50,3.00
2008.11.17 01:25:38.085,1.25435,1.2546,4.90,3.00
2008.11.17 01:25:57.569,1.25445,1.2546,1.00,3.00
2008.11.17 01:25:57.799,1.2545,1.2546,1.80,1.80
2008.11.17 01:25:58.160,1.2545,1.2547,1.80,1.80
2008.11.17 01:25:58.549,1.2546,1.25475,1.00,4.50
2008.11.17 01:25:58.650,1.2546,1.2548,4.90,1.80
2008.11.17 01:25:58.879,1.2546,1.25485,4.90,6.90
2008.11.17 01:26:01.759,1.2546,1.2548,3.70,1.20
2008.11.17 01:26:01.999,1.25455,1.2548,4.90,6.30
2008.11.17 01:26:21.434,1.2546,1.2548,1.00,6.30
2008.11.17 01:26:21.834,1.2546,1.25485,4.90,4.50
2008.11.17 01:26:22.114,1.25465,1.25485,4.90,1.20
2008.11.17 01:26:22.394,1.25465,1.2549,5.50,5.70
2008.11.17 01:26:22.684,1.25475,1.25495,1.00,4.50
2008.11.17 01:26:22.974,1.25475,1.255,4.90,5.70
2008.11.17 01:26:23.203,1.2548,1.25505,4.90,5.70
2008.11.17 01:26:23.713,1.25475,1.255,4.90,5.70
2008.11.17 01:26:26.533,1.2547,1.25495,4.90,6.90
2008.11.17 01:26:32.881,1.2547,1.25495,4.90,5.70
2008.11.17 01:26:33.051,1.25475,1.255,4.90,5.70
2008.11.17 01:26:38.040,1.2548,1.25505,4.90,5.70
2008.11.17 01:26:38.320,1.25485,1.25505,1.00,3.30
2008.11.17 01:26:38.500,1.25485,1.25515,4.90,5.70
2008.11.17 01:26:38.710,1.2549,1.2552,4.90,13.50
2008.11.17 01:26:39.290,1.2549,1.25515,4.90,5.70
2008.11.17 01:26:39.589,1.25495,1.2552,4.90,11.70
2008.11.17 01:26:39.860,1.25495,1.2552,4.90,5.70
2008.11.17 01:26:42.869,1.25495,1.2552,4.90,3.30
2008.11.17 01:26:43.219,1.255,1.2552,7.00,3.30
2008.11.17 01:26:43.978,1.255,1.25525,4.90,5.70
2008.11.17 01:26:44.968,1.255,1.2552,3.70,2.40
2008.11.17 01:26:45.198,1.25495,1.2552,4.90,5.70
2008.11.17 01:26:55.096,1.25495,1.2552,4.90,3.30
2008.11.17 01:26:55.636,1.255,1.25525,3.70,5.70
2008.11.17 01:26:55.816,1.255,1.25525,4.90,5.70
2008.11.17 01:26:56.745,1.25495,1.2552,4.90,5.70
2008.11.17 01:27:12.731,1.25495,1.25515,3.70,2.40
2008.11.17 01:27:12.901,1.2549,1.25515,4.90,5.70
2008.11.17 01:27:13.191,1.2549,1.25515,4.90,3.30
2008.11.17 01:27:13.362,1.2549,1.25515,4.90,5.70
2008.11.17 01:27:13.601,1.2549,1.25515,4.90,3.30
2008.11.17 01:27:13.771,1.25495,1.2552,3.70,5.70
2008.11.17 01:27:17.060,1.2549,1.25515,4.90,5.70
2008.11.17 01:27:17.620,1.25495,1.2552,4.90,5.70
2008.11.17 01:27:19.120,1.25505,1.2552,1.00,3.30
2008.11.17 01:27:19.230,1.2551,1.2553,4.90,11.10
2008.11.17 01:27:19.410,1.25515,1.2553,1.00,11.10
2008.11.17 01:27:19.630,1.25515,1.2553,4.90,11.10
2008.11.17 01:27:19.800,1.25515,1.2552,5.50,5.10
2008.11.17 01:27:19.920,1.2552,1.25535,3.70,9.10
2008.11.17 01:27:20.090,1.2552,1.25555,4.90,5.70
2008.11.17 01:27:20.480,1.2552,1.2555,3.70,2.40
2008.11.17 01:27:20.760,1.2552,1.25555,4.90,5.70
2008.11.17 01:27:21.180,1.2553,1.2555,6.70,6.00
2008.11.17 01:27:21.640,1.2553,1.25555,6.70,5.70
2008.11.17 01:27:22.039,1.2554,1.25565,4.90,5.70
2008.11.17 01:27:28.068,1.2554,1.2556,4.90,1.80
2008.11.17 01:27:28.188,1.2554,1.2556,3.70,4.20
2008.11.17 01:27:28.518,1.25535,1.2556,4.90,7.50
2008.11.17 01:27:29.738,1.2555,1.2556,1.80,1.80
2008.11.17 01:27:29.907,1.2555,1.25565,1.80,6.90
2008.11.17 01:27:30.067,1.2555,1.2557,1.80,7.90
2008.11.17 01:27:30.247,1.2555,1.2557,1.80,7.50
2008.11.17 01:27:31.227,1.2555,1.2557,1.80,5.10
2008.11.17 01:27:31.567,1.2555,1.2557,1.80,3.30
2008.11.17 01:27:31.927,1.2555,1.2557,6.70,1.80
2008.11.17 01:27:34.036,1.2555,1.2557,5.50,4.20
2008.11.17 01:27:34.156,1.25545,1.2557,4.90,7.50
2008.11.17 01:27:35.726,1.2554,1.25565,4.90,5.70
2008.11.17 01:27:35.956,1.2554,1.2556,3.70,2.40
2008.11.17 01:27:36.257,1.25535,1.2556,4.90,5.70
2008.11.17 01:27:42.175,1.2553,1.25555,4.90,3.30
2008.11.17 01:27:47.493,1.2554,1.25565,7.30,5.70
2008.11.17 01:27:48.463,1.2554,1.25555,5.50,1.20
2008.11.17 01:27:48.643,1.25525,1.25565,1.20,1.80
2008.11.17 01:27:48.993,1.2552,1.25565,4.90,1.80
2008.11.17 01:27:49.163,1.2552,1.2556,3.00,5.70
2008.11.17 01:27:49.343,1.2552,1.25555,3.00,2.40
2008.11.17 01:27:49.573,1.25507,1.25562,4.90,5.70
2008.11.17 01:27:49.993,1.2552,1.25545,6.70,5.70
2008.11.17 01:27:50.642,1.2552,1.2554,3.70,2.40
2008.11.17 01:27:50.972,1.25515,1.2554,6.70,5.70
2008.11.17 01:27:51.562,1.25518,1.25533,1.80,3.30
2008.11.17 01:27:51.852,1.25513,1.25533,1.80,7.50
2008.11.17 01:27:52.532,1.25508,1.25533,6.70,5.70
2008.11.17 01:27:53.592,1.25508,1.25528,1.00,3.30
2008.11.17 01:27:53.882,1.25503,1.25528,4.90,5.70
2008.11.17 01:27:56.212,1.25503,1.25523,2.20,5.70
2008.11.17 01:27:56.551,1.25501,1.25521,1.80,7.50
2008.11.17 01:27:56.791,1.25504,1.25514,6.70,1.80
2008.11.17 01:27:57.131,1.2548,1.25505,6.70,6.90
2008.11.17 01:27:57.421,1.2548,1.25505,6.70,5.70
2008.11.17 01:27:59.600,1.2549,1.25505,1.00,3.30
2008.11.17 01:27:59.780,1.255,1.25505,1.80,3.30
2008.11.17 01:28:00.060,1.255,1.2551,1.80,1.80
2008.11.17 01:28:01.750,1.255,1.2551,1.80,7.50
2008.11.17 01:28:02.140,1.2548,1.25525,22.80,1.80
2008.11.17 01:28:02.490,1.25477,1.25522,6.70,1.80
2008.11.17 01:28:02.779,1.25475,1.2552,5.50,1.80
2008.11.17 01:28:03.419,1.25485,1.25505,5.50,10.20
2008.11.17 01:28:03.589,1.25485,1.255,3.70,8.40
2008.11.17 01:28:03.759,1.25485,1.25495,3.70,4.20
2008.11.17 01:28:03.929,1.25478,1.25498,3.70,2.40
2008.11.17 01:28:04.119,1.25476,1.25496,4.90,6.00
2008.11.17 01:28:04.399,1.25476,1.25491,3.70,2.40
2008.11.17 01:28:04.679,1.25473,1.25489,5.80,5.70
2008.11.17 01:28:05.009,1.25469,1.25489,1.00,3.30
2008.11.17 01:28:05.369,1.25469,1.25484,3.70,2.40
2008.11.17 01:28:05.769,1.25466,1.25482,1.80,2.40
2008.11.17 01:28:06.099,1.2545,1.2547,1.80,7.50
2008.11.17 01:28:07.848,1.2545,1.25475,6.70,5.70
2008.11.17 01:28:08.528,1.2545,1.2547,1.80,9.90
2008.11.17 01:28:08.768,1.2545,1.25465,1.80,5.70
2008.11.17 01:28:08.998,1.2545,1.25465,1.80,3.30
2008.11.17 01:28:09.168,1.2545,1.2547,1.80,15.90
2008.11.17 01:28:09.398,1.25445,1.2547,5.50,9.90
2008.11.17 01:28:09.628,1.2544,1.25465,16.20,5.70
2008.11.17 01:28:09.788,1.2544,1.25465,9.70,5.70
2008.11.17 01:28:10.128,1.25445,1.25465,1.00,3.30
2008.11.17 01:28:10.508,1.25445,1.2547,4.90,5.70
2008.11.17 01:28:10.848,1.25455,1.2548,4.90,5.70
2008.11.17 01:28:16.096,1.2546,1.2548,7.00,3.30
2008.11.17 01:28:16.276,1.2546,1.25485,6.70,5.70
2008.11.17 01:28:16.726,1.25465,1.2549,4.90,5.70
2008.11.17 01:28:17.716,1.25465,1.25495,4.90,11.70
2008.11.17 01:28:20.345,1.2546,1.25485,4.90,11.70
2008.11.17 01:28:20.825,1.2546,1.2548,3.70,2.40
2008.11.17 01:28:20.945,1.25455,1.2548,4.90,5.70
2008.11.17 01:28:23.615,1.25455,1.2548,5.50,5.70
2008.11.17 01:28:23.775,1.2546,1.25485,6.70,5.70
2008.11.17 01:28:25.574,1.25465,1.2549,4.90,13.50
2008.11.17 01:28:25.804,1.2547,1.2549,1.80,7.50
2008.11.17 01:28:27.953,1.2547,1.2549,2.80,5.10
2008.11.17 01:28:28.173,1.2547,1.25495,6.70,5.70
2008.11.17 01:28:38.711,1.2547,1.2549,6.70,1.80
2008.11.17 01:28:39.421,1.2547,1.2549,1.80,7.50
2008.11.17 01:28:42.020,1.2547,1.2548,1.80,1.80
2008.11.17 01:28:43.140,1.2547,1.2549,1.80,7.50
2008.11.17 01:28:45.359,1.2547,1.2549,6.70,1.80
2008.11.17 01:28:45.529,1.2548,1.2549,1.80,1.80
2008.11.17 01:28:45.819,1.2547,1.2549,9.70,1.80
2008.11.17 01:28:45.989,1.2547,1.2549,5.50,4.20
2008.11.17 01:28:46.379,1.2547,1.2549,1.80,7.50
2008.11.17 01:28:47.189,1.2547,1.2548,1.80,4.20
2008.11.17 01:28:47.539,1.2547,1.2548,1.80,1.80
2008.11.17 01:28:47.829,1.2547,1.2548,1.80,7.50
2008.11.17 01:28:48.279,1.2546,1.25475,1.80,5.70
2008.11.17 01:28:48.569,1.2545,1.25475,6.70,5.70
2008.11.17 01:28:49.148,1.25465,1.25475,1.00,3.30
2008.11.17 01:28:49.498,1.25475,1.2548,1.80,6.00
2008.11.17 01:28:49.838,1.25465,1.25485,4.90,6.00
2008.11.17 01:28:50.118,1.2545,1.2548,4.90,5.70
2008.11.17 01:28:50.428,1.25455,1.2548,4.90,13.50
2008.11.17 01:28:50.758,1.2546,1.2548,1.80,7.50
2008.11.17 01:28:51.528,1.2547,1.2548,1.80,1.80
2008.11.17 01:28:54.997,1.2547,1.2549,1.80,8.10
2008.11.17 01:28:55.237,1.2547,1.2549,1.80,7.50
2008.11.17 01:28:55.467,1.25465,1.25485,3.70,2.40
2008.11.17 01:28:55.707,1.2546,1.25485,12.60,5.70
2008.11.17 01:28:55.927,1.2546,1.25485,6.70,5.70
2008.11.17 01:28:56.337,1.2546,1.2549,6.70,13.50
2008.11.17 01:28:56.906,1.2547,1.2549,1.80,13.50
2008.11.17 01:28:57.146,1.2547,1.2549,1.80,7.50
2008.11.17 01:29:05.774,1.2547,1.25485,1.80,2.40
2008.11.17 01:29:06.064,1.2546,1.25485,12.60,5.70
2008.11.17 01:29:06.174,1.2546,1.25485,6.70,5.70
2008.11.17 01:29:06.754,1.2547,1.2548,1.80,1.80
2008.11.17 01:29:07.044,1.2547,1.2549,1.80,9.90
2008.11.17 01:29:07.334,1.2547,1.2549,1.80,8.70
2008.11.17 01:29:08.704,1.2547,1.2549,1.80,11.10
2008.11.17 01:29:09.163,1.2547,1.25485,1.80,4.50
2008.11.17 01:29:09.274,1.2547,1.2548,1.80,1.80
2008.11.17 01:29:10.013,1.2547,1.25485,1.80,6.90
2008.11.17 01:29:10.133,1.2547,1.2549,1.80,11.70
2008.11.17 01:29:10.313,1.2547,1.2549,1.80,11.10
2008.11.17 01:29:11.853,1.2547,1.2549,1.80,8.70
2008.11.17 01:29:12.533,1.2547,1.2549,1.80,11.10
2008.11.17 01:29:17.551,1.2547,1.2549,1.80,9.90
2008.11.17 01:29:17.771,1.2547,1.2549,2.80,3.30
2008.11.17 01:29:18.001,1.2547,1.25495,6.70,6.90
2008.11.17 01:29:18.621,1.2547,1.25495,6.70,3.60
2008.11.17 01:29:18.741,1.2547,1.25495,6.70,1.20
2008.11.17 01:29:22.680,1.2547,1.25495,6.70,6.90
2008.11.17 01:30:11.209,1.25475,1.255,4.90,8.70
2008.11.17 01:30:11.428,1.25475,1.255,4.90,6.90
2008.11.17 01:30:12.008,1.2548,1.255,4.90,1.20
2008.11.17 01:30:13.888,1.2548,1.255,3.70,3.60
2008.11.17 01:30:14.108,1.2548,1.25495,3.70,1.20
2008.11.17 01:30:14.228,1.2547,1.25495,12.60,1.20
2008.11.17 01:30:17.047,1.2549,1.255,1.80,1.80
2008.11.17 01:30:19.646,1.2549,1.25505,1.80,1.20
2008.11.17 01:30:19.826,1.2549,1.25505,6.70,1.20
2008.11.17 01:30:19.937,1.2549,1.2551,6.70,3.00
2008.11.17 01:30:21.826,1.2549,1.2551,1.80,8.70
2008.11.17 01:30:22.116,1.2549,1.255,1.80,1.80
2008.11.17 01:30:22.396,1.2549,1.255,2.80,1.80
2008.11.17 01:30:22.686,1.2549,1.2551,6.70,1.80
2008.11.17 01:30:22.916,1.255,1.25515,1.80,2.40
2008.11.17 01:30:23.206,1.255,1.2552,6.70,3.00
2008.11.17 01:30:23.485,1.25505,1.25525,1.00,4.50
2008.11.17 01:30:23.765,1.25505,1.25525,4.90,1.20
2008.11.17 01:30:24.045,1.2551,1.25525,4.90,1.20
2008.11.17 01:30:24.325,1.255,1.2551,7.60,1.80
2008.11.17 01:30:24.375,1.2551,1.25515,7.00,3.00
2008.11.17 01:30:24.596,1.2551,1.2552,7.00,3.90
2008.11.17 01:30:24.705,1.255,1.2552,6.70,1.80
2008.11.17 01:30:24.765,1.255,1.2552,10.80,1.20
2008.11.17 01:30:25.055,1.255,1.25525,10.80,5.70
2008.11.17 01:30:25.335,1.25505,1.2553,4.90,5.70
2008.11.17 01:30:25.565,1.2551,1.25535,4.90,5.70
2008.11.17 01:30:26.175,1.255,1.2552,18.60,3.00
2008.11.17 01:30:26.475,1.255,1.2552,6.70,3.00
2008.11.17 01:30:33.173,1.255,1.2552,12.60,1.80
2008.11.17 01:30:33.363,1.255,1.25525,6.70,6.90
2008.11.17 01:30:33.833,1.25505,1.2553,4.90,8.70
2008.11.17 01:30:34.063,1.25505,1.25525,3.70,3.60
2008.11.17 01:30:34.473,1.255,1.25525,6.70,6.90
2008.11.17 01:30:49.039,1.255,1.2552,6.70,1.20
2008.11.17 01:30:49.209,1.255,1.2552,5.50,5.40
2008.11.17 01:30:49.319,1.255,1.2552,1.80,8.70
2008.11.17 01:31:02.866,1.255,1.2552,1.80,7.50
2008.11.17 01:31:26.410,1.255,1.25515,1.80,5.70
2008.11.17 01:31:26.470,1.255,1.25515,6.40,5.70
2008.11.17 01:31:26.530,1.255,1.25515,1.00,5.70
2008.11.17 01:31:26.760,1.255,1.2551,1.00,3.30
2008.11.17 01:31:26.820,1.2549,1.25515,7.90,11.70
2008.11.17 01:31:27.180,1.25495,1.25505,4.20,2.40
2008.11.17 01:31:27.590,1.25495,1.25505,1.20,5.70
2008.11.17 01:31:27.940,1.2547,1.255,3.70,5.70
2008.11.17 01:31:28.460,1.25465,1.25495,4.90,5.70
2008.11.17 01:31:30.470,1.25475,1.255,4.90,5.70
2008.11.17 01:31:33.659,1.25485,1.255,1.00,3.30
2008.11.17 01:31:33.869,1.2549,1.2551,1.80,7.50
2008.11.17 01:31:34.368,1.2549,1.25505,1.80,2.40
2008.11.17 01:31:34.548,1.2548,1.25505,12.60,5.70
2008.11.17 01:31:34.768,1.2548,1.25505,6.70,5.70
2008.11.17 01:31:43.136,1.2548,1.255,6.70,1.80
2008.11.17 01:31:43.776,1.2548,1.255,1.80,7.50
2008.11.17 01:31:50.385,1.2548,1.255,1.80,13.50
2008.11.17 01:31:50.444,1.2548,1.2549,1.80,1.80
2008.11.17 01:31:54.274,1.2548,1.2549,3.00,3.00
2008.11.17 01:31:54.394,1.2547,1.2549,4.90,3.00
2008.11.17 01:31:54.444,1.2547,1.2549,3.70,5.40
2008.11.17 01:31:54.614,1.2547,1.25485,3.70,1.20
2008.11.17 01:31:54.674,1.25465,1.25485,3.70,3.60
2008.11.17 01:31:54.793,1.25465,1.2548,3.70,1.20
2008.11.17 01:31:54.903,1.2546,1.2548,4.90,1.20
2008.11.17 01:31:55.083,1.2546,1.2548,3.70,3.60
2008.11.17 01:31:55.193,1.2546,1.25475,3.70,1.20
2008.11.17 01:31:55.493,1.25465,1.2548,1.00,5.10
2008.11.17 01:31:55.793,1.2546,1.25485,4.90,2.40
2008.11.17 01:31:56.143,1.2546,1.25485,4.90,5.70
2008.11.17 01:31:56.483,1.25465,1.2549,4.90,5.70
2008.11.17 01:31:57.063,1.25475,1.2549,1.00,3.30
2008.11.17 01:31:57.363,1.25475,1.255,4.90,6.90
2008.11.17 01:31:59.122,1.2548,1.255,3.70,3.60
2008.11.17 01:31:59.352,1.2548,1.255,6.70,1.20
2008.11.17 01:31:59.803,1.2548,1.25505,6.70,6.90
2008.11.17 01:32:00.142,1.25485,1.25505,1.00,4.50
2008.11.17 01:32:00.372,1.25485,1.2551,4.90,7.20
2008.11.17 01:32:00.992,1.25485,1.2551,4.90,6.90
2008.11.17 01:32:01.342,1.2549,1.2551,7.00,3.30
2008.11.17 01:32:01.742,1.2549,1.25515,4.90,5.70
2008.11.17 01:32:05.421,1.2549,1.25515,3.70,5.70
2008.11.17 01:32:05.651,1.25485,1.2551,4.90,6.90
2008.11.17 01:32:31.165,1.25485,1.2551,4.90,11.70
2008.11.17 01:32:36.374,1.25485,1.25505,3.70,2.40
2008.11.17 01:32:36.604,1.25475,1.25505,24.40,5.70
2008.11.17 01:32:36.834,1.2548,1.25505,6.70,6.90
2008.11.17 01:32:40.092,1.2549,1.25505,1.80,1.20
2008.11.17 01:32:40.203,1.2549,1.2551,1.80,8.70
2008.11.17 01:32:43.082,1.2549,1.255,1.80,1.80
2008.11.17 01:32:44.912,1.2549,1.255,3.00,5.40
2008.11.17 01:32:45.082,1.2548,1.255,1.80,8.70
2008.11.17 01:32:45.302,1.2548,1.25495,1.80,6.90
2008.11.17 01:32:45.471,1.2547,1.2549,10.80,1.20
2008.11.17 01:32:45.651,1.25465,1.2549,4.90,6.90
2008.11.17 01:32:45.821,1.2546,1.25485,18.00,5.70
2008.11.17 01:32:46.041,1.2546,1.25485,10.80,5.70
2008.11.17 01:32:46.431,1.2546,1.25485,4.90,5.70
2008.11.17 01:32:47.281,1.2547,1.25495,6.70,5.70
2008.11.17 01:32:47.611,1.2547,1.25495,6.70,6.90
2008.11.17 01:32:50.361,1.2548,1.25495,1.80,6.90
2008.11.17 01:32:50.420,1.2548,1.25495,1.80,4.50
2008.11.17 01:32:50.480,1.2548,1.25495,1.80,1.20
2008.11.17 01:32:50.720,1.2548,1.255,1.80,8.70
2008.11.17 01:32:51.290,1.2548,1.255,1.80,7.50
2008.11.17 01:32:52.040,1.2547,1.25495,16.20,5.70
2008.11.17 01:32:52.330,1.2547,1.2548,11.40,1.80
2008.11.17 01:32:52.620,1.2547,1.2548,1.80,1.80
2008.11.17 01:32:53.979,1.2547,1.25485,1.80,3.30
2008.11.17 01:32:54.319,1.2547,1.2549,1.80,7.50
2008.11.17 01:32:57.898,1.2547,1.2548,1.80,8.40
2008.11.17 01:32:58.188,1.2547,1.2548,1.80,13.50
2008.11.17 01:32:58.428,1.2546,1.2547,1.80,1.80
2008.11.17 01:33:00.098,1.2546,1.2548,1.80,15.30
2008.11.17 01:33:00.158,1.2546,1.2548,1.80,13.50
2008.11.17 01:33:00.278,1.2546,1.2548,1.80,7.50
2008.11.17 01:33:00.388,1.2546,1.2548,2.80,5.10
2008.11.17 01:33:00.488,1.2546,1.25485,6.70,5.70
2008.11.17 01:33:02.077,1.2547,1.25485,1.80,3.30
2008.11.17 01:33:02.417,1.2547,1.2549,1.80,7.50
2008.11.17 01:33:07.506,1.2547,1.25485,1.80,3.30
2008.11.17 01:33:07.746,1.2547,1.2549,1.80,7.50
2008.11.17 01:33:11.495,1.25465,1.2549,4.90,7.50
2008.11.17 01:33:11.775,1.25465,1.2549,4.90,13.50
2008.11.17 01:33:12.345,1.25465,1.25485,3.70,2.40
2008.11.17 01:33:12.695,1.2546,1.25485,6.70,5.70
2008.11.17 01:33:13.555,1.2546,1.2547,1.80,1.80
2008.11.17 01:33:14.924,1.2545,1.2547,6.70,1.80
2008.11.17 01:33:15.104,1.2545,1.2547,5.50,4.20
2008.11.17 01:33:15.334,1.2545,1.2547,1.80,7.50
2008.11.17 01:33:17.184,1.2545,1.2547,1.80,13.50
2008.11.17 01:33:17.634,1.2544,1.25455,1.80,1.80
2008.11.17 01:33:17.864,1.2543,1.25455,18.60,1.80
2008.11.17 01:33:18.214,1.2543,1.25455,1.80,7.50
2008.11.17 01:33:30.041,1.2543,1.25445,1.80,3.30
2008.11.17 01:33:30.100,1.2543,1.2544,1.80,1.80
2008.11.17 01:33:31.470,1.2543,1.25445,1.80,3.30
2008.11.17 01:33:31.710,1.2543,1.2545,1.80,13.50
2008.11.17 01:33:31.890,1.2543,1.25445,1.80,2.40
2008.11.17 01:33:32.130,1.2542,1.25445,10.30,5.70
2008.11.17 01:33:32.480,1.2542,1.25445,12.60,5.70
2008.11.17 01:33:32.820,1.2542,1.2543,1.80,1.80
2008.11.17 01:33:33.450,1.2542,1.25445,6.70,11.10
2008.11.17 01:33:33.740,1.2542,1.25445,6.70,5.70
2008.11.17 01:33:34.319,1.2543,1.2545,1.80,13.50
2008.11.17 01:33:34.619,1.2543,1.2545,1.80,7.50
2008.11.17 01:33:35.289,1.2543,1.2545,3.00,7.50
2008.11.17 01:33:38.518,1.2543,1.25445,3.00,3.30
2008.11.17 01:33:38.728,1.2543,1.25445,3.00,5.70
2008.11.17 01:33:38.848,1.2542,1.25445,7.90,5.70
2008.11.17 01:33:40.928,1.2542,1.25445,6.70,5.70
2008.11.17 01:33:42.888,1.2542,1.25445,7.30,5.70
2008.11.17 01:33:43.067,1.2543,1.2545,1.80,7.50
2008.11.17 01:33:44.217,1.2543,1.2544,1.80,1.80
2008.11.17 01:33:49.236,1.2542,1.2544,1.80,1.80
2008.11.17 01:33:49.506,1.2542,1.25445,1.80,11.70
2008.11.17 01:33:49.626,1.25425,1.25445,4.90,6.00
2008.11.17 01:33:49.686,1.2543,1.2545,1.80,7.50
2008.11.17 01:33:50.026,1.2543,1.2544,1.80,1.80
2008.11.17 01:33:50.186,1.2543,1.2544,1.80,5.10
2008.11.17 01:33:50.246,1.2543,1.2544,3.00,7.50
2008.11.17 01:33:50.356,1.2542,1.2544,1.80,7.50
2008.11.17 01:33:50.595,1.2542,1.2544,1.80,5.10
2008.11.17 01:33:51.535,1.2542,1.2544,1.80,7.50
2008.11.17 01:33:54.275,1.2541,1.25435,12.60,5.70
2008.11.17 01:33:54.395,1.2541,1.25435,6.70,5.70
2008.11.17 01:33:55.154,1.2541,1.25435,6.70,11.70
2008.11.17 01:33:55.334,1.2541,1.25435,6.70,5.70
2008.11.17 01:33:57.175,1.2542,1.25435,1.80,2.40
2008.11.17 01:33:57.294,1.2542,1.2544,1.80,13.50
2008.11.17 01:33:57.644,1.2542,1.2543,1.80,1.80
2008.11.17 01:33:59.973,1.2541,1.2543,4.80,7.50
2008.11.17 01:34:00.253,1.25405,1.2543,4.90,7.50
2008.11.17 01:34:00.433,1.25405,1.2543,4.90,13.50
2008.11.17 01:34:01.363,1.254,1.25425,7.30,5.70
2008.11.17 01:34:01.603,1.25415,1.2543,1.80,7.80
2008.11.17 01:34:01.953,1.25405,1.2542,1.80,1.80
2008.11.17 01:34:02.233,1.25395,1.2542,14.40,1.80
2008.11.17 01:34:02.523,1.25395,1.2542,7.30,1.80
2008.11.17 01:34:02.823,1.254,1.2542,2.40,1.80
2008.11.17 01:34:04.522,1.254,1.2542,3.60,1.80
2008.11.17 01:34:04.742,1.254,1.2542,7.30,1.80
2008.11.17 01:34:08.162,1.25405,1.25425,3.70,6.00
2008.11.17 01:34:08.451,1.2542,1.2543,1.80,1.80
2008.11.17 01:34:12.580,1.2541,1.2543,1.80,7.50
2008.11.17 01:34:29.856,1.2541,1.25425,1.80,2.40
2008.11.17 01:34:30.036,1.2541,1.2542,1.80,1.80
2008.11.17 01:34:30.776,1.2541,1.2542,1.80,2.40
2008.11.17 01:34:32.056,1.2541,1.2542,1.80,1.00
2008.11.17 01:34:32.286,1.2541,1.2542,1.80,2.40
2008.11.17 01:34:34.775,1.2541,1.2542,1.80,1.00
2008.11.17 01:34:34.895,1.2541,1.2543,1.80,8.70
2008.11.17 01:34:36.375,1.2542,1.2543,1.80,1.80
2008.11.17 01:34:39.114,1.2542,1.2543,1.80,4.20
2008.11.17 01:34:39.404,1.2541,1.2543,1.80,8.70
2008.11.17 01:34:44.453,1.2541,1.25425,1.80,1.20
2008.11.17 01:34:44.633,1.2541,1.2542,1.80,1.80
2008.11.17 01:34:52.391,1.2541,1.2543,1.80,8.70
2008.11.17 01:35:06.787,1.2541,1.2543,2.80,6.30
2008.11.17 01:35:07.007,1.2541,1.2543,5.80,5.10
2008.11.17 01:35:07.067,1.2542,1.2543,1.80,5.10
2008.11.17 01:35:07.417,1.2542,1.2543,1.80,1.80
2008.11.17 01:35:07.817,1.2542,1.25435,1.80,4.50
2008.11.17 01:35:08.167,1.2542,1.2544,1.80,8.70
2008.11.17 01:35:08.387,1.2542,1.2544,6.70,1.80
2008.11.17 01:35:08.857,1.2542,1.25445,6.70,6.90
2008.11.17 01:35:09.277,1.2542,1.25445,6.70,1.20
2008.11.17 01:35:11.176,1.2543,1.2545,1.80,8.70
2008.11.17 01:35:23.833,1.25435,1.2545,1.20,3.00
2008.11.17 01:35:24.653,1.25435,1.2545,1.20,1.80
2008.11.17 01:35:25.293,1.2543,1.2545,6.70,1.80
2008.11.17 01:35:25.463,1.25445,1.2545,3.00,1.80
2008.11.17 01:35:25.633,1.2544,1.2546,7.90,1.80
2008.11.17 01:35:25.923,1.2545,1.2546,1.80,1.80
2008.11.17 01:35:26.142,1.2545,1.2546,1.00,5.70
2008.11.17 01:35:26.313,1.2546,1.25465,1.80,5.70
2008.11.17 01:35:26.552,1.2546,1.25465,1.80,3.30
2008.11.17 01:35:26.842,1.25435,1.25465,12.10,11.70
2008.11.17 01:35:27.252,1.2544,1.25465,1.00,3.30
2008.11.17 01:35:27.592,1.2544,1.2547,4.90,5.70
2008.11.17 01:35:27.942,1.2545,1.25475,4.90,5.70
2008.11.17 01:35:28.522,1.25455,1.2548,4.90,5.70
2008.11.17 01:35:28.862,1.25465,1.25485,1.00,3.30
2008.11.17 01:35:29.152,1.25465,1.2549,4.90,11.70
2008.11.17 01:35:29.792,1.2547,1.25485,7.00,9.30
2008.11.17 01:35:29.912,1.2546,1.25485,10.80,11.70
2008.11.17 01:35:30.032,1.2546,1.25485,3.70,11.70
2008.11.17 01:35:30.211,1.2545,1.25475,10.80,11.70
2008.11.17 01:35:30.492,1.25465,1.25475,1.00,2.40
2008.11.17 01:35:30.602,1.25455,1.2548,4.90,5.70
2008.11.17 01:35:31.321,1.25465,1.2549,4.90,17.70
2008.11.17 01:35:31.492,1.2547,1.2549,4.90,12.00
2008.11.17 01:35:31.781,1.25465,1.2549,4.90,11.70
2008.11.17 01:35:32.011,1.25465,1.2548,3.70,2.40
2008.11.17 01:35:32.371,1.2546,1.2548,3.70,1.80
2008.11.17 01:35:32.721,1.2545,1.25475,10.80,11.70
2008.11.17 01:35:33.071,1.2545,1.25475,4.90,11.70
2008.11.17 01:35:33.461,1.2545,1.25475,6.70,5.70
2008.11.17 01:35:34.021,1.2545,1.25475,6.70,11.70
2008.11.17 01:35:34.311,1.2545,1.2547,6.70,1.80
2008.11.17 01:35:37.150,1.2545,1.2547,5.50,1.80
2008.11.17 01:35:42.669,1.25445,1.2547,4.90,13.50
2008.11.17 01:35:42.968,1.25445,1.2547,3.70,13.50
2008.11.17 01:35:43.588,1.2544,1.2547,6.70,13.50
2008.11.17 01:35:44.358,1.2544,1.25465,6.70,3.30
2008.11.17 01:35:44.528,1.2544,1.25465,6.70,5.70
2008.11.17 01:35:47.667,1.2544,1.2546,6.70,1.80
2008.11.17 01:35:52.146,1.2544,1.2546,1.80,5.10
2008.11.17 01:35:53.396,1.25435,1.2546,3.70,13.50
2008.11.17 01:35:53.636,1.25435,1.25455,3.70,2.40
2008.11.17 01:35:53.816,1.2543,1.25455,6.70,5.70
2008.11.17 01:35:53.986,1.25435,1.25455,1.00,3.30
2008.11.17 01:35:54.166,1.25435,1.2546,4.90,5.70
2008.11.17 01:35:55.115,1.2544,1.2546,7.00,3.30
2008.11.17 01:35:55.295,1.2544,1.25465,4.90,5.70
2008.11.17 01:35:55.685,1.25445,1.2547,3.70,5.70
2008.11.17 01:35:56.255,1.25445,1.2547,4.90,5.70
2008.11.17 01:35:58.575,1.2546,1.2547,1.00,3.30
2008.11.17 01:35:58.755,1.2547,1.2548,1.80,13.80
2008.11.17 01:35:58.985,1.2547,1.2548,1.80,7.80
2008.11.17 01:35:59.165,1.2547,1.2548,1.80,1.80
2008.11.17 01:36:01.924,1.2547,1.2549,1.80,13.50
2008.11.17 01:36:02.154,1.2547,1.2549,6.70,1.80
2008.11.17 01:36:02.214,1.2547,1.25495,6.70,5.70
2008.11.17 01:36:04.374,1.2547,1.2549,2.80,3.30
2008.11.17 01:36:04.493,1.2547,1.2549,1.80,7.50
2008.11.17 01:36:11.172,1.2546,1.2549,16.20,7.50
2008.11.17 01:36:11.512,1.2546,1.2549,12.60,13.50
2008.11.17 01:36:11.802,1.2546,1.25485,10.80,11.70
2008.11.17 01:36:12.031,1.25455,1.2548,4.90,5.70
2008.11.17 01:36:14.561,1.25455,1.2548,1.00,5.70
2008.11.17 01:36:14.611,1.2545,1.2548,4.90,5.70
2008.11.17 01:36:22.959,1.25455,1.2548,4.90,5.70
2008.11.17 01:36:23.768,1.2546,1.25485,4.90,11.70
2008.11.17 01:36:25.179,1.2546,1.2548,7.00,3.30
2008.11.17 01:36:25.238,1.25455,1.2548,4.90,5.70
2008.11.17 01:36:26.218,1.25455,1.2548,4.90,3.30
2008.11.17 01:36:26.328,1.2546,1.25485,3.70,11.70
2008.11.17 01:36:27.638,1.2546,1.25485,4.90,11.70
2008.11.17 01:36:36.656,1.25455,1.25485,4.90,11.70
2008.11.17 01:36:41.034,1.2546,1.25485,7.00,11.70
2008.11.17 01:36:41.264,1.2546,1.25485,4.90,11.70
2008.11.17 01:36:46.143,1.2546,1.25485,4.90,5.70
2008.11.17 01:36:53.211,1.25465,1.2549,3.70,11.70
2008.11.17 01:36:53.841,1.25465,1.2549,4.90,11.70
2008.11.17 01:37:09.758,1.25465,1.2549,4.90,8.40
2008.11.17 01:37:14.746,1.25465,1.2549,4.90,6.00
2008.11.17 01:37:23.184,1.2547,1.25495,1.00,9.30
2008.11.17 01:37:23.465,1.2547,1.25495,4.90,6.00
2008.11.17 01:37:27.223,1.2548,1.25495,4.90,6.00
2008.11.17 01:37:27.613,1.2548,1.25505,4.90,11.70
2008.11.17 01:37:27.903,1.2548,1.2551,4.90,5.70
2008.11.17 01:37:28.193,1.25485,1.2551,3.70,2.40
2008.11.17 01:37:28.483,1.255,1.2552,4.90,12.00
2008.11.17 01:37:28.763,1.255,1.2551,4.90,6.00
2008.11.17 01:37:29.143,1.2549,1.25525,4.90,11.70
2008.11.17 01:37:29.433,1.25505,1.2554,4.90,11.70
2008.11.17 01:37:29.783,1.2551,1.2554,4.90,5.70
2008.11.17 01:37:29.943,1.25515,1.25545,4.90,11.70
2008.11.17 01:37:30.343,1.25515,1.25545,4.90,5.70
2008.11.17 01:37:30.453,1.25515,1.2554,4.90,5.70
2008.11.17 01:37:31.072,1.25515,1.25545,4.90,5.70
2008.11.17 01:37:31.412,1.2552,1.25545,4.90,9.30
2008.11.17 01:37:32.422,1.2552,1.25535,3.70,6.00
2008.11.17 01:37:32.652,1.2551,1.25535,10.80,6.00
2008.11.17 01:37:33.052,1.2551,1.25535,4.90,6.00
2008.11.17 01:37:33.912,1.2551,1.25535,3.70,8.40
2008.11.17 01:37:34.202,1.25505,1.2553,4.90,6.00
2008.11.17 01:37:34.532,1.25505,1.25535,4.90,5.70
2008.11.17 01:37:34.812,1.25505,1.2553,3.70,5.70
2008.11.17 01:37:35.052,1.25505,1.2553,3.70,11.70
2008.11.17 01:37:35.172,1.25505,1.2553,3.70,5.70
2008.11.17 01:37:35.631,1.255,1.25525,4.90,5.70
2008.11.17 01:37:36.441,1.255,1.25525,3.70,5.70
2008.11.17 01:37:36.791,1.2549,1.2552,4.90,5.70
2008.11.17 01:37:37.901,1.25485,1.25515,4.90,5.70
2008.11.17 01:37:39.230,1.255,1.25515,1.60,3.30
2008.11.17 01:37:39.350,1.255,1.25525,5.50,5.70
2008.11.17 01:37:40.161,1.255,1.2552,6.90,5.70
2008.11.17 01:37:40.450,1.25495,1.2552,6.10,5.70
2008.11.17 01:37:41.800,1.255,1.25515,5.80,5.70
2008.11.17 01:37:41.960,1.2549,1.25515,10.80,5.70
2008.11.17 01:37:42.260,1.2549,1.25515,10.80,11.70
2008.11.17 01:37:42.600,1.2548,1.2551,11.40,5.70
2008.11.17 01:37:42.880,1.2548,1.2551,5.50,5.70
2008.11.17 01:37:43.119,1.2548,1.25505,3.70,2.40
2008.11.17 01:37:43.410,1.25475,1.25505,4.90,12.30
2008.11.17 01:37:44.439,1.25475,1.255,4.90,5.70
2008.11.17 01:37:44.889,1.25475,1.25495,3.70,2.40
2008.11.17 01:37:45.149,1.25465,1.2549,4.90,1.80
2008.11.17 01:37:45.609,1.2547,1.25495,4.90,6.00
2008.11.17 01:37:45.829,1.25465,1.2549,4.90,1.80
2008.11.17 01:37:53.237,1.2547,1.2549,1.60,1.80
2008.11.17 01:37:53.517,1.2547,1.25495,5.50,6.90
2008.11.17 01:37:53.807,1.25475,1.255,4.90,5.70
2008.11.17 01:37:57.776,1.2548,1.255,3.70,2.40
2008.11.17 01:37:58.126,1.2548,1.25505,4.90,5.70
2008.11.17 01:37:58.366,1.25475,1.255,6.10,5.70
2008.11.17 01:37:58.776,1.2548,1.25505,4.90,5.70
2008.11.17 01:37:59.616,1.2548,1.25505,8.50,5.70
2008.11.17 01:37:59.726,1.2549,1.25505,1.00,5.70
2008.11.17 01:37:59.886,1.25495,1.2551,4.00,1.80
2008.11.17 01:38:00.056,1.25495,1.2552,4.90,18.90
2008.11.17 01:38:00.326,1.25495,1.2552,6.10,5.70
2008.11.17 01:38:00.575,1.255,1.25525,4.90,5.70
2008.11.17 01:38:00.905,1.255,1.25525,5.50,5.70
2008.11.17 01:38:01.585,1.25505,1.2553,4.90,5.70
2008.11.17 01:38:01.875,1.25505,1.2553,5.50,6.90
2008.11.17 01:38:02.215,1.25505,1.2553,4.90,6.90
2008.11.17 01:38:04.055,1.25505,1.2553,4.90,5.70
2008.11.17 01:38:04.634,1.25505,1.2553,3.70,5.70
2008.11.17 01:38:04.805,1.2549,1.25515,16.00,5.70
2008.11.17 01:38:05.044,1.255,1.25515,7.00,7.50
2008.11.17 01:38:05.204,1.25485,1.25515,4.90,7.50
2008.11.17 01:38:06.184,1.25485,1.25505,3.70,2.40
2008.11.17 01:38:06.464,1.2548,1.25505,4.90,5.70
2008.11.17 01:38:08.433,1.25485,1.2551,4.90,13.50
2008.11.17 01:38:08.823,1.25485,1.2551,4.90,7.50
2008.11.17 01:38:11.503,1.255,1.2551,1.00,5.10
2008.11.17 01:38:11.853,1.255,1.2551,4.90,6.00
2008.11.17 01:38:12.073,1.255,1.25525,4.90,5.70
2008.11.17 01:38:13.502,1.25495,1.2552,4.90,5.70
2008.11.17 01:38:14.362,1.25495,1.2552,5.50,5.70
2008.11.17 01:38:14.652,1.255,1.25525,4.90,6.90
2008.11.17 01:38:14.832,1.255,1.25525,5.50,5.70
2008.11.17 01:38:15.232,1.25505,1.25525,1.60,3.30
2008.11.17 01:38:15.522,1.25505,1.2553,5.50,5.70
2008.11.17 01:38:15.762,1.25505,1.25525,1.00,5.70
2008.11.17 01:38:16.042,1.25495,1.25525,5.50,5.70
2008.11.17 01:38:16.442,1.2551,1.25525,3.70,2.40
2008.11.17 01:38:16.781,1.2551,1.2553,9.70,1.20
2008.11.17 01:38:17.111,1.25515,1.2553,5.50,6.60
2008.11.17 01:38:17.451,1.25515,1.2553,5.50,1.00
2008.11.17 01:38:21.560,1.25515,1.2554,5.50,7.50
2008.11.17 01:38:22.020,1.25515,1.2554,6.10,7.50
2008.11.17 01:38:22.200,1.25525,1.2555,4.30,20.70
2008.11.17 01:38:22.490,1.2553,1.2555,1.00,15.30
2008.11.17 01:38:22.840,1.2553,1.25555,5.50,6.30
2008.11.17 01:38:23.170,1.25525,1.2555,5.50,7.50
2008.11.17 01:38:23.560,1.2552,1.25545,6.10,5.70
2008.11.17 01:38:23.850,1.2552,1.25545,5.50,6.30
2008.11.17 01:38:24.129,1.2552,1.2554,5.50,1.20
2008.11.17 01:38:24.979,1.2552,1.25545,5.50,6.30
2008.11.17 01:38:27.009,1.25525,1.2554,4.90,1.00
2008.11.17 01:38:27.289,1.2552,1.25545,5.50,6.30
2008.11.17 01:38:29.998,1.2553,1.25555,5.50,11.70
2008.11.17 01:38:30.468,1.2553,1.25555,4.90,3.30
2008.11.17 01:38:30.698,1.2553,1.2556,4.90,5.70
2008.11.17 01:38:30.978,1.25545,1.2556,1.00,5.70
2008.11.17 01:38:31.328,1.2555,1.2557,1.00,1.80
2008.11.17 01:38:31.728,1.2554,1.2557,6.10,5.70
2008.11.17 01:38:32.118,1.25555,1.2557,1.00,6.90
2008.11.17 01:38:32.448,1.25545,1.2556,3.70,3.60
2008.11.17 01:38:32.787,1.2555,1.25555,5.80,5.70
2008.11.17 01:38:33.128,1.2555,1.2556,4.90,1.20
2008.11.17 01:38:33.527,1.25555,1.2557,1.00,1.80
2008.11.17 01:38:33.817,1.25555,1.25575,1.00,5.70
2008.11.17 01:38:34.647,1.25555,1.2558,5.50,5.70
2008.11.17 01:38:34.747,1.2556,1.2558,1.00,5.70
2008.11.17 01:38:34.987,1.2556,1.2558,6.30,5.70
2008.11.17 01:38:35.627,1.25555,1.2558,4.30,5.70
2008.11.17 01:38:35.907,1.2556,1.2558,5.80,5.70
2008.11.17 01:38:36.067,1.25555,1.2558,1.00,5.70
2008.11.17 01:38:36.227,1.25555,1.2557,1.00,2.40
2008.11.17 01:38:36.467,1.2555,1.2557,4.30,2.40
2008.11.17 01:38:36.587,1.2555,1.2557,3.70,2.40
2008.11.17 01:38:36.757,1.2554,1.25565,11.40,5.70
2008.11.17 01:38:37.106,1.2554,1.25565,5.50,5.70
2008.11.17 01:38:37.617,1.2554,1.2556,4.30,2.40
2008.11.17 01:38:37.906,1.2555,1.2556,1.00,2.40
2008.11.17 01:38:38.316,1.2555,1.2557,1.00,17.50
2008.11.17 01:38:38.666,1.2555,1.2557,6.90,5.70
2008.11.17 01:38:39.936,1.25545,1.2557,6.10,5.70
2008.11.17 01:38:41.785,1.2554,1.25565,16.20,5.70
2008.11.17 01:38:42.245,1.2554,1.2557,10.30,7.50
2008.11.17 01:38:43.985,1.2554,1.2557,8.50,7.50
2008.11.17 01:38:44.165,1.25535,1.2556,5.50,5.70
2008.11.17 01:38:44.445,1.25535,1.2556,4.90,5.70
2008.11.17 01:38:44.995,1.25535,1.25555,3.70,2.40
2008.11.17 01:38:45.214,1.2553,1.25555,4.90,5.70
2008.11.17 01:38:46.014,1.2553,1.2555,3.70,2.40
2008.11.17 01:38:46.294,1.25525,1.2555,4.90,5.70
2008.11.17 01:38:46.594,1.2553,1.25555,3.70,11.70
2008.11.17 01:38:46.824,1.25545,1.2556,2.20,11.80
2008.11.17 01:38:47.234,1.25545,1.2557,6.10,6.90
2008.11.17 01:38:47.864,1.25545,1.2557,5.50,6.90
2008.11.17 01:38:48.144,1.25535,1.2556,16.60,6.90
2008.11.17 01:38:48.514,1.25535,1.2556,4.90,6.90
2008.11.17 01:38:48.844,1.25525,1.2555,5.40,2.40
2008.11.17 01:38:49.304,1.25525,1.2555,5.50,6.90
2008.11.17 01:38:55.822,1.25525,1.25535,1.00,1.20
2008.11.17 01:38:56.002,1.2552,1.25535,5.50,1.20
2008.11.17 01:38:56.242,1.2552,1.25545,5.50,5.70
2008.11.17 01:38:56.702,1.2552,1.25545,5.50,6.90
2008.11.17 01:38:58.222,1.25525,1.25545,1.00,3.30
2008.11.17 01:38:58.452,1.25525,1.2555,1.00,5.70
2008.11.17 01:38:58.951,1.25525,1.2555,1.60,3.30
2008.11.17 01:38:59.171,1.25525,1.25555,5.50,6.90
2008.11.17 01:38:59.411,1.2553,1.25555,1.00,5.70
2008.11.17 01:38:59.701,1.2553,1.25555,1.60,5.70
2008.11.17 01:38:59.931,1.2553,1.25555,5.50,5.70
2008.11.17 01:39:00.101,1.2553,1.2554,4.90,1.20
2008.11.17 01:39:00.321,1.2552,1.2554,5.50,1.20
2008.11.17 01:39:00.551,1.25515,1.2554,5.50,6.90
2008.11.17 01:39:00.841,1.2551,1.25535,11.40,5.70
2008.11.17 01:39:01.081,1.2551,1.25535,5.50,5.70
2008.11.17 01:39:01.730,1.2551,1.25535,4.90,3.30
2008.11.17 01:39:01.960,1.2551,1.2553,3.70,2.40
2008.11.17 01:39:02.191,1.2551,1.25535,4.90,5.70
2008.11.17 01:39:03.290,1.2552,1.25535,1.00,3.30
2008.11.17 01:39:03.570,1.2552,1.25535,7.00,3.30
2008.11.17 01:39:03.921,1.2551,1.2553,11.40,1.20
2008.11.17 01:39:07.439,1.2551,1.2552,1.00,1.20
2008.11.17 01:39:07.659,1.2551,1.2553,4.30,1.80
2008.11.17 01:39:07.889,1.2551,1.2553,6.30,7.50
2008.11.17 01:39:08.179,1.2551,1.2553,1.00,5.70
2008.11.17 01:39:08.469,1.25505,1.2553,5.50,5.70
2008.11.17 01:39:09.658,1.25505,1.2553,5.50,6.00
2008.11.17 01:39:12.808,1.25505,1.2553,5.50,5.70
2008.11.17 01:39:13.148,1.2551,1.2553,1.60,3.30
2008.11.17 01:39:13.508,1.2551,1.25535,5.50,6.30
2008.11.17 01:39:17.617,1.2551,1.25535,5.50,5.70
2008.11.17 01:39:17.957,1.25515,1.2554,5.50,5.70
2008.11.17 01:39:18.746,1.25515,1.25535,3.70,2.40
2008.11.17 01:39:18.976,1.2551,1.25535,5.50,5.70
2008.11.17 01:39:19.206,1.25515,1.2554,3.70,11.70
2008.11.17 01:39:20.626,1.25515,1.2553,3.70,1.80
2008.11.17 01:39:20.736,1.255,1.2553,10.80,13.50
2008.11.17 01:39:21.076,1.255,1.2553,4.90,13.50
2008.11.17 01:39:25.065,1.25495,1.2552,6.10,3.30
2008.11.17 01:39:25.175,1.25495,1.2552,5.50,3.30
2008.11.17 01:39:25.645,1.25495,1.2552,4.90,3.30
2008.11.17 01:39:25.755,1.25495,1.25515,1.00,3.30
2008.11.17 01:39:25.865,1.2549,1.25515,5.50,3.30
2008.11.17 01:39:25.925,1.255,1.25515,1.00,3.30
2008.11.17 01:39:26.335,1.255,1.25515,1.00,3.30
2008.11.17 01:39:26.655,1.25495,1.2552,6.10,5.70
2008.11.17 01:39:26.935,1.255,1.25525,4.90,5.70
2008.11.17 01:39:32.893,1.255,1.2552,3.70,2.40
2008.11.17 01:39:33.173,1.25495,1.2552,5.50,5.70
2008.11.17 01:39:33.403,1.25495,1.25515,3.70,2.40
2008.11.17 01:39:33.673,1.2549,1.25515,4.90,5.70
2008.11.17 01:39:34.883,1.2549,1.25515,6.70,5.70
2008.11.17 01:39:35.003,1.25495,1.25515,1.60,3.30
2008.11.17 01:39:35.233,1.255,1.25515,5.80,3.30
2008.11.17 01:39:35.393,1.25495,1.2552,4.90,5.70
2008.11.17 01:39:35.563,1.2549,1.25515,5.50,5.70
2008.11.17 01:39:35.802,1.2549,1.25515,4.90,5.70
2008.11.17 01:39:37.862,1.25485,1.2551,4.90,5.70
2008.11.17 01:39:38.262,1.2548,1.25505,4.90,5.70
2008.11.17 01:39:39.002,1.2548,1.255,3.70,2.40
2008.11.17 01:39:39.222,1.25485,1.2551,4.90,5.70
2008.11.17 01:39:39.392,1.25485,1.2551,4.90,17.50
2008.11.17 01:39:39.851,1.25485,1.2551,4.90,5.70
2008.11.17 01:39:45.870,1.2549,1.2551,1.00,3.30
2008.11.17 01:39:46.100,1.2549,1.25515,4.90,5.70
2008.11.17 01:39:46.220,1.25495,1.2552,4.90,5.70
2008.11.17 01:39:48.459,1.255,1.25525,4.90,6.30
2008.11.17 01:39:50.399,1.255,1.2552,3.70,2.40
2008.11.17 01:39:50.579,1.25495,1.2552,6.10,5.70
2008.11.17 01:39:50.629,1.25495,1.2552,4.90,5.70
2008.11.17 01:39:51.099,1.25495,1.25515,3.70,2.40
2008.11.17 01:39:51.219,1.2549,1.25515,4.90,5.70
2008.11.17 01:39:53.768,1.2549,1.255,7.00,1.20
2008.11.17 01:39:54.108,1.2549,1.255,5.80,1.20
2008.11.17 01:39:54.438,1.25475,1.255,4.90,1.20
2008.11.17 01:39:57.427,1.25475,1.25495,3.70,3.60
2008.11.17 01:39:57.547,1.2547,1.25495,4.90,6.90
2008.11.17 01:39:58.697,1.25465,1.2549,4.90,5.70
2008.11.17 01:39:59.637,1.25465,1.2548,3.70,2.40
2008.11.17 01:39:59.856,1.2546,1.2548,7.50,7.50
2008.11.17 01:40:00.187,1.25455,1.2548,4.90,7.50
2008.11.17 01:40:01.806,1.25465,1.2548,4.90,1.80
2008.11.17 01:40:02.096,1.25465,1.25475,4.90,1.20
2008.11.17 01:40:02.316,1.25465,1.2549,4.90,5.70
2008.11.17 01:40:05.775,1.2548,1.2549,1.00,5.70
2008.11.17 01:40:10.694,1.2546,1.2549,4.90,5.70
2008.11.17 01:40:15.743,1.25475,1.2549,4.90,2.40
2008.11.17 01:40:15.803,1.25475,1.255,4.90,21.70
2008.11.17 01:40:15.923,1.25475,1.255,4.90,9.90
2008.11.17 01:40:15.983,1.25475,1.255,4.90,8.70
2008.11.17 01:40:19.372,1.25475,1.2549,4.90,1.80
2008.11.17 01:40:19.542,1.25475,1.2549,3.70,4.20
2008.11.17 01:40:19.832,1.2546,1.25485,4.90,5.70
2008.11.17 01:40:25.010,1.25465,1.25485,1.00,3.30
2008.11.17 01:40:25.230,1.25465,1.2549,4.90,5.70
2008.11.17 01:40:34.028,1.2547,1.2549,3.70,2.40
2008.11.17 01:40:34.308,1.2547,1.25495,4.90,5.70
2008.11.17 01:40:35.008,1.2547,1.25495,5.50,5.70
2008.11.17 01:40:36.098,1.25475,1.25495,1.00,3.30
2008.11.17 01:40:36.148,1.25475,1.25495,4.00,3.30
2008.11.17 01:40:36.318,1.25475,1.255,4.90,8.70
2008.11.17 01:40:38.607,1.25475,1.2549,3.70,2.40
2008.11.17 01:40:38.897,1.25465,1.2549,4.90,7.50
2008.11.17 01:40:39.067,1.2546,1.25485,10.80,5.70
2008.11.17 01:40:39.297,1.2546,1.25485,4.90,5.70
2008.11.17 01:40:40.227,1.2546,1.2548,3.70,2.40
2008.11.17 01:40:40.407,1.25455,1.2548,5.50,5.70
2008.11.17 01:40:40.567,1.25455,1.2548,4.90,5.70
2008.11.17 01:40:41.927,1.2546,1.2548,1.00,3.30
2008.11.17 01:40:42.176,1.2546,1.25485,4.90,11.70
2008.11.17 01:40:42.416,1.2546,1.25485,4.90,5.70
2008.11.17 01:40:46.115,1.2546,1.25485,4.90,6.90
2008.11.17 01:40:56.623,1.2546,1.2548,3.70,2.40
2008.11.17 01:40:56.913,1.25455,1.2548,4.50,5.70
2008.11.17 01:40:57.083,1.25455,1.2548,4.00,6.90
2008.11.17 01:41:00.302,1.25455,1.2548,3.70,6.90
2008.11.17 01:41:00.472,1.2545,1.25475,4.50,3.30
2008.11.17 01:41:00.522,1.2545,1.25475,4.50,5.70
2008.11.17 01:41:00.642,1.2545,1.25475,4.00,6.90
2008.11.17 01:41:09.510,1.2545,1.2547,4.00,1.20
2008.11.17 01:41:09.690,1.25445,1.2547,4.60,8.70
2008.11.17 01:41:09.860,1.25445,1.2547,4.00,8.70
2008.11.17 01:41:11.379,1.2545,1.2547,1.00,6.30
2008.11.17 01:41:11.489,1.25455,1.25475,4.00,2.40
2008.11.17 01:41:11.599,1.25455,1.25475,4.00,1.20
2008.11.17 01:41:11.879,1.25455,1.2548,4.00,8.70
2008.11.17 01:41:12.059,1.2545,1.25475,9.30,5.70
2008.11.17 01:41:12.239,1.2545,1.25475,7.50,5.70
2008.11.17 01:41:12.469,1.2545,1.25475,4.00,6.90
2008.11.17 01:41:12.919,1.25455,1.2548,4.00,8.70
2008.11.17 01:41:14.539,1.2545,1.25475,7.50,5.70
2008.11.17 01:41:14.769,1.2545,1.25475,4.00,6.90
2008.11.17 01:41:16.318,1.2545,1.2547,6.60,3.30
2008.11.17 01:41:16.498,1.25445,1.2547,4.50,7.50
2008.11.17 01:41:16.678,1.25445,1.2547,4.00,8.70
2008.11.17 01:41:19.057,1.25445,1.25465,4.00,1.20
2008.11.17 01:41:19.287,1.2544,1.25465,4.00,6.90
2008.11.17 01:41:19.517,1.25435,1.2546,5.20,6.90
2008.11.17 01:41:19.737,1.2544,1.25465,4.00,6.90
2008.11.17 01:41:26.686,1.2544,1.2546,3.70,2.40
2008.11.17 01:41:26.736,1.25435,1.2546,4.50,5.70
2008.11.17 01:41:27.035,1.25435,1.2546,4.00,6.90
2008.11.17 01:41:27.785,1.2544,1.2546,5.80,1.20
2008.11.17 01:41:28.125,1.2544,1.25465,9.30,3.30
2008.11.17 01:41:28.465,1.2544,1.25465,9.30,5.70
2008.11.17 01:41:28.815,1.2544,1.25465,9.30,3.30
2008.11.17 01:41:29.325,1.25445,1.2547,4.00,8.70
2008.11.17 01:41:29.625,1.2544,1.25465,4.50,5.70
2008.11.17 01:41:29.915,1.2544,1.2546,3.70,3.60
2008.11.17 01:41:30.035,1.25435,1.2546,4.00,6.90
2008.11.17 01:41:30.085,1.2544,1.2546,6.00,4.50
2008.11.17 01:41:30.195,1.2544,1.2546,4.00,1.20
2008.11.17 01:41:30.315,1.25445,1.2547,4.00,9.90
2008.11.17 01:41:30.375,1.25445,1.2547,4.00,14.50
2008.11.17 01:41:30.645,1.25445,1.25465,3.70,2.40
2008.11.17 01:41:30.705,1.2544,1.25465,9.30,5.70
2008.11.17 01:41:30.825,1.25445,1.25465,4.30,3.30
2008.11.17 01:41:30.875,1.25445,1.2547,4.00,8.70
2008.11.17 01:41:32.055,1.2544,1.2546,6.60,3.30
2008.11.17 01:41:32.234,1.25435,1.2546,4.60,6.90
2008.11.17 01:41:32.414,1.25435,1.2546,4.00,6.90
2008.11.17 01:41:32.594,1.2543,1.25455,9.90,6.90
2008.11.17 01:41:32.874,1.2543,1.25455,4.00,6.90
2008.11.17 01:41:33.274,1.25435,1.25455,4.00,1.20
2008.11.17 01:41:33.624,1.25435,1.2546,4.00,6.90
2008.11.17 01:41:34.674,1.2544,1.2546,4.00,1.20
2008.11.17 01:41:35.004,1.2544,1.25465,4.00,6.90
2008.11.17 01:41:35.693,1.2544,1.25455,3.70,3.60
2008.11.17 01:41:35.864,1.2543,1.25455,9.90,6.90
2008.11.17 01:41:36.204,1.2543,1.25455,4.00,6.90
2008.11.17 01:41:39.982,1.2543,1.2545,3.70,3.60
2008.11.17 01:41:40.043,1.25425,1.2545,4.00,6.90
2008.11.17 01:41:40.212,1.25425,1.2545,4.00,5.70
2008.11.17 01:41:41.782,1.2543,1.25455,4.00,5.70
2008.11.17 01:41:42.482,1.2544,1.25465,4.00,5.70
2008.11.17 01:41:44.841,1.25435,1.2546,4.00,5.70
2008.11.17 01:41:46.801,1.2544,1.25465,4.00,11.70
2008.11.17 01:41:46.971,1.2544,1.25465,4.00,5.70
2008.11.17 01:41:55.189,1.25445,1.2547,4.50,7.50
2008.11.17 01:41:55.249,1.25445,1.2547,4.00,7.50
2008.11.17 01:42:07.636,1.2545,1.2547,1.00,5.10
2008.11.17 01:42:07.746,1.2545,1.25475,4.00,12.90
2008.11.17 01:42:07.806,1.2545,1.25475,4.00,6.90
2008.11.17 01:42:08.276,1.2545,1.25475,4.00,5.70
2008.11.17 01:42:16.223,1.2546,1.25475,1.00,5.70
2008.11.17 01:42:16.274,1.25465,1.25475,3.70,2.40
2008.11.17 01:42:16.454,1.25465,1.2548,4.00,1.80
2008.11.17 01:42:16.514,1.25465,1.25475,4.00,1.20
2008.11.17 01:42:16.853,1.25465,1.2549,4.00,11.10
2008.11.17 01:42:17.083,1.2547,1.25485,4.00,1.20
2008.11.17 01:42:17.374,1.25475,1.25485,4.00,1.20
2008.11.17 01:42:17.653,1.25475,1.255,4.00,5.70
2008.11.17 01:42:21.592,1.25475,1.2549,3.70,2.40
2008.11.17 01:42:21.702,1.25465,1.2549,4.00,7.50
2008.11.17 01:42:24.212,1.25475,1.2549,4.00,1.80
2008.11.17 01:42:24.382,1.25475,1.25495,4.00,6.00
2008.11.17 01:42:24.552,1.25475,1.255,4.00,17.50
2008.11.17 01:42:24.722,1.25475,1.255,4.00,11.50
2008.11.17 01:42:24.911,1.25475,1.255,4.00,5.70
2008.11.17 01:42:27.711,1.2548,1.255,1.00,3.30
2008.11.17 01:42:27.771,1.2548,1.25505,4.00,5.70
2008.11.17 01:42:27.891,1.2548,1.255,4.00,1.80
2008.11.17 01:42:28.002,1.2548,1.255,3.70,4.20
2008.11.17 01:42:28.411,1.2548,1.255,6.00,5.10
2008.11.17 01:42:28.741,1.2548,1.25505,4.00,11.70
2008.11.17 01:42:29.131,1.2548,1.25505,4.00,5.70
2008.11.17 01:42:29.720,1.25475,1.255,4.00,7.50
2008.11.17 01:42:30.640,1.2548,1.255,1.00,5.10
2008.11.17 01:42:30.760,1.2548,1.25505,4.00,12.90
2008.11.17 01:42:30.990,1.2548,1.25505,4.00,11.70
2008.11.17 01:42:31.100,1.2548,1.25505,4.00,5.70
2008.11.17 01:42:31.850,1.25485,1.2551,4.00,14.70
2008.11.17 01:42:32.200,1.25485,1.2551,4.00,8.70
2008.11.17 01:42:32.940,1.255,1.2551,1.00,6.90
2008.11.17 01:42:33.169,1.255,1.2551,1.00,4.50
2008.11.17 01:42:33.339,1.255,1.25535,4.50,17.50
2008.11.17 01:42:33.749,1.2551,1.25535,4.00,2.40
2008.11.17 01:42:34.109,1.255,1.25525,11.80,8.70
2008.11.17 01:42:34.489,1.25495,1.2552,4.00,8.70
2008.11.17 01:42:35.119,1.2549,1.25515,7.50,5.70
2008.11.17 01:42:35.509,1.2549,1.25515,4.00,6.90
2008.11.17 01:42:36.219,1.25485,1.2551,4.00,6.90
2008.11.17 01:42:37.359,1.25495,1.2551,4.00,1.20
2008.11.17 01:42:37.598,1.25495,1.2552,4.00,20.50
2008.11.17 01:42:37.878,1.25495,1.2552,4.00,14.50
2008.11.17 01:42:38.118,1.25495,1.2552,4.00,8.70
2008.11.17 01:42:40.438,1.2549,1.25515,5.10,5.70
2008.11.17 01:42:40.558,1.2549,1.25515,4.60,6.90
2008.11.17 01:42:40.678,1.2549,1.25505,4.30,2.40
2008.11.17 01:42:40.898,1.2548,1.25505,11.70,6.90
2008.11.17 01:42:41.068,1.2549,1.25505,5.80,4.50
2008.11.17 01:42:41.228,1.25485,1.25505,4.00,1.20
2008.11.17 01:42:41.398,1.25485,1.2551,4.00,6.90
2008.11.17 01:42:41.748,1.2548,1.25505,4.00,6.90
2008.11.17 01:42:43.397,1.2548,1.25505,4.60,5.70
2008.11.17 01:42:43.567,1.25485,1.2551,4.00,6.90
2008.11.17 01:42:43.917,1.25485,1.2551,5.20,6.90
2008.11.17 01:42:44.187,1.25495,1.2551,4.00,1.20
2008.11.17 01:42:44.537,1.25495,1.2552,4.00,14.50
2008.11.17 01:42:44.767,1.25495,1.2552,4.00,8.70
2008.11.17 01:42:48.296,1.2549,1.25515,4.00,6.90
2008.11.17 01:42:49.406,1.2549,1.25515,4.50,5.70
2008.11.17 01:42:49.616,1.25495,1.2552,4.00,8.70
2008.11.17 01:42:49.786,1.25495,1.2552,4.00,6.90
2008.11.17 01:42:51.505,1.2549,1.25515,4.00,6.90
2008.11.17 01:42:53.884,1.25495,1.25515,1.00,6.90
2008.11.17 01:42:54.285,1.25495,1.2552,4.00,6.90
2008.11.17 01:42:55.334,1.2549,1.25515,4.50,5.70
2008.11.17 01:42:55.504,1.2549,1.25515,4.00,6.90
2008.11.17 01:42:55.784,1.25495,1.25515,1.00,3.30
2008.11.17 01:42:55.954,1.25495,1.2552,4.00,6.90
2008.11.17 01:42:57.074,1.255,1.25525,4.00,7.50
2008.11.17 01:42:57.894,1.2551,1.25525,1.00,6.30
2008.11.17 01:42:58.124,1.2551,1.25525,7.50,1.80
2008.11.17 01:42:58.623,1.25515,1.25535,4.00,1.80
2008.11.17 01:42:59.313,1.25515,1.2554,4.00,8.70
2008.11.17 01:43:01.893,1.25525,1.2554,1.00,8.70
2008.11.17 01:43:02.063,1.25525,1.2554,4.00,1.20
2008.11.17 01:43:02.223,1.25525,1.25535,4.00,1.20
2008.11.17 01:43:02.503,1.25525,1.2555,4.00,18.70
2008.11.17 01:43:02.673,1.25525,1.2555,4.50,11.50
2008.11.17 01:43:03.373,1.2553,1.25555,3.70,6.90
2008.11.17 01:43:04.042,1.2553,1.2555,3.70,2.40
2008.11.17 01:43:04.382,1.25525,1.2555,4.00,6.90
2008.11.17 01:43:05.592,1.25525,1.2555,4.00,5.70
2008.11.17 01:43:05.772,1.2553,1.2555,3.70,2.40
2008.11.17 01:43:06.002,1.2553,1.25555,4.00,6.30
2008.11.17 01:43:07.231,1.25535,1.2556,4.00,11.70
2008.11.17 01:43:07.511,1.25535,1.2556,4.50,5.70
2008.11.17 01:43:07.681,1.2554,1.25555,5.80,5.70
2008.11.17 01:43:07.901,1.2553,1.25555,9.90,5.70
2008.11.17 01:43:08.241,1.2553,1.25555,4.00,6.30
2008.11.17 01:43:08.641,1.2553,1.25555,7.50,5.70
2008.11.17 01:43:09.091,1.2553,1.25555,4.60,5.70
2008.11.17 01:43:09.371,1.2553,1.25555,4.00,5.70
2008.11.17 01:43:09.951,1.2553,1.2555,5.80,1.80
2008.11.17 01:43:10.580,1.25535,1.2555,1.00,1.80
2008.11.17 01:43:10.641,1.25535,1.25555,1.00,6.30
2008.11.17 01:43:10.870,1.25535,1.2555,4.00,3.00
2008.11.17 01:43:10.980,1.25535,1.2556,4.00,7.50
2008.11.17 01:43:11.151,1.25535,1.2556,4.00,5.70
2008.11.17 01:43:11.380,1.25535,1.2556,4.50,5.70
2008.11.17 01:43:12.010,1.25535,1.2556,4.30,7.50
2008.11.17 01:43:12.180,1.2554,1.2556,5.80,7.50
2008.11.17 01:43:12.410,1.2553,1.2556,12.10,7.50
2008.11.17 01:43:12.700,1.25545,1.25565,1.80,16.50
2008.11.17 01:43:13.170,1.25545,1.2556,4.80,5.70
2008.11.17 01:43:13.570,1.2554,1.2556,1.80,5.10
2008.11.17 01:43:13.910,1.25535,1.2556,4.00,5.10
2008.11.17 01:43:14.320,1.2554,1.2556,1.80,7.50
2008.11.17 01:43:14.839,1.2554,1.2556,1.80,5.10
2008.11.17 01:43:15.760,1.2554,1.2556,5.80,1.80
2008.11.17 01:43:19.208,1.2554,1.2556,5.80,1.80
2008.11.17 01:43:21.788,1.2554,1.2556,5.70,4.20
2008.11.17 01:43:22.008,1.2554,1.25565,6.40,3.30
2008.11.17 01:43:22.228,1.25545,1.25565,1.00,3.30
2008.11.17 01:43:22.568,1.25545,1.2557,4.00,7.50
2008.11.17 01:43:22.788,1.25535,1.25565,11.80,3.30
2008.11.17 01:43:23.488,1.25545,1.25565,1.00,3.30
2008.11.17 01:43:24.587,1.25545,1.2557,4.30,7.50
2008.11.17 01:43:24.867,1.25545,1.2557,4.50,7.50
2008.11.17 01:43:25.337,1.25545,1.25565,1.00,3.30
2008.11.17 01:43:26.667,1.2555,1.25565,1.00,3.30
2008.11.17 01:43:26.896,1.2555,1.2557,1.00,5.70
2008.11.17 01:43:27.127,1.2555,1.2557,6.30,5.70
2008.11.17 01:43:33.115,1.25555,1.2557,3.70,2.40
2008.11.17 01:43:33.225,1.2556,1.2557,1.80,2.40
2008.11.17 01:43:33.335,1.2556,1.2558,1.80,8.70
2008.11.17 01:43:33.515,1.2556,1.2558,2.20,7.50
2008.11.17 01:43:33.875,1.25565,1.25585,1.00,3.30
2008.11.17 01:43:38.464,1.2557,1.25585,1.00,3.30
2008.11.17 01:43:38.744,1.2558,1.25595,1.00,3.30
2008.11.17 01:43:39.204,1.2559,1.25605,2.20,9.30
2008.11.17 01:43:39.544,1.2559,1.2561,2.20,9.90
2008.11.17 01:43:40.274,1.2559,1.2561,6.30,2.40
2008.11.17 01:43:40.563,1.25605,1.2561,3.10,2.40
2008.11.17 01:43:40.734,1.25615,1.25635,1.00,14.80
2008.11.17 01:43:41.023,1.2562,1.25635,1.00,6.00
2008.11.17 01:43:41.253,1.25625,1.25635,1.00,5.80
2008.11.17 01:43:41.613,1.25625,1.2565,1.00,6.90
2008.11.17 01:43:41.843,1.25625,1.25645,1.00,5.70
2008.11.17 01:43:42.493,1.2562,1.25645,4.00,5.70
2008.11.17 01:43:42.783,1.2562,1.25635,3.70,2.40
2008.11.17 01:43:43.413,1.2561,1.25635,4.00,5.70
2008.11.17 01:43:44.043,1.2561,1.25635,7.50,5.70
2008.11.17 01:43:44.662,1.2562,1.25635,3.00,5.70
2008.11.17 01:43:44.992,1.25615,1.25635,4.80,7.50
2008.11.17 01:43:45.342,1.25615,1.25635,5.20,7.50
2008.11.17 01:43:45.452,1.25615,1.25635,5.80,7.50
2008.11.17 01:43:45.632,1.2562,1.25635,1.80,2.40
2008.11.17 01:43:45.792,1.25625,1.2564,1.80,3.30
2008.11.17 01:43:46.092,1.25615,1.25635,5.80,7.50
2008.11.17 01:43:46.262,1.25615,1.25635,8.80,1.80
2008.11.17 01:43:47.112,1.2563,1.2564,3.00,1.80
2008.11.17 01:43:47.572,1.2563,1.25635,3.00,7.50
2008.11.17 01:43:47.972,1.25615,1.2563,4.00,1.80
2008.11.17 01:43:48.422,1.25605,1.25625,9.30,1.80
2008.11.17 01:43:48.761,1.25605,1.25625,8.80,1.80
2008.11.17 01:43:49.331,1.256,1.2562,9.30,1.80
2008.11.17 01:43:49.621,1.256,1.2562,5.80,1.80
2008.11.17 01:43:50.671,1.25605,1.25625,1.80,10.50
2008.11.17 01:43:51.241,1.256,1.2562,4.80,7.50
2008.11.17 01:43:51.411,1.256,1.2562,1.80,7.50
2008.11.17 01:43:51.641,1.25595,1.2562,4.60,7.50
2008.11.17 01:43:51.871,1.256,1.2562,1.90,7.50
2008.11.17 01:43:52.101,1.256,1.25625,6.30,5.70
2008.11.17 01:43:52.331,1.256,1.25625,5.80,5.70
2008.11.17 01:43:52.571,1.25595,1.2562,4.50,5.70
2008.11.17 01:43:52.960,1.2561,1.2563,7.50,1.80
2008.11.17 01:43:53.320,1.2562,1.25645,1.80,6.90
2008.11.17 01:43:53.620,1.2562,1.2565,1.80,4.20
2008.11.17 01:43:54.490,1.2563,1.2565,2.20,9.90
2008.11.17 01:43:54.780,1.2563,1.2564,5.80,5.70
2008.11.17 01:43:55.220,1.2563,1.25635,5.80,3.30
2008.11.17 01:43:55.390,1.25605,1.25635,11.80,5.70
2008.11.17 01:43:55.680,1.25615,1.25635,5.80,5.70
2008.11.17 01:43:55.970,1.256,1.25635,4.50,5.70
2008.11.17 01:43:56.200,1.256,1.2563,4.50,5.70
2008.11.17 01:44:00.238,1.2561,1.25635,5.80,5.70
2008.11.17 01:44:00.458,1.2561,1.25635,6.30,5.70
2008.11.17 01:44:01.088,1.256,1.25625,27.30,1.80
2008.11.17 01:44:01.698,1.25605,1.25625,1.80,10.50
2008.11.17 01:44:01.978,1.25595,1.2562,15.30,1.80
2008.11.17 01:44:02.208,1.256,1.2562,1.80,7.50
2008.11.17 01:44:03.458,1.25595,1.2561,9.30,1.20
2008.11.17 01:44:03.678,1.25595,1.2561,9.10,1.20
2008.11.17 01:44:03.908,1.25595,1.2561,4.80,1.20
2008.11.17 01:44:05.128,1.25585,1.2561,6.40,8.70
2008.11.17 01:44:05.367,1.2559,1.25605,3.40,2.40
2008.11.17 01:44:05.487,1.25595,1.25605,3.00,5.70
2008.11.17 01:44:05.647,1.25575,1.25605,10.60,5.70
2008.11.17 01:44:05.817,1.2558,1.25605,4.00,5.70
2008.11.17 01:44:05.927,1.2558,1.2559,3.70,2.40
2008.11.17 01:44:06.107,1.2558,1.2559,5.80,5.70
2008.11.17 01:44:06.277,1.25565,1.2559,15.70,3.30
2008.11.17 01:44:06.437,1.2557,1.25585,6.00,3.30
2008.11.17 01:44:06.907,1.2558,1.2559,1.80,6.00
2008.11.17 01:44:07.257,1.2558,1.256,1.80,8.70
2008.11.17 01:44:08.477,1.2558,1.256,1.20,7.50
2008.11.17 01:44:09.296,1.2558,1.256,1.80,7.50
2008.11.17 01:44:10.056,1.25575,1.25595,8.80,1.80
2008.11.17 01:44:11.666,1.25575,1.25595,4.90,5.10
2008.11.17 01:44:11.846,1.25575,1.25595,4.80,5.10
2008.11.17 01:44:12.595,1.25575,1.25595,4.90,5.10
2008.11.17 01:44:12.826,1.2558,1.256,1.80,7.50
2008.11.17 01:44:15.895,1.2558,1.256,1.90,5.10
2008.11.17 01:44:16.005,1.2558,1.25605,5.80,6.90
2008.11.17 01:44:16.295,1.25585,1.25605,3.70,2.40
2008.11.17 01:44:16.574,1.25585,1.2561,4.50,5.70
2008.11.17 01:44:18.594,1.25585,1.2561,5.70,5.70
2008.11.17 01:44:18.954,1.25585,1.2561,5.10,5.70
2008.11.17 01:44:19.354,1.2559,1.25605,6.40,5.70
2008.11.17 01:44:19.864,1.2559,1.25605,1.00,5.70
2008.11.17 01:44:21.533,1.2559,1.256,1.00,7.50
2008.11.17 01:44:22.113,1.2559,1.256,1.00,1.80
2008.11.17 01:44:22.344,1.25595,1.2561,4.80,1.20
2008.11.17 01:44:22.573,1.256,1.25615,1.80,12.90
2008.11.17 01:44:22.913,1.256,1.2562,1.80,20.40
2008.11.17 01:44:23.204,1.256,1.2561,1.80,2.40
2008.11.17 01:44:23.433,1.256,1.2561,5.80,5.70
2008.11.17 01:44:23.773,1.25585,1.2561,5.10,5.70
2008.11.17 01:44:26.612,1.25585,1.25605,4.90,2.40
2008.11.17 01:44:26.832,1.25585,1.25605,4.30,2.40
2008.11.17 01:44:26.952,1.2559,1.25605,6.40,5.70
2008.11.17 01:44:27.302,1.2559,1.25605,1.00,5.70
2008.11.17 01:44:28.612,1.2559,1.25605,1.00,3.30
2008.11.17 01:44:28.902,1.25595,1.25615,1.80,10.50
2008.11.17 01:44:29.192,1.25595,1.25605,1.80,5.70
2008.11.17 01:44:29.542,1.25595,1.25605,4.20,5.70
2008.11.17 01:44:29.922,1.2559,1.25605,1.00,5.70
2008.11.17 01:44:30.461,1.2559,1.256,1.00,1.80
2008.11.17 01:44:30.731,1.2559,1.256,1.00,7.50
2008.11.17 01:44:31.471,1.25585,1.256,5.20,3.30
2008.11.17 01:44:31.651,1.25585,1.25605,5.50,8.10
2008.11.17 01:44:31.821,1.25585,1.25605,2.40,10.50
2008.11.17 01:44:32.161,1.25585,1.25605,5.40,7.50
2008.11.17 01:44:32.451,1.2559,1.256,1.00,1.80
2008.11.17 01:44:32.741,1.2558,1.256,5.80,1.80
2008.11.17 01:44:33.561,1.2558,1.256,1.90,5.10
2008.11.17 01:44:33.860,1.2558,1.256,1.80,7.50
2008.11.17 01:44:37.749,1.2558,1.256,5.50,1.80
2008.11.17 01:44:38.909,1.2558,1.256,1.80,7.50
2008.11.17 01:44:41.179,1.2558,1.256,7.00,1.80
2008.11.17 01:44:41.299,1.25585,1.25605,1.80,11.70
2008.11.17 01:44:41.599,1.25585,1.25605,1.80,10.50
2008.11.17 01:44:41.829,1.25585,1.25605,4.80,10.50
2008.11.17 01:44:41.998,1.25585,1.25605,4.80,7.50
2008.11.17 01:44:42.339,1.25585,1.256,1.80,3.30
2008.11.17 01:44:42.509,1.25575,1.256,12.90,5.10
2008.11.17 01:44:42.988,1.2558,1.256,5.80,1.80
2008.11.17 01:44:51.626,1.2558,1.256,6.30,1.80
2008.11.17 01:44:51.906,1.25588,1.25598,5.20,6.00
2008.11.17 01:44:52.186,1.25586,1.25606,1.20,6.90
2008.11.17 01:44:52.426,1.25588,1.25608,1.20,8.10
2008.11.17 01:44:52.826,1.2559,1.25625,4.00,5.70
2008.11.17 01:44:55.175,1.256,1.2562,3.70,2.40
2008.11.17 01:44:55.235,1.25595,1.2562,4.00,5.70
2008.11.17 01:44:56.215,1.256,1.2562,1.00,3.30
2008.11.17 01:44:56.275,1.256,1.25625,4.00,5.70
2008.11.17 01:44:58.055,1.25605,1.2563,4.50,5.70
2008.11.17 01:44:58.804,1.256,1.25625,12.10,5.70
2008.11.17 01:44:59.264,1.256,1.25625,6.30,5.70
